2858 4492
212 347 277 414 306
405 341 542 410 NOTAE
566 342 614 404 IN
640 338 837 405 GARMEN
861 341 1060 410 PRIMUM

208 472 334 528 Salmasio
347 474 502 543 refragatur.
522 469 624 539 Pergit:
642 465 815 520 sSurrentini
831 477 929 522 montes
945 469 1015 522 cirea
1032 469 1209 528 Surrentum
1228 489 1255 530 et

207 555 339 609 Sireniani
348 551 449 625 scopuli
465 551 518 601 sire
533 559 632 600 montes
647 559 699 599 tres
716 565 801 618 parvm
816 547 907 600 insulse
924 547 1049 618 deserte,
1063 551 1186 622 rumiliac
1199 575 1255 629 qm

208 649 234 689 et
247 635 392 704 terpeteius
406 629 575 694 dicebantur,
592 624 626 678 de
640 625 737 698 quibus
752 625 859 692 Strabo,
874 626 919 680 lib.
933 631 952 680 l.
966 653 977 676 ι
994 631 1077 683 lmmo
1089 635 1256 689 etSireniani

207 729 306 770 montes
320 729 394 768 erant
408 715 478 766 eirca
492 709 660 774 Surrentum,
676 723 707 761 ut
719 727 751 760 ex
763 709 883 760 Frontini
895 707 956 762 loco
967 729 1049 784 supra
1059 712 1175 768 adducto
1185 716 1254 770 clere

208 809 296 868 petet:
310 807 400 848 nerret
412 793 483 844 enim
494 807 585 862 aprum
597 788 795 854 Surrentinum,
810 790 856 860 qui
866 789 975 858 jacebat
989 791 1058 843 eirea
1071 808 1171 848 montes
1184 797 1253 850 Sim-

208 878 312 943 nianos,
327 872 452 926 militibus
466 868 627 940 Augttstunis
642 884 691 937 pro
705 879 780 938 perte
792 868 952 937 assignatum
963 867 1062 922 fuisses
1075 885 1102 923 et
1114 872 1192 944 plane
1206 875 1254 928 du·

207 972 249 1009 ees
263 956 370 1023 Strabo,
384 953 430 1006 lib.
443 952 455 1002 l
463 988 472 1016 ,
487 968 515 1021 p.
530 947 575 1016 15,
588 950 610 1000 si
623 946 709 1000 verbis
720 950 778 1019 ejus
790 947 911 1002 attendes
925 972 932 1000 ι
947 947 994 1002 sed
1008 951 1037 1004 in
1050 949 1102 1004 boo
1119 967 1191 1009 totns
1207 959 1254 1010 viri

207 1040 312 1091 maximi
323 1054 398 1089 error
405 1033 531 1096 vertitur,
547 1027 620 1102 qnod
634 1047 689 1080 non
701 1027 840 1097 distinguit
853 1027 986 1082 Sirenusas
998 1031 1098 1085 insulas
1112 1054 1127 1087 a
1139 1037 1254 1092 Simia-

207 1120 246 1170 nis
258 1115 402 1178 montibus,
415 1111 460 1184 qui
473 1107 581 1181 quidem
592 1107 688 1160 diversi
701 1120 790 1175 erunt,
805 1120 836 1159 ut
851 1106 999 1162 luculenter
1011 1108 1109 1164 ibidem
1125 1131 1255 1174 monstrat

194 1194 299 1248 'Strabo
316 1215 322 1246 ε
339 1191 425 1258 uude,
441 1207 523 1260 quum
538 1205 616 1238 voees
632 1185 750 1259 scopulos
766 1198 793 1238 et
809 1204 871 1238 saxu
890 1200 916 1238 et
932 1205 1006 1258 rupes
1021 1187 1140 1242 Sirenum
1153 1205 1206 1246 tam
1218 1193 1253 1250 de

206 1274 297 1327 imur
306 1271 432 1326 Simmir
444 1285 523 1338 quam
536 1266 569 1318 de
583 1267 715 1323 muricibus
727 1265 872 1320 Sireniauit
881 1279 1022 1338 ustupaus
1034 1268 1202 1326 observasset
1214 1278 1254 1327 vir

205 1351 388 1416 doctissimus,
400 1347 469 1401 mele
480 1343 617 1406 contuitu
631 1355 658 1396 et
669 1341 744 1415 quod
756 1342 870 1396 duorum
882 1359 953 1412 ertu,
967 1348 995 1396 in
1011 1363 1096 1400 unum
1109 1355 1252 1424 compegit.

205 1431 330 1506 Sequitur
344 1452 350 1482 r
369 1430 488 1494 :fisenus
501 1424 681 1479 Surrentinum
696 1422 793 1477 Villam
809 1423 885 1478 Pollii
898 1427 966 1480 inter
979 1427 1099 1482 Sirenum
1112 1443 1213 1486 montes
1226 1446 1253 1486 et

204 1512 417 1585 promontorium
430 1510 551 1562 Minerru
566 1506 643 1556 sitem
656 1505 737 1556 fuisse
752 1502 846 1571 ducet,
859 1506 887 1557 in
901 1506 1036 1558 montibus
1051 1511 1176 1564 nimirum
1190 1512 1253 1564 Sur-

206 1595 345 1651 rentium..
362 1593 424 1644 Non
437 1591 506 1640 inter
518 1583 638 1638 Sirenum
653 1594 753 1635 montes
767 1595 793 1635 et
806 1585 1019 1655 promontorium
1038 1587 1161 1641 Minervae
1175 1593 1253 1644 sitem

205 1667 275 1726 bano
286 1669 383 1724 Villam
400 1666 480 1720 docet
494 1667 604 1732 Statius,
620 1661 667 1716 sed
682 1665 750 1715 inter
767 1674 841 1718 notos
857 1663 979 1717 Sirenum
997 1667 1104 1720 nomine
1121 1687 1209 1723 murus
1226 1685 1253 1723 et

205 1753 418 1823 promontorium
433 1749 562 1800 Minerrae.
578 1745 683 1812 Pergit:
699 1741 762 1794 «sic
777 1742 836 1794 ille:

389 1845 432 1889 Est
440 1846 500 1888 inter
508 1847 571 1886 nome
580 1839 683 1885 Sirenum
692 1840 780 1884 nomine
789 1853 864 1884 muros

388 1917 496 1978 Saxoqw
506 1909 627 1970 Tyrrlrsuoe
637 1907 725 1972 templis
733 1917 827 1955 onerum
837 1907 947 1954 Minervoe

389 1984 454 2031 Celso
465 1979 585 2029 Dicarchei
591 1977 729 2043 speculati-uc
738 1977 792 2026 villu
799 1979 910 2043 profundi
912 2015 917 2024 .

205 2078 254 2132 Per
264 2071 353 2130 ¹murus
365 2075 484 2127 Sirenum
499 2071 605 2123 nomine
616 2079 690 2122 notos
703 2067 813 2140 intelligi
825 2067 921 2122 debere
934 2081 1035 2126 certum
1049 2085 1088 2126 eet
1100 2073 1252 2130 Sirenianu,

204 2167 323 2208 montes:
340 2153 402 2206 alibi
412 2169 487 2222 rupes
497 2162 587 2215 voest,
597 2150 624 2199 iu
636 2151 715 2200 llere.
730 2149 848 2201 Surrent.
863 2159 937 2200 notas
950 2143 1069 2200 Sirenum
1084 2153 1191 2205 nomine
1205 2172 1251 2205 ru.

203 2253 276 2306 pes.»
291 2231 362 2301 Quid
372 2228 470 2282 audio?
480 2245 527 2298 per
540 2243 627 2280 muros
638 2225 748 2298 intelligi
758 2224 855 2278 debere
865 2227 980 2278 montes?
991 2237 1030 2294 et,
1043 2229 1116 2300 quod
1125 2250 1200 2302 teque
1212 2234 1251 2284 in·

204 2310 372 2365 commodum
383 2322 434 2374 est,
447 2307 468 2357 si
479 2303 553 2358 Pollii
566 2302 635 2356 villa
647 2306 696 2359 site
709 2303 760 2358 luit
771 2307 839 2358 inter
847 2305 998 2358 Sireniunos
1008 2320 1107 2362 montes
1118 2309 1185 2379 (hoo
1196 2324 1250 2380 est,

202 2391 350 2446 secundnm
368 2387 540 2453 salmasium,
558 2383 690 2439 Sirenusas
703 2381 820 2460 insulas)
842 2399 869 2438 et
880 2390 1090 2460 promontorium
1104 2391 1250 2456 Minerua,

203 2471 352 2528 necessario
371 2469 490 2540 seqnitur
508 2485 566 2518 eam
580 2467 606 2517 in
626 2463 694 2519 muri
709 2469 786 2519 sitam
803 2465 902 2519 fuisse:
920 2469 1018 2540 quippe
1035 2473 1250 2542 promontorium

202 2551 273 2606 istud
285 2551 320 2604 sd
329 2568 400 2600 more
410 2543 592 2622 pertingebat,
602 2558 630 2596 ut
641 2545 709 2596 inter
717 2542 784 2597 illud
796 2560 823 2598 et
835 2547 970 2603 Sireuusas
982 2545 1050 2602 nibil
1063 2563 1121 2602 esse
1133 2551 1250 2622 potuerit

202 2647 296 2708 preter
307 2649 405 2706 aquas:
419 2626 491 2700 quod
503 2630 567 2681 satis
579 2627 671 2678 mirum
685 2640 740 2694 est,
753 2627 807 2680 sive
816 2626 889 2680 Villae
901 2625 1116 2696 fundamentum,
1128 2633 1183 2684 sire
1191 2631 1250 2686 su-

205 2715 279 2766 mesii
291 2722 478 2764 commentum.

238 2845 281 2915 69.
301 2841 477 2916 Anqustrsque
486 2839 560 2910 fores
575 2849 724 2912 asuseleque
740 2851 806 2893 tetta
820 2859 968 2915 promamus,
990 2843 1120 2896 Domitius
1138 2866 1144 2894 :
1167 2845 1250 2898 elne·

203 2926 321 2981 mendosi
335 2921 419 2978 Godd.
433 2920 532 2974 habeut
544 2932 655 2975 anneus
666 2933 692 2974 et
699 2923 831 2995 pravulis:
844 2941 894 2974 nos
903 2940 966 2976 reru
979 2924 1101 2998 legimus,
1111 2937 1251 2998 auumque

203 3019 268 3060 teoto
278 3021 419 3080 provamus
431 3000 577 3055 mondum
587 3025 597 3054 r
608 3014 637 3054 ut
650 3004 682 3054 sit
694 3019 800 3067 sensus,
809 3003 877 3054 Dum
890 3003 1002 3073 tegimus
1014 3016 1082 3056 reete
1093 3015 1175 3056 anuto
1187 3019 1249 3058 mn·

201 3084 279 3158 leque
290 3083 417 3137 haerentis
427 3080 564 3134 hiantibus
574 3084 659 3148 rimis,
670 3094 750 3152 etque
761 3084 797 3133 its
809 3081 893 3134 soleto
906 3099 1035 3135 ememus.
1047 3103 1059 3131 s
1073 3085 1146 3136 lieno
1154 3085 1250 3138 Domi·

200 3165 229 3215 tii
241 3163 486 3234 interpretationem
500 3163 595 3214 merito
607 3163 692 3236 rejicit
703 3161 857 3223 (lovanium
872 3163 929 3233 ipse
946 3179 1034 3216 tamen
1047 3179 1149 3232 emens,
1162 3181 1247 3237 quum

200 3241 279 3309 dicit,
294 3243 405 3295 Statium
419 3241 472 3293 hot
486 3241 547 3294 lucu
562 3243 712 3296 describere
725 3243 940 3312 augustissimum
954 3255 981 3296 et
994 3244 1162 3315 magnificum
1176 3257 1248 3297 tem-

202 3323 276 3394 plum
290 3321 384 3375 Dione
396 3320 519 3373 Aricinae.
534 3321 609 3374 Nihil
619 3322 680 3390 hio,
694 3339 729 3376 ne
741 3323 849 3376 verbum
863 3323 985 3396 quidem,
999 3323 1034 3377 de
1044 3325 1144 3398 templo
1155 3327 1249 3379 Diuum

200 3400 330 3461 Aricinoer
343 3417 425 3471 qnnm
436 3398 477 3450 be
489 3401 697 3472 enpustoefores,
709 3401 852 3473 dequibus
868 3401 965 3455 Statius
977 3403 1109 3475 loquutur,
1121 3419 1175 3456 non
1187 3403 1250 3454 An·-

200 3481 246 3532 cioe
264 3491 367 3546 essent,
387 3477 434 3530 sed
455 3477 534 3533 Viuo
550 3481 710 3533 &immune
727 3483 820 3550 Pollii,
841 3483 888 3536 nbi
906 3495 969 3537 tune
982 3483 1137 3536 rermbrtur
1155 3497 1247 3556 poete.

199 3561 351 3613 Gerartinm
364 3556 471 3630 decepit
482 3575 533 3610 vox
550 3559 656 3624 Trivio,
672 3579 731 3634 que
745 3563 933 3635 conjungenda
947 3572 1002 3616 eret
1015 3581 1075 3616 oum
1089 3563 1158 3617 diem
1166 3605 1175 3631 ,
1190 3581 1248 3617 non

200 3654 260 3690 oum
275 3637 325 3690 udo
340 3637 428 3701 litore,
444 3649 490 3689 unt
504 3649 625 3710 aequitas
634 3639 725 3713 fores.-
741 3643 794 3696 dies
807 3643 901 3695 Trivioe
917 3654 957 3696 est
966 3644 1051 3716 seruis
1066 3643 1118 3697 dies
1134 3645 1249 3710 Triuioe,

198 3717 259 3771 idus
271 3715 327 3771 soil.
340 3717 452 3787 Augusti
464 3720 561 3771 mensis
575 3739 580 3770 :
595 3733 626 3771 ut
637 3719 721 3774 Theb.
735 3723 786 3774 Vl:
801 3743 812 3768 ι
827 3761 833 3772 .
845 3758 852 3774 .
863 3759 869 3770 .
881 3759 887 3774 .
898 3721 946 3789 de,
959 3740 1053 3794 perte,
1066 3735 1140 3776 tuum
1152 3725 1249 3776 triste·

197 3797 253 3850 ride
264 3797 345 3850 multa
355 3800 502 3849 instaurare
512 3796 598 3868 diem,
608 3823 619 3846 ι
634 3800 661 3852 id
672 3816 726 3869 est,
738 3815 811 3853 tuum
819 3800 919 3872 festum
928 3802 1012 3868 diem,
1024 3801 1057 3854 de
1067 3802 1247 3856 Arcbsmoro:

197 3881 233 3931 its
246 3877 344 3930 hunni
353 3876 476 3949 proprius
486 3877 550 3946 dies,
559 3879 681 3932 Genethl.
695 3899 719 3934 r.
736 3899 762 3944 ις
776 3891 802 3931 et
814 3881 917 3934 Coesort's
926 3881 1000 3934 ulmo
1012 3882 1078 3951 dies,
1090 3881 1163 3954 apud
1175 3883 1249 3935 Mer·

197 3957 294 4010 tialem.
307 3958 346 4008 De
358 3954 473 4029 reliquo,
486 3957 512 4009 iu
524 3957 609 4011 verbis
619 3959 698 4031 hujus
707 3961 760 4013 loci
769 3958 835 4012 nibil
847 3969 931 4013 mutat
942 3959 1093 4028 Gerertius,
1106 3963 1156 4014 nisi
1169 3961 1248 4036 quod

196 4055 245 4106 pro
258 4037 398 4113 Anpustot,
412 4037 484 4112 quod
501 4040 672 4114 typographis
688 4045 815 4115 imputet,
828 4042 885 4094 vult
901 4041 1050 4116 Arpinus:
1067 4041 1101 4093 de
1113 4059 1168 4115 quo
1180 4061 1247 4096 mox
