2824 4488
395 320 524 384 LIBRI
550 319 720 383 TERTll
745 320 996 384 SlLVARUM.
1147 317 1212 412 395

175 461 205 502 ut
220 445 315 518 Gapitt
330 447 387 497 Esr.
409 467 420 489 s
431 442 509 496 sedat
525 460 601 494 coms
618 443 708 494 saucia
726 441 796 508 Nisi,
814 441 847 494 Et
866 459 945 516 quarn
958 439 1085 512 Sperchio
1099 444 1214 498 tumidus

174 524 297 579 sanabat
308 520 461 583 Achilleu-
477 534 502 573 et
513 521 550 572 its
561 521 676 589 passim
689 519 736 572 scd
747 519 816 572 ultra
828 539 884 572 nou
895 538 1012 592 possum.
1025 519 1159 576 Editioues
1170 543 1214 576 re·

176 621 249 662 tasse
261 605 326 658 nibil
337 617 439 658 mutant
450 603 503 658 boc
515 601 591 656 loco:
604 603 654 654 uisi
666 600 740 673 quod
751 621 802 673 pro
813 602 875 654 soeri
885 603 962 654 Rom.
972 592 1055 656 meisi.

209 689 239 740 ln
248 683 382 738 Addendis
394 695 482 736 autem
491 695 583 754 postea
593 679 664 734 uliud
671 681 724 734 boc
731 682 843 751 subjecit
853 680 1042 736 eruditissimus
1052 681 1212 737 Markland:

175 768 228 820 Diu
236 767 385 836 suspicatus
394 781 466 816 eram
475 775 577 834 partem
585 761 666 833 hujus
675 780 764 816 versus
775 765 915 816 formatam
927 779 985 816 esse
994 781 1025 816 ex
1035 761 1125 815 Senee.
1136 765 1212 818 Herc.

176 847 237 899 OEt.
252 863 276 895 v.
293 843 373 897 1886:
392 843 570 912 sFeriantque
586 860 678 912 graves
692 841 805 894 Maenala
819 843 971 913 planctus.»
987 841 1122 914 Obstupui
1133 861 1215 914 qurum

175 926 203 977 in
213 924 306 975 Venet.
319 941 368 993 pro
380 921 503 973 Menaria
515 921 602 973 inveni
614 920 694 992 plane
704 919 829 983 Menala3
843 921 914 974 unde
925 940 1041 992 pronum
1052 924 1103 974 fuit
1113 923 1215 987 iacere,

177 1017 287 1076 equesen
298 1015 337 1054 est
346 1001 465 1054 Melibaa
475 1001 602 1073 relinqui,
610 1003 643 1052 Et
652 1004 727 1072 cujus
736 1003 795 1053 sevi
803 1003 932 1054 ferierunt
941 1002 1051 1054 Maenala
1061 1002 1182 1074 planctus
1189 1025 1196 1064 ;
1203 1027 1215 1050 s

177 1079 293 1156 AEqiale,
305 1081 441 1148 Meliboea,
453 1091 480 1133 et
488 1080 533 1133 illu
542 1083 612 1154 cujus
619 1081 740 1152 planctus
744 1082 879 1154 ferierunt
888 1084 1011 1134 Maenala.
1022 1083 1148 1150 Quoenam
1160 1083 1216 1134 fue·

178 1163 210 1212 rit
219 1159 277 1212 baec
288 1161 382 1212 Herois
396 1159 525 1213 Arcadica
537 1163 665 1214 memoriae
676 1179 729 1212 non
743 1179 814 1214 nunc
827 1163 957 1226 occurrit,
970 1180 1020 1213 nec
1031 1175 1107 1213 vacat
1118 1161 1216 1235 disqui-

177 1257 247 1292 rere:
262 1255 316 1290 uon
329 1251 416 1292 tamen
427 1239 521 1291 dubito
536 1241 600 1311 quin
614 1239 702 1310 aliqua
715 1242 764 1306 sit,
778 1243 854 1311 cujus
867 1241 976 1292 maritus
990 1237 1025 1291 sd
1037 1239 1136 1292 bellurn
1147 1241 1216 1290 'l'ro-

175 1321 266 1388 janum
279 1320 416 1390 profectus
432 1331 479 1370 est.
500 1319 530 1369 Δ.

211 1467 254 1521 52.
273 1467 316 1521 Sic
331 1467 461 1540 exsequias
475 1465 597 1538 amplexa
614 1469 704 1520 canori
723 1469 856 1540 Goniuqis,
876 1470 992 1540 inqentes
1005 1468 1101 1520 iterasti
1113 1478 1216 1540 pectore

175 1547 309 1618 planchis,
321 1547 382 1598 Jam
398 1565 464 1599 mea.
477 1549 515 1599 lta
530 1547 650 1599 distinxi:
666 1546 734 1598 male
747 1543 826 1599 sissia
841 1543 926 1622 arqui
941 1548 969 1598 iu
981 1546 1092 1616 vulgetis
1108 1550 1217 1618 ponitur

177 1641 238 1700 post
251 1626 385 1698 planctus,
402 1638 428 1679 ct
443 1628 575 1678 sententis
589 1644 657 1677 nora
670 1623 771 1678 orditur
783 1626 816 1678 ab
829 1627 898 1678 istis:
917 1625 995 1676 «Jsm
1007 1643 1081 1690 meu,
1094 1643 1144 1676 nee
1157 1627 1217 1696 pie-

177 1721 231 1774 tas,
242 1719 313 1758 etc·
329 1724 380 1778 qus
392 1725 420 1758 re
434 1707 612 1778 oppositionis
625 1704 755 1778 elegantia
768 1704 894 1777 perditur.
905 1705 990 1757 Nemo
1003 1723 1064 1756 vero
1077 1717 1160 1756 mutet
1172 1720 1216 1756 ro·

176 1805 232 1838 cem
245 1787 374 1859 exsequias
387 1788 414 1836 in
429 1786 574 1860 relliquias,
589 1799 726 1857 utcunque
737 1784 932 1837 adblandiatur.
945 1785 1084 1856 Exsequias
1094 1782 1217 1853 amplecti

174 1879 215 1920 cst
225 1865 295 1918 idem
307 1863 381 1938 quod
393 1863 455 1918 alibi
467 1879 544 1918 vocat
555 1865 639 1918 colere
650 1866 792 1938 exsequias,
805 1867 896 1918 Pietas.
909 1863 1005 1916 Abasc.
1017 1881 1044 1914 v.
1056 1863 1106 1932 39:
1122 1860 1217 1913 «lecti-

175 1963 229 2016 que
242 1961 337 1996 smnus
349 1945 461 1997 ministri
472 1946 539 1997 Hinc
551 1946 628 1997 etism
640 1943 799 1998 documenta
812 1947 899 2016 eupit,
913 1942 986 2014 quod
999 1941 1085 2012 diligis
1096 1940 1217 1996 umbram

176 2025 207 2076 Et
219 2021 284 2078 colis
298 2025 450 2095 exsequium
461 2047 473 2071 s
483 2023 569 2094 fissus
579 2043 666 2075 amare
677 2023 763 2077 Tbeb.
778 2025 841 2092 ΧΗ,
859 2024 923 2094 193,
937 2023 970 2075 de
981 2024 1076 2093 Argia,
1088 2021 1217 2092 Polynicis

177 2121 272 2156 uere:
289 2102 351 2156 nbis
365 2105 442 2156 anxia
457 2118 573 2158 mentem
586 2105 713 2176 AEgrescit
732 2106 818 2169 curis,
833 2118 875 2170 et,
889 2106 934 2176 qui
951 2104 1111 2156 castissimus
1129 2100 1217 2166 ardor,

175 2185 268 2236 Funus
279 2197 383 2245 amnu-
398 2185 474 2236 Herc.
491 2186 609 2258 Epitrap.
620 2205 644 2237 v.
659 2184 711 2251 95,
725 2183 757 2236 de
769 2183 880 2236 Vindice
896 2181 1001 2236 colente
1014 2185 1128 2235 amicum
1139 2199 1218 2233 suum

175 2263 329 2328 Vestinum,
343 2265 419 2316 etiarn
432 2276 494 2335 post
506 2277 631 2317 mortem:
647 2287 658 2310 ι
670 2283 748 2335 quem
759 2276 838 2316 nocte
849 2263 945 2336 dieque
957 2264 1058 2334 Spirat,
1072 2274 1099 2313 st
1111 2263 1139 2314 iu
1150 2278 1217 2311 cern

176 2344 238 2396 sirit
251 2343 432 2414 complexibus
444 2344 551 2396 umbre.
562 2368 574 2392 ι
589 2345 682 2400 Similis
693 2345 773 2415 hujus
785 2344 858 2396 vocis
872 2344 1028 2414 significatio
1041 2341 1112 2414 apud
1122 2343 1217 2393 Eutro-

175 2425 263 2494 pium,
274 2421 319 2476 lib.
331 2427 390 2490 Vll,
400 2424 433 2478 de
442 2425 562 2478 Vitellio:
576 2427 645 2478 «ch
657 2444 739 2496 quum
750 2426 851 2478 Neroni
864 2423 954 2476 similis
967 2442 1023 2476 esse
1032 2421 1124 2486 vellet,
1137 2434 1217 2493 atque

177 2499 203 2550 id
217 2500 285 2554 adeo
299 2501 501 2572 praeseferret,
520 2517 549 2554 ut
564 2504 642 2564 etism
657 2503 792 2574 exsequias
806 2503 936 2566 Neronis,
956 2519 1013 2572 qua
1030 2498 1164 2552 humiliter
1176 2516 1218 2550 se-

176 2579 256 2650 pulta
269 2581 390 2646 fuerant,
406 2580 565 2646 honoraret,
580 2601 597 2632 a
614 2584 771 2652 Vespasiani
788 2581 901 2634 ducibus
920 2583 1024 2634 occisus
1038 2593 1085 2632 est.
1097 2603 1109 2626 ι
1130 2581 1162 2632 Et
1180 2579 1217 2632 ita

176 2657 304 2731 loquitur,
314 2658 362 2713 lib.
374 2661 425 2728 IX,
438 2658 471 2712 de
482 2660 634 2712 Gordianos
649 2681 659 2706 ι
669 2659 745 2712 miles
757 2661 781 2710 ei
792 2659 922 2710 tumulum
933 2659 983 2712 XX
994 2659 1119 2712 milliario
1132 2677 1148 2709 a
1158 2659 1217 2710 Cir·

177 2756 265 2806 eesso,
279 2739 353 2811 quod
366 2754 480 2792 casuum
492 2757 564 2792 nune
576 2741 757 2792 Romanorum
768 2751 808 2790 cst
821 2737 951 2809 Euphrati
966 2741 1121 2800 imminens,
1134 2735 1217 2807 edifi-

176 2819 260 2882 esrit3
274 2820 412 2888 exsequias
424 2821 534 2871 Romam
545 2819 659 2880 revexit;
673 2818 759 2888 ipsum
773 2819 870 2868 Divum
884 2815 1035 2888 appellauit.
1046 2840 1058 2864 s
1071 2815 1175 2884 Quibus
1188 2819 1217 2868 in

177 2896 241 2950 loeis
252 2899 318 2950 Tau.
333 2897 428 2965 Faber,
441 2917 509 2952 nora
520 2899 594 2952 vocis
605 2898 715 2948 notione
727 2896 863 2963 offensus,
877 2896 1019 2969 utrobique
1031 2913 1147 2948 errorem
1160 2913 1216 2947 esse

178 2977 327 3046 arbitratur,
339 2991 366 3030 et
375 2997 424 3050 pro
436 2979 566 3051 exsequias
575 2978 669 3049 reponi
680 2975 736 3028 vult
745 2975 879 3047 rrsliquius,¹
893 2994 963 3047 que,
975 2978 1074 3046 iuquit,
1086 2987 1148 3028 sunt
1157 2991 1216 3026 ossa

177 3077 223 3112 seu
239 3061 355 3112 eineres:
371 3072 398 3112 st
414 3061 540 3133 exsequia
551 3060 632 3130 louge
648 3058 735 3119 aliud,
755 3075 843 3128 neque
857 3059 894 3110 ita
911 3057 985 3130 loqui
998 3075 1056 3110 mos
1069 3070 1117 3109 est.
1134 3057 1217 3128 Atqui

176 3137 272 3192 Statius
284 3141 322 3192 ita
338 3139 465 3211 loquitur,
477 3141 514 3192 Et
523 3138 586 3193 colis
597 3139 743 3211 exsequitur
756 3137 803 3190 ubi
816 3135 883 3189 nibil
896 3138 993 3189 mutari
1008 3137 1107 3208 patitur
1117 3154 1215 3189 versus.

176 3219 259 3270 bnmo
271 3221 327 3290 ipse
343 3220 485 3292 Eutropius
500 3221 597 3291 pariter
610 3218 735 3290 loquitur,
750 3217 797 3270 lib.
811 3219 871 3285 vtt,
889 3217 923 3270 sd
938 3216 982 3269 fin.
998 3216 1031 3269 de
1048 3219 1214 3269 Domitiano:

180 3299 289 3352 *Funus
299 3301 356 3368 ejus
367 3318 429 3354 eum
438 3301 539 3369 ingenti
550 3296 680 3352 dedecore
690 3317 738 3369 per
746 3297 905 3368 vespillones
915 3310 1095 3369 exportatum,
1107 3310 1133 3350 et
1144 3299 1217 3368 iquo-

177 3374 263 3428 biliter
280 3392 319 3431 est
334 3379 497 3450 sepultum·
518 3377 617 3432 Eodem
636 3397 715 3431 seusu
733 3397 826 3430 vocem
838 3377 922 3448 fissus
938 3391 1049 3449 usurpet
1066 3379 1215 3442 Ausonius,

177 3455 299 3530 Epitaph.
309 3457 342 3511 de
354 3460 473 3522 Prism03
485 3477 580 3531 nempe
589 3477 639 3530 pro
649 3476 753 3530 corpore
764 3453 890 3529 defunen.
902 3460 1010 3510 Bustum
1023 3469 1098 3510 voest
1110 3460 1216 3521 Noster,

176 3533 260 3587 Theb.
274 3537 338 3604 xri,
353 3537 418 3603 πάθε
437 3555 539 3608 regens
554 3537 668 3608 sepulcri
682 3535 769 3590 bustu.
781 3559 792 3583 s
806 3535 879 3588 Nihil
892 3538 972 3608 igitur
986 3549 1032 3588 sut
1046 3539 1073 3588 in
1086 3538 1215 3608 Eutropio

175 3627 221 3664 sut
235 3611 317 3665 Statio
336 3615 501 3668 mutandum.
519 3616 649 3688 Sequitur,
666 3617 806 3686 ringentes
820 3616 920 3668 iterasti
934 3628 1042 3688 pectore
1058 3615 1190 3688 planctus.
1201 3637 1214 3662 r

175 3691 242 3742 Ante
255 3689 319 3743 dixit
330 3696 421 3764 quoeris
434 3708 460 3746 et
471 3694 569 3756 edituos
585 3695 669 3762 inire,
682 3713 755 3747 ansas
768 3707 795 3746 et
806 3704 886 3761 tenes,
903 3696 931 3746 in
947 3698 1069 3768 presenti
1081 3709 1215 3766 tempore3

174 3789 256 3842 quare
270 3773 350 3843 igitur
365 3773 479 3826 iterasti?
491 3777 566 3828 mitto
581 3775 653 3848 quod
670 3793 764 3847 parum
777 3775 869 3826 Latine
885 3775 987 3828 dietum
1004 3776 1108 3828 videtur
1121 3776 1217 3828 iterasti

171 3863 282 3920 perime
294 3852 381 3925 laege,
396 3855 535 3924 ringentes
546 3859 627 3909 iteras
637 3855 671 3908 de
682 3868 789 3927 pectore
800 3854 923 3926 planetus
935 3858 995 3908 lem
1006 3875 1076 3917 meu
1088 3879 1099 3904 ι
1114 3855 1215 3921 adbuc,

169 3930 227 3998 jum
239 3951 314 4000 mec,
325 3946 413 3986 tsuscu
426 3934 505 3988 fidem
516 3954 603 3988 servas
614 3937 745 3988 memorias
756 3935 852 4006 prioris
864 3936 964 4000 mariti,
976 3947 1003 3986 et
1014 3934 1120 4004 quando
1132 3933 1177 3986 ille
1187 3935 1214 3984 in

175 4024 289 4066 mentem
304 4015 390 4078 venit,
407 4015 498 4085 repetis
507 4015 645 4086 planctus,
660 4033 712 4065 non
725 4015 817 4079 iictos,
831 4014 877 4065 sed
891 4033 922 4066 ex
936 4015 1041 4078 animo,
1056 4013 1088 4064 de
1100 4023 1214 4082 pectem
