2858 4492
404 287 533 352 LIBRI
558 287 728 354 TERTII
751 289 1005 355 SILVARUM.
1158 293 1218 358 311

181 415 233 470 tius
246 409 366 467 struendi
378 410 468 483 templi
481 411 596 482 speciem
608 413 636 464 iu
648 410 699 464 telo
712 428 759 464 scu
777 411 858 464 linteo
868 413 940 484 picto
952 414 1064 484 imagine
1076 433 1224 486 expressum

180 495 279 548 luisse:
291 516 303 540 ι
319 506 361 562 st,
375 489 448 564 quod
460 491 561 546 mireris
574 505 600 544 et
611 489 755 563 indigueris
768 491 861 560 simul,
874 494 902 544 iu
915 492 1036 547 eumdem
1048 513 1162 548 errorem
1177 497 1225 550 ab·

180 573 320 652 ripnemnt
329 571 515 644 politissimum
523 569 732 636 Brouldrusiuru3
746 574 790 643 qui
802 585 857 624 not.
871 571 1065 640 altisaltis,
1082 574 1112 640 5,
1125 594 1161 628 vs.
1176 578 1227 644 23,

181 655 262 709 citato
273 649 329 708 boc
340 652 503 722 sortitione,
515 650 601 718 addit,
618 651 712 706 nvides
724 649 941 724 iclsucgmphium
957 655 984 704 iu
997 652 1077 706 linteo
1091 654 1226 710 coloribus

182 731 323 806 depictum·
336 756 348 782 r
359 733 455 808 Atqui,
468 731 575 800 chuni,
585 733 643 804 ipss
655 731 706 786 telo
718 730 771 786 hoc
783 731 965 803 locoformori
975 733 1084 798 dicitur,
1097 752 1152 788 uou
1165 747 1227 788 tem·

179 811 222 888 pli
232 815 327 886 species
337 814 365 870 ἰιι
377 813 438 870 sela.
460 813 496 866 At
510 816 554 868 cui
569 812 643 868 bono
649 811 817 885 formaretur
827 813 898 866 telo?
911 832 945 866 su
960 826 1015 865 tum
1029 815 1135 886 ineptus
1149 815 1228 870 Iussit

181 891 295 960 Pollius,
307 891 476 966 utformoret
486 890 565 946 telum
578 908 625 946 seu
635 889 745 947 linteum
756 891 820 944 huic
832 905 935 946 tantum
945 890 1006 961 fini,
1017 907 1047 948 nt
1055 896 1082 946 iu
1094 911 1125 946 es
1135 908 1227 965 postes

182 972 297 1026 formam
305 969 406 1028 udificii
415 971 679 1046 describeret,quum
688 969 722 1024 sd
729 989 838 1024 manum
846 971 1013 1026 essetclarra
1020 973 1060 1026 rel
1069 975 1228 1040 membrano,

183 1069 242 1126 que
254 1049 318 1104 huic
331 1053 390 1106 usui
402 1051 496 1106 melius
507 1051 663 1108 inserviret?
673 1052 751 1104 Mitto
762 1051 834 1122 quod
840 1051 961 1122 forrrsore
969 1071 1025 1106 uou
1035 1066 1076 1106 est
1086 1055 1228 1106 tersorium

182 1127 230 1184 sed
246 1129 482 1186 arclritectonicuru
498 1130 607 1188 verbum
615 1151 623 1196 5
638 1131 707 1186 idem
722 1150 817 1203 nempe
829 1130 901 1203 quod
914 1131 1062 1199 describere,
1080 1131 1227 1194 delictores

182 1229 233 1264 uec
246 1230 298 1266 vox
317 1211 369 1266 ula
386 1211 542 1286 simpliciter
555 1223 582 1264 et
598 1213 656 1264 siue
670 1209 796 1282 adiuncto
810 1211 919 1264 deuolat
936 1210 1044 1264 linteam
1058 1211 1137 1264 telum
1145 1233 1154 1274 ,·
1173 1229 1228 1264 nou

123 1311 128 1332 ι
181 1289 272 1351 hercle
283 1294 367 1366 mgis
379 1311 459 1364 quum
471 1291 589 1360 leucum,
601 1303 648 1346 sut
658 1291 773 1346 sericam.
787 1292 891 1344 Dixisse
901 1291 982 1362 igitur
993 1290 1085 1346 debuit
1098 1293 1163 1346 edes
1168 1292 1229 1364 fou

183 1383 285 1442 matur,
299 1391 354 1426 uon
367 1371 437 1433 telos
456 1384 482 1426 et
496 1390 560 1424 ssue
575 1373 613 1424 its
628 1370 712 1424 disis:
733 1373 837 1444 scripsit
855 1372 941 1438 euim,
959 1373 1036 1426 uNec
1050 1390 1142 1440 mors,
1161 1389 1227 1424 cou-

183 1453 283 1524 scripts
300 1452 430 1506 formum
445 1452 559 1524 imagine
571 1450 673 1522 tepla.»
691 1452 834 1504 Veritatem
850 1462 877 1503 et
895 1453 990 1506 erroris
1007 1453 1136 1522 originem
1151 1449 1228 1504 simul

182 1529 275 1587 vides:
291 1531 419 1604 scriptum
432 1545 502 1598 erat,
514 1543 545 1584 ut
554 1532 624 1598 fere,
632 1528 770 1601 sumitur
781 1548 830 1602 pso
837 1529 1004 1601 fumantur,
1017 1544 1043 1584 et
1054 1549 1104 1603 pro
1117 1528 1228 1602 templs,

183 1607 256 1682 tiplo
272 1607 321 1680 (ut
334 1627 415 1682 supra
428 1628 453 1662 v.
469 1625 535 1682 109,
553 1627 604 1682 pro
618 1607 716 1680 templo
732 1606 795 1661 edit.
814 1610 900 1661 Parin.
920 1607 1002 1662 habet
1020 1609 1120 1684 te'plo),·
1138 1608 1227 1676 uude,

184 1690 280 1744 omisso
292 1708 328 1762 p,
347 1688 407 1741 tslo.
425 1691 507 1744 Recte
518 1707 581 1742 veru
594 1687 707 1762 templu,
725 1707 776 1759 pro
791 1687 935 1759 templum,
951 1703 981 1742 ut
993 1691 1062 1743 infra
1076 1709 1100 1742 r.
1118 1689 1180 1754 138,
1195 1686 1228 1740 ds

183 1763 236 1822 hoc
250 1763 366 1840 templo;
380 1780 406 1820 et
422 1769 486 1835 180,
500 1767 534 1822 de
545 1765 648 1822 eodem.
668 1767 784 1822 Surrsut.
796 1765 862 1822 Poll.
875 1787 901 1820 v.
915 1786 947 1834 s,
961 1767 1100 1842 nSoxuqne
1114 1766 1229 1841 Tyrrhe-

183 1867 222 1902 nos
236 1847 343 1920 templis
354 1860 464 1902 suersts
475 1849 628 1902 Minervas.»
644 1847 768 1916 Ovidius,
781 1851 850 1902 Fau.
864 1849 901 1916 V,
915 1847 984 1919 577:
1000 1872 1011 1896 ι
1024 1848 1133 1922 Templo
1144 1850 1229 1915 feres,

183 1941 210 1980 et
224 1943 268 1982 tue
279 1929 380 1981 victore
396 1927 534 1988 vocaberis
549 1929 663 1986 Ultor:-
682 1925 745 1996 ubi,
762 1929 861 2001 puriter
879 1940 959 2002 atque
977 1928 1039 1996 hic,
1056 1931 1084 1982 iu
1102 1927 1228 1982 tredecim

183 2003 255 2062 MSS.
269 2021 326 2062 erst
339 2005 390 2061 tela
396 2007 475 2080 feres.
491 2009 560 2062 Beue
572 2010 651 2062 etism
666 2009 799 2084 imoqiue:
815 2006 908 2060 eudem
919 2027 1016 2080 nempe
1026 2008 1229 2082 qusmfomsam

183 2101 281 2142 vocant
293 2087 444 2150 architectis
457 2088 614 2144 imitationes
623 2085 789 2160 sulpiciorum
796 2089 947 2156 Vitruvius,
957 2101 1066 2142 notante
1076 2087 1229 2151 Buchuerm

184 2185 267 2240 quem
276 2167 334 2220 vide
343 2168 377 2226 sd
386 2188 468 2242 supra
477 2182 649 2232 memoratum
661 2166 738 2222 Plinii
748 2168 903 2241 epistolum
916 2170 1020 2243 vestigia
1030 2188 1061 2224 sc
1071 2169 1230 2224 lineamento

183 2247 289 2302 Auctor
300 2248 333 2301 de
345 2249 425 2304 Gsus.
440 2264 560 2321 corrupt.
576 2249 741 2322 eloquentie.
760 2249 875 2318 Plinius,
891 2252 956 2302 Ilist.
976 2250 1037 2302 Nst.
1055 2249 1178 2317 XXVIII,
1198 2267 1228 2304 s:

186 2349 198 2373 ι
211 2328 331 2400 scipione
344 2331 419 2401 prius
433 2328 607 2383 determinata
621 2327 713 2402 templi
725 2331 852 2399 imagine,
866 2343 916 2382 etc.
927 2354 939 2378 ι
957 2328 1017 2382 ride
1031 2343 1117 2384 totum
1130 2330 1229 2384 locum.

184 2407 378 2478 Quintilianus,
391 2411 476 2464 lustit.
490 2410 540 2476 IV,
557 2429 570 2462 o
585 2432 591 2464 s
610 2410 683 2464 sUbi
696 2427 758 2462 vero
772 2411 858 2480 major
870 2427 912 2462 res
925 2411 989 2477 erit,
1006 2422 1033 2462 et
1047 2411 1147 2462 succis
1163 2411 1231 2460 invi-

184 2483 273 2554 diosc,
287 2501 314 2542 et
327 2489 412 2542 tristis
426 2488 609 2547 miserabiliter
619 2489 707 2544 dicere
719 2488 839 2552 decebit;
853 2507 907 2541 uon
918 2502 948 2541 ut
960 2503 1152 2542 consumuntur
1164 2487 1232 2540 sile-

184 2579 257 2634 ctus,
268 2565 316 2620 sed
328 2581 357 2620 ιι
369 2582 472 2636 mutum
482 2568 555 2622 velut
565 2570 656 2640 primis
669 2567 744 2620 lineis
756 2567 942 2640 designatum
955 2580 984 2620 ut
994 2566 1086 2639 plsue,
1096 2567 1181 2640 qualis
1190 2568 1232 2624 lu·

186 2648 249 2700 tutu
262 2648 295 2706 sit
307 2647 395 2718 imago
408 2649 463 2714 rei,
478 2649 565 2704 stetim
581 2659 739 2720 apparent.»

227 2799 286 2838 m.
305 2783 499 2861 Indomitasque
509 2787 573 2842 silex
585 2787 782 2859 curooforuuce
793 2785 917 2859 liquescit.
938 2785 1063 2854 Purodis‚
1079 2803 1124 2837 seu
1140 2786 1231 2856 potius

184 2863 372 2918 hemistichion
385 2867 577 2938 virgilianum,
592 2887 622 2920 es
639 2866 739 2919 AEueid.
753 2865 829 2932 VIII,
844 2865 912 2934 446:
932 2863 1152 2935 :vulnificusque
1167 2861 1231 2914 chu-

185 2943 243 3016 lybs
256 2957 331 3000 vssts
341 2945 450 3002 fornace
461 2947 616 3020 liquescit.'»
632 2948 682 2999 Hic
697 2948 776 3016 igitur
787 2943 970 3016 reponendum
981 2943 1084 2996 videtur
1096 2953 1166 2996 vasto
1172 2941 1231 3012 for·

187 3043 270 3078 uoce:
285 3045 364 3079 cssroo
375 3030 444 3086 euim
459 3045 628 3102 nequequam
646 3027 770 3080 convenit
783 3025 900 3098 fornaci.
915 3023 1011 3078 Sumsit
1024 3027 1092 3077 forte
1105 3021 1231 3094 Virgilius

187 3123 217 3158 cx
228 3107 369 3174 Lucretio,
380 3107 431 3172 vt,
442 3105 494 3160 680
505 3130 510 3158 :

373 3206 440 3253 Nuus
449 3217 525 3253 tumen
535 3203 573 3251 ills
582 3205 656 3252 modis
665 3205 751 3269 qulbus
759 3204 846 3250 Irritsts
856 3215 954 3264 repente

373 3277 474 3326 rmum
484 3277 546 3328 lusos
553 3279 622 3326 vastis
631 3279 702 3326 AEmsr
710 3275 845 3326 loruscibns
854 3273 931 3331 efflat,

373 3347 506 3413 Expeditius.

187 3444 324 3513 Imauus,
339 3447 389 3513 VI,
403 3445 455 3513 405
469 3467 475 3496 :
493 3463 505 3492 ι
517 3447 650 3501 immensis
664 3448 735 3502 coxit
748 3445 901 3500 lomschus
915 3462 997 3496 urs.-

225 3587 282 3640 ns.
306 3585 380 3640 Dites
395 3589 512 3660 Capreo,
527 3587 667 3662 viridesque
680 3587 805 3641 resultant
820 3583 983 3640 Toumlruloe.
1007 3584 1139 3635 Domitius
1157 3595 1231 3634 notst

187 3665 239 3718 huc
257 3685 356 3722 nomeu
376 3667 533 3720 Taurubuloe
546 3688 560 3721 s
575 3667 774 3742 cosmographis
793 3669 994 3738 pretermissum
1009 3681 1080 3729 esse,
1098 3675 1178 3733 utque
1195 3663 1231 3714 ita

188 3747 316 3818 appellari
331 3750 405 3800 Viam
418 3747 575 3801 Herculcum
589 3768 635 3804 seu
648 3766 770 3821 aggerem
781 3747 855 3804 illum
868 3765 944 3816 quern
957 3747 1025 3797 iuter
1035 3743 1124 3796 lacum
1137 3741 1230 3792 Lucri·

186 3845 250 3880 uum
263 3841 290 3882 et
300 3847 375 3882 mure
384 3830 448 3882 lecit
459 3829 600 3896 Hercules,
613 3827 646 3882 sd
658 3827 837 3882 traducendos
851 3826 933 3882 boves
945 3825 1089 3897 Geqouisr
1104 3839 1200 3891 nempe
1214 3837 1230 3870 u

187 3909 282 3977 seipse,
292 3923 319 3962 et
327 3908 503 3982 liundorum
511 3928 558 3964 seu
566 3909 666 3981 trajicio
672 3931 681 3972 ;
690 3907 761 3960 uude
770 3907 933 3960 Taurubnlrs.
942 3909 1003 3958 Nou
1010 3913 1166 3976 potestvera
1174 3915 1231 3952 esse

186 3983 242 4042 huc
251 3989 362 4044 Domitii
372 3987 442 4042 fictio
452 4010 459 4040 s
471 3991 586 4062 primum
598 3989 683 4052 euim,
693 3985 820 4038 dicendus
831 3987 899 4038 foret
908 3985 952 4036 hic
962 3981 1052 4043 locus,
1066 3975 1231 4039 Taurorum,
