2784 4484
533 243 788 308 PRAEFATlo.
1088 258 1186 324 xxxix
1293 233 1296 241 ’

127 375 243 452 dulgere
256 377 285 428 in
298 371 364 428 locis
375 389 439 447 quse
453 369 546 426 tribus
560 371 601 428 vel
614 383 732 446 quatuor
746 371 835 428 modis
849 372 945 452 refingi
960 382 1084 454 possint:
1100 401 1186 459 quum

22 533 23 544 2
127 487 156 522 es
168 467 228 524 sols
245 485 299 544 pro
312 464 394 520 sertis
408 463 529 518 babeam
541 462 575 517 ad
589 483 649 540 quae
662 481 733 518 uuus
745 476 850 520 tanturn
863 481 903 523 est
914 467 1012 528 aditus.
1026 475 1052 528 Si
1066 475 1134 550 quid
1145 487 1185 530 ta.

128 579 191 616 rnen
207 557 370 634 hujusmodi
386 555 543 625 incideret,
557 555 605 611 lidi
624 555 744 614 Editoris
760 572 818 613 crat
832 563 971 618 Lecturem
988 583 1118 632 moncrc3
1134 587 1186 625 nec

128 672 243 710 monere
261 651 368 719 sulum,
382 649 433 704 sud
452 661 480 703 et
499 648 653 704 remedium
670 662 793 706 tentare:
811 669 862 707 nec
878 656 952 708 enim
968 656 1099 726 ferendus
1113 675 1186 718 esses

68 731 77 746 ι
130 749 254 804 medicus
264 748 314 824 qui
327 757 431 820 tegruto
444 756 552 800 tuntum
563 743 680 816 diceret,
693 757 801 819 oeqmtus
812 765 851 814 es,
864 745 968 823 absque
980 749 1108 808 ultoriam
1119 773 1185 811 cum

131 857 175 896 sut
192 855 296 896 conatu
313 857 380 894 eum
399 836 524 892 mandi.
542 839 656 892 Tentavi
675 839 781 911 igitur:
800 849 827 892 et
846 839 986 896 interdum
1004 841 1075 900 forte
1087 865 1185 904 verum

22 959 23 1010 p
130 935 337 1010 ridimpius,
349 933 460 1007 opinor,
471 932 591 1006 peccavi.

170 1127 211 1178 ne
222 1125 282 1198 ipso
293 1122 379 1178 sntio
389 1121 483 1174 omnis
494 1129 559 1174 sunt
569 1115 695 1192 vulgatur
709 1135 760 1173 nec
773 1119 924 1196 quidquam
937 1107 1023 1178 bnovi
1036 1125 1118 1196 abui,
1130 1130 1183 1184 nisi

22 1213 24 1280 ἓ
134 1225 164 1269 ut
169 1213 324 1270 mfellerem
334 1214 496 1288 opinionem
507 1229 669 1287 magnorum
679 1213 801 1267 virorum
810 1215 858 1289 qui
869 1225 995 1272 statuunt
1006 1237 1070 1274 eum
1080 1221 1183 1276 victum

22 1299 23 1302 ¹
134 1308 215 1363 fnisse
229 1310 258 1362 in
270 1313 367 1383 Agone
379 1303 534 1381 Capitolino
545 1305 574 1358 in
586 1304 778 1360 commissione
790 1305 944 1363 Thebaidos
958 1327 1028 1364 suu:
1044 1311 1119 1388 quod
1130 1331 1182 1370 nec

135 1407 278 1459 minimum
295 1401 546 1460 verisimilitudinis
559 1399 675 1471 babere,
693 1420 745 1457 nec
759 1401 794 1457 ab
813 1421 910 1458 eorum
925 1409 1100 1482 Argumentis
1115 1429 1181 1486 pro.

135 1495 209 1566 bari,
222 1496 309 1552 docoo
325 1495 360 1550 ud
374 1493 486 1571 Epiced.
505 1499 573 1549 Petr.
593 1496 655 1548 231.
672 1498 711 1548 De
726 1495 820 1566 inpete
836 1507 863 1548 et
878 1507 1004 1566 tumore,
1018 1517 1078 1574 quse
1097 1504 1182 1556 Statio

136 1609 204 1665 sape
214 1589 394 1664 objiciuntur,
405 1589 497 1663 aptior
506 1588 558 1641 erit
569 1585 636 1642 alins
647 1585 765 1640 dicendo
777 1584 862 1641 locus.
873 1587 1015 1644 Notandus
1028 1591 1117 1647 obiter
1129 1592 1183 1647 fuit

136 1701 233 1736 eorum
245 1701 320 1737 error
335 1683 384 1757 qui
397 1679 512 1736 Sellium
526 1697 572 1734 seu
583 1679 724 1755 Epiroten)
736 1677 838 1733 fuciunt
851 1682 944 1736 Nostri
957 1688 1077 1747 Petrem3
1093 1702 1181 1759 quum

137 1771 184 1827 ille
198 1773 277 1850 plane
291 1775 370 1832 inerit
379 1771 591 1850 Neapolitanus;
605 1777 678 1827 Gens
692 1791 760 1826 vero
776 1773 904 1848 Pupinia,
921 1791 953 1827 ex
967 1773 1044 1830 Velia
1058 1779 1181 1832 Lucanis

138 1865 250 1942 oppido.

174 2061 260 2113 Restat
273 2079 289 2114 a
305 2073 333 2114 te
348 2072 459 2136 petum,
477 2063 584 2128 luctor,
603 2071 634 2114 ut
648 2062 772 2134 ignoscas
790 2058 957 2134 longitudini
971 2065 1120 2131 lictorum,
1136 2067 1179 2119 cui

140 2147 275 2226 aliquoties
294 2151 367 2208 forte
385 2155 468 2208 nimis
487 2150 589 2208 indulsi
606 2150 655 2207 ubi
672 2170 722 2226 per
740 2171 769 2208 se
787 2155 931 2229 perspicua
950 2171 995 2210 res
1009 2153 1070 2211 fuit.
1092 2160 1180 2231 Atque

141 2245 237 2300 utinam
250 2246 442 2323 exemplorum
461 2263 592 2302 numerus
611 2243 706 2302 multis
723 2247 752 2302 in
771 2243 841 2302 locis
858 2247 1109 2304 circumcideretur.
1128 2249 1179 2304 Sod

140 2333 205 2392 banc
216 2340 404 2414 garrulitatem
418 2355 482 2396 mox
497 2341 536 2412 (si
552 2336 622 2394 nibil
638 2335 809 2414 interpellat,
821 2350 850 2394 ‘et
864 2342 888 2394 si
901 2339 1097 2396 eruditioribus
1109 2343 1178 2395 tenti

139 2429 283 2506 vitlebiurr)
295 2433 482 2508 compensabo
495 2431 629 2488 brevitate
640 2437 773 2488 Noturum
786 2443 812 2486 et
827 2431 1056 2488 Emendationurn
1070 2435 1099 2487 in
1113 2439 1179 2488 Pro*

138 2528 266 2596 postium,
275 2529 321 2581 cni
329 2531 386 2602 jans
396 2543 481 2602 quum
492 2527 608 2579 maxime
619 2523 750 2580 incumbo
759 2548 765 2576 ι
774 2535 803 2578 et
811 2523 1041 2600 prosimeloeture
1054 2523 1179 2580 excludet

138 2617 211 2671 Stetii
226 2618 367 2673 'thebaide
385 2630 414 2673 et
430 2617 596 2694 Achilleids3
616 2633 684 2692 quas
699 2635 761 2672 cum
777 2615 866 2672 Libris
882 2621 951 2674 MSS.
969 2616 1080 2674 collatus
1098 2616 1179 2671 edem

139 2705 260 2764 datium
275 2713 303 2765 in
314 2729 395 2786 quem
409 2731 468 2767 rem
482 2715 554 2767 viros
569 2711 692 2767 eruditos
703 2723 829 2766 exolutus
840 2710 940 2781 velim,
955 2721 987 2766 ut
1000 2712 1070 2765 mibi
1086 2723 1178 2765 truns-

140 2801 247 2856 mittere
258 2801 400 2876 dignentur
411 2807 434 2858 si
448 2803 516 2880 quid
527 2805 594 2858 huic
606 2806 748 2879 proposito
761 2803 972 2858 accommodum
985 2819 1070 2880 penes
1083 2821 1112 2857 se
1126 2803 1177 2857 hu·

139 2891 232 2950 bant:
245 2897 358 2952 reddam
367 2902 472 2968 vicem,
485 2901 508 2954 si
519 2910 680 2976 reposcant5
692 2897 823 2968 reddam,
836 2911 863 2952 et
875 2901 897 2952 si
909 2879 966 2952 nbn
977 2909 1130 2972 reposcunt.

169 3093 208 3144 De
220 3091 325 3168 Virgilii
334 3093 463 3162 AEmide,
474 3091 640 3168 quibusdam
651 3093 680 3148 in
690 3087 759 3146 locis
774 3091 925 3166 (praecipue
936 3108 962 3167 p.
973 3091 1025 3144 302
1035 3129 1043 3156 ,
1055 3085 1104 3142 col.
1115 3093 1126 3146 1
1136 3095 1141 3116 ¹
1150 3093 1177 3164 ),

136 3177 241 3240 libutus
255 3205 339 3262 quam
352 3207 412 3243 mos
426 3199 481 3256 est,
494 3187 620 3263 opinatus
636 3204 707 3239 sum.
723 3186 811 3257 Hujus
825 3182 962 3258 opinionis
977 3179 1117 3238 audaciam
1130 3203 1176 3238 ex-

136 3290 211 3350 peret
228 3280 351 3336 eruditus
364 3280 477 3358 quidam
492 3281 597 3334 amicus
612 3297 709 3332 meus:
727 3281 805 3352 cujus
820 3293 916 3346 causa,
931 3289 958 3331 et
973 3289 1003 3332 ut
1019 3277 1094 3354 quud
1112 3297 1175 3338 cen-

137 3390 176 3428 too
189 3376 249 3429 sine
263 3375 426 3452 ambagibus
440 3373 597 3456 proferam,
612 3356 702 3428 addo:
717 3371 837 3427 Plurima
852 3391 910 3426 csse
924 3375 953 3426 in
967 3375 1020 3428 isto
1034 3378 1176 3444 Poematc,

25 3527 26 3542 p
136 3480 205 3536 qne,
220 3470 243 3521 si
259 3487 310 3542 ego
321 3472 477 3546 (pessimus
493 3469 616 3522 omnium
633 3467 729 3538 Poeta)
743 3459 838 3522 versus
855 3465 1016 3543 scriberem,
1030 3462 1133 3522 nollem
1147 3468 1175 3522 in

136 3559 197 3612 meis
208 3563 343 3638 conspici:
358 3573 385 3620 et
399 3560 465 3618 licet
477 3577 592 3616 numero
604 3555 712 3612 infinita
725 3553 794 3610 ultra
807 3557 934 3611 bumanae
947 3557 1106 3613 imitationis
1119 3577 1176 3612 me·

135 3657 172 3704 tis
182 3653 210 3706 iu
222 3652 265 3710 illo
278 3658 438 3723 emineant,
454 3649 587 3708 nonnulla
600 3663 690 3706 nmen
703 3662 767 3705 sunt
777 3649 1001 3720 contradictoris,
1015 3649 1101 3706 multa
1115 3650 1174 3706 lun-

162 3861 167 3880 ¹
184 3853 239 3902 Vide
248 3857 307 3904 inire
319 3857 367 3904 boc
377 3854 426 3901 vot.
437 3869 490 3915 pag.
502 3851 547 3898 653
557 3862 581 3898 et
590 3852 742 3913 Postcriptum
752 3851 830 3912 papiu.
840 3865 889 3914 seq.
