2784 4484
150 245 273 338 xxxviij
452 233 458 244 ’
526 240 814 304 MARKLANDI

114 365 118 372 ⁴
151 394 210 430 esse
221 375 289 428 citra
303 369 507 424 affectationem
518 377 566 419 aut
575 366 751 440 jactantiam
765 381 883 439 quarum
893 365 1067 436 occasiones,
1080 377 1112 419 ut
1125 367 1193 422 mihi

150 467 268 534 videtur,
283 463 319 517 ab
330 462 373 516 his
386 457 484 515 studiis
497 456 655 533 longissime
669 455 869 512 excluduntur:
884 455 955 510 bene
967 459 1040 511 enim
1056 459 1127 527 seio,
1139 477 1194 535 que

151 563 240 638 pretio
255 558 313 613 huc
329 568 357 611 et
371 557 463 610 omnia
481 552 639 628 hujusmodi
654 551 812 608 estimanda
824 563 907 607 sunt:
926 569 987 627 quae
1000 564 1067 608 tune
1082 552 1196 610 demum

151 649 302 710 tolerabilia
311 648 369 704 fieri
379 649 529 724 incipiunt,
541 665 629 721 quum
640 645 675 700 ab
685 647 779 700 animo
788 643 906 721 simplici
918 656 946 699 et
954 643 1073 702 candido
1082 646 1195 723 prolici-

151 758 281 802 scuntur:
295 744 448 812 suminus,
458 739 615 817 reponenda
627 752 692 796 sunt
703 743 775 795 inter
781 738 867 796 Flacci
875 755 961 814 nugas
971 757 1031 816 quae
1042 743 1132 796 useria
1143 741 1195 796 du·

151 845 258 899 suntin
273 839 352 896 mala.
364 866 375 890 n

188 1021 327 1080 Nonnulla
340 1026 369 1078 in
384 1021 427 1076 his
439 1018 527 1096 Sylvis
539 1008 764 1096 depravatissima
775 1031 861 1094 puto,
874 1031 901 1073 et
913 1022 972 1075 sine
983 1019 1043 1074 aliis
1053 1017 1196 1096 Exempla-

151 1117 228 1173 ribus
244 1133 387 1194 nunquam
403 1111 588 1182 restituenda,
601 1125 697 1191 utpote
712 1111 784 1167 forte
801 1110 912 1167 mutila:
926 1112 1001 1169 velut
1016 1112 1069 1168 hoe
1084 1111 1193 1189 Epieed.

153 1209 249 1265 l‘hileti
261 1229 300 1264 vs.
317 1211 369 1276 64:

337 1322 382 1366 Seu
391 1320 498 1365 Lucanus
506 1333 574 1380 ager,
584 1333 626 1363 eeu
634 1316 735 1364 ‘tibridis
743 1287 844 1380 impetui
853 1316 909 1364 altas

336 1399 365 1444 lu
374 1397 481 1444 dextrum
488 1398 591 1444 torsisset
600 1410 680 1458 aquas.

152 1496 218 1554 Arb.
233 1493 312 1551 Ated.
328 1495 379 1564 69:

338 1607 366 1650 Et
374 1614 462 1651 secrete
470 1601 559 1665 palam,
569 1604 611 1666 qui
619 1600 704 1664 digerit
712 1601 796 1649 ordine
805 1605 882 1649 ritem.

153 1707 188 1762 ud
199 1711 281 1763 Uxor.
295 1708 345 1776 49:

338 1813 365 1856 Et
375 1825 515 1874 quamquam
524 1811 577 1856 eati
586 1811 693 1857 feceruut
703 1811 807 1858 Monada
817 1811 931 1873 planctui.

152 1907 187 1965 ad
200 1907 318 1965 Marcell.
333 1911 383 1962 83:

339 2054 400 2100 liure
409 2051 491 2098 abiisse
501 2053 558 2098 mari
664 2025 669 2036 ¹
681 2027 686 2037 ¹
698 2028 702 2036 Ι
714 1991 878 2054 ’mumque
888 2003 937 2037 toto

152 2150 179 2190 ei
195 2153 261 2190 102:

465 2250 470 2262 .
482 2249 487 2260 .
498 2249 503 2260 .
513 2250 518 2260 .
527 2230 570 2262 nec
581 2215 643 2262 enim
652 2215 787 2282 Tirynthius
796 2215 860 2262 alme

338 2297 423 2342 Pectus
431 2295 544 2341 amicitiae.

153 2401 221 2468 Quae
238 2397 329 2451 omnia
345 2398 459 2472 (praetcr
472 2395 545 2451 istud
560 2397 669 2471 Epiced.
690 2395 817 2466 Phileti¹‚
836 2395 870 2450 de
887 2414 942 2472 quo
959 2413 1054 2449 omncs
1073 2395 1198 2467 tacent),

153 2491 254 2544 summi
265 2491 318 2544 viri
331 2493 486 2544 Gronovius
499 2503 526 2545 et
538 2491 680 2544 Gevartius
694 2492 834 2544 sanissima
846 2500 958 2566 putant,
972 2501 998 2543 et
1010 2486 1143 2565 explicare
1156 2507 1199 2542 co·

152 2596 273 2640 uantur:
290 2603 341 2660 ego
358 2603 415 2640 non
433 2603 545 2662 possum
561 2584 629 2639 mihi
643 2587 672 2639 in
690 2596 799 2638 tanturn
810 2586 973 2660 imponere,
993 2597 1020 2639 et
1038 2580 1198 2660 simpliciter

152 2679 241 2734 fateor
259 2699 303 2734 me
318 2699 373 2734 uon
392 2676 544 2754 intelligere
559 2680 611 2734 ista
627 2677 701 2743 loca;
721 2662 798 2754 ⁴quod
811 2679 917 2734 utinam
935 2676 1026 2732 facere
1039 2697 1136 2733 omnes
1150 2681 1199 2755 qui

152 2785 276 2828 veterum
296 2776 447 2827 Auctoium
465 2771 604 2827 Falitiones
622 2784 789 2848 procurant;
807 2784 833 2828 ct
851 2791 916 2828 sane
931 2769 1019 2827 facere
1037 2770 1154 2840 debent,
1172 2783 1200 2824 et

152 2863 291 2935 iacerent,
302 2867 356 2938 pisi
367 2864 484 2943 puderet
497 2864 618 2922 fateri'se
632 2863 737 2940 aliquid
752 2885 808 2921 non
821 2863 990 2940 intelligere:
1006 2884 1059 2940 qua
1071 2864 1200 2918 dissimu-

153 2955 253 3014 latione
266 2957 334 3013 nihil
347 2959 444 3014 studiis
456 2971 498 3014 est
509 2958 678 3014 damnosius.
689 2962 759 3014 ilinc
771 2961 845 3014 enim
856 2963 952 3014 Lector
962 2977 1018 3012 non
1030 2955 1097 3010 adeo
1109 2953 1200 3008 erudi-

153 3062 196 3104 tus
206 3052 267 3124 (qui
279 3051 371 3126 plures
381 3051 513 3124 numero)
523 3069 610 3127 quum
623 3053 651 3104 in
664 3049 717 3105 tale
728 3049 831 3126 aliquid
842 3049 982 3116 inciderit,
992 3051 1097 3102 incusat
1108 3050 1199 3122 primo

154 3154 295 3218 stuporem
308 3161 405 3212 suum,
421 3163 471 3220 per
485 3163 568 3218 quem
582 3163 638 3198 non
655 3141 784 3217 intelligit
795 3141 870 3218 quod
887 3153 997 3198 caetcros
1012 3159 1107 3196 omnes
1122 3153 1200 3216 putat

153 3231 320 3309 intelligere5
336 3254 421 3310 quum
436 3246 528 3290 tamen
542 3235 613 3291 forte
625 3234 761 3310 ejusmodi
775 3237 811 3289 sit
825 3233 901 3310 quod
917 3253 1000 3290 nemo
1013 3252 1135 3309 uuquam
1152 3245 1200 3288 aut

154 3325 299 3394 intellexit,
312 3337 358 3380 aut
369 3324 558 3381 intellecturus
570 3338 618 3382 est.
629 3328 724 3382 Statim
734 3329 860 3403 sequitur
872 3326 1036 3384 incertitudo
1048 3328 1077 3381 iu
1088 3325 1198 3390 studiis;

154 3430 180 3474 et
192 3418 263 3471 hanc
277 3418 376 3494 excipit
387 3415 559 3491 desparatio;
575 3428 602 3470 ct
615 3419 782 3488 novissime,
796 3432 959 3474 contemtus.
973 3417 1101 3474 Fideliter
1115 3420 1199 3494 igitur

155 3508 273 3564 indicavi
286 3511 373 3583 (certe
385 3507 477 3581 volui)
488 3511 581 3564 omnia
592 3508 654 3568 loca
665 3509 699 3564 dc
714 3510 814 3587 quibus
829 3512 898 3568 mihi
909 3531 964 3568 non
978 3513 1064 3589 liquet
1071 3537 1078 3578 ;
1093 3524 1120 3569 et
1130 3530 1199 3568 non—

155 3600 238 3657 nullis
252 3601 391 3658 interdum
406 3602 622 3683 forteuopitulari
639 3622 765 3680 possem,
782 3607 834 3662 nisi
849 3605 960 3662 taederct
975 3607 1139 3681 conjecturis
1154 3607 1197 3661 in-

190 3844 195 3864 ·
213 3831 272 3896 sylv.
283 3836 316 3891 ll,
326 3835 352 3890 6,
363 3833 407 3892 ἕο,
418 3835 457 3881 ubi
467 3834 520 3882 virle
529 3832 652 3882 lectionem
662 3851 730 3899 quem
740 3837 848 3883 erminus.
