2850 4488
221 309 287 399 ⁴96
413 306 550 371 nora
574 306 621 369 riv
646 303 845 370 cannen
869 301 1069 370 snxrun

404 437 434 480 At
442 431 500 479 liaris
509 431 563 477 Caci
573 445 637 476 ment
646 429 733 485 effera,
744 443 774 476 ue
783 429 841 492 quid
848 430 955 476 inausum

402 503 449 548 Aut
457 502 596 548 intentatum
606 497 727 547 scelerisve
737 498 812 546 dolive
821 499 902 546 luisset
908 532 916 554 ,

402 575 509 634 Quattuor
517 587 532 621 a
540 569 634 619 stabttlit
644 571 761 634 praetenti
771 575 870 632 corpote
879 581 958 617 tauros

403 644 506 690 Avertit:

216 749 252 798 ita
263 741 419 815 legendum,
431 758 486 793 nou
492 739 583 811 furiis.
593 740 669 794 Mens
680 739 930 810 Camjrrrisauertit,
943 737 970 790 id
982 751 1035 806 est,
1049 740 1263 813 Cacucfiaraves-

217 827 256 878 tit.
276 825 352 876 Mens
369 821 481 875 Cesarea
500 838 550 892 pro
566 819 657 886 cesar,
675 817 751 871 Orid.
770 817 872 870 Pontio.
893 818 932 882 11,
950 834 973 884 r,
986 837 1011 870 r.
1034 835 1079 890 ¹7³
1097 819 1134 871 ita
1152 837 1262 891 quornm

215 903 299 954 menti
309 919 358 974 pro
367 900 461 973 quibus
471 897 544 971 apud
553 896 644 968 virgil.
656 897 714 949 AEn.
725 897 765 963 11,
776 895 824 962 35,
840 896 895 947 :At
905 895 991 968 Capys
1004 909 1031 948 et
1042 914 1157 969 quorum
1168 896 1262 950 melior

216 983 346 1036 sententia
360 980 475 1046 menti,·
496 977 593 1043 idest,
612 967 706 1050 quibus
719 975 813 1028 mabar
832 975 970 1028 sententia.
988 976 1029 1030 lta
1046 973 1153 1029 illenim
1166 988 1262 1029 mentes

216 1081 266 1135 pro
280 1061 323 1113 iili
334 1078 377 1131 ap.
389 1057 542 1124 Manilium,
554 1059 592 1124 11,
605 1055 671 1120 6263
686 1057 776 1129 quibus
786 1055 915 1107 mentibus
925 1073 974 1126 pro
986 1055 1078 1128 quibus
1089 1053 1162 1128 apud
1173 1053 1259 1108 valer.

216 1142 355 1207 flaccum,
370 1140 421 1206 vt,
437 1157 504 1192 vers.
524 1137 582 1190 181.
596 1138 673 1190 Mens
685 1139 756 1190 enim
771 1136 925 1209 simpliciter
941 1155 990 1208 pro
1003 1154 1127 1210 pennum
1140 1134 1260 1204 Gratius,

215 1220 313 1292 Cyneg.
327 1235 397 1271 vers.
413 1215 461 1288 96,

527 1355 533 1366 .
544 1354 549 1364 .
559 1355 565 1366 .
575 1323 653 1368 .Deua
661 1319 715 1376 ille,
725 1335 756 1368 an
764 1321 869 1385 proxima
877 1321 942 1367 Divis

400 1394 467 1443 Mem
476 1392 536 1448 tuit,
546 1393 571 1438 iu
580 1407 652 1438 cecat
661 1393 734 1440 aciem
744 1407 796 1455 qne
805 1407 888 1452 magna
896 1392 1002 1438 tenebras

400 1464 466 1526 Egit,
477 1476 500 1509 et
508 1464 613 1525 ignarum
623 1461 727 1526 perfudit
734 1462 823 1509 lumine
832 1461 932 1524 vulgus?

215 1563 334 1620 Juvenal.
347 1563 398 1628 VI,
414 1562 481 1616 316:
497 1562 543 1614 «Ο
558 1573 671 1633 quantus
688 1573 751 1612 tunc
768 1559 820 1611 illis
836 1559 969 1614 mantibus
986 1559 1066 1612 ardor
1081 1562 1258 1616 Concubitus!

216 1665 273 1720 qun
285 1665 336 1699 vox
347 1643 458 1697 saliente
469 1641 595 1694 libidine!
607 1665 619 1690 ι
633 1644 669 1694 ita
680 1639 836 1712 legendum
848 1639 942 1712 vulgo,
954 1641 1065 1696 saltante
1074 1641 1191 1697 libidine.
1202 1646 1259 1698 bla-

215 1726 308 1791 nilius,
319 1727 356 1791 11,
372 1724 445 1780 aAut
460 1738 518 1794 ques
530 1723 601 1774 fessa
612 1718 706 1774 sedent
717 1722 809 1792 pigras
820 1721 961 1773 referentia
972 1737 1087 1789 mentes,
1097 1748 1109 1772 ι
1124 1726 1160 1777 ita
1171 1725 1259 1796 legeu-

216 1805 294 1874 dum,
308 1823 363 1857 uon
381 1803 434 1856 Ut.-
451 1803 526 1872 signa
538 1801 680 1853 referentia
692 1801 780 1874 piqras
791 1810 901 1867 mentes,
912 1800 941 1853 id
955 1816 1007 1867 est,
1021 1821 1078 1874 que
1093 1805 1188 1857 similia
1199 1819 1258 1857 sunt

214 1884 353 1938 desidiosis
367 1896 394 1934 et
405 1882 486 1955 pipris
498 1880 657 1947 bominibus,
674 1892 806 1951 qnatenus
822 1879 916 1933 sedent.
929 1879 1054 1950 Ovidius,
1067 1884 1125 1935 Art.
1140 1885 1199 1936 Am.
1212 1885 1258 1950 ill,

216 1964 264 2020 25:
283 1964 359 2014 alVee
377 1976 467 2014 tamen
481 1956 522 2012 be
537 1972 638 2011 mentes
652 1971 743 2010 nostra
761 1973 910 2030 poscuntur
928 1958 962 2011 ab
982 1973 1069 2012 arten
1086 1963 1163 2016 Mens
1179 1965 1258 2035 igitur

214 2042 316 2094 domini
332 2060 382 2114 pro
401 2039 537 2107 dominns,
555 2051 584 2091 ut
603 2037 661 2092 cali
682 2036 771 2091 lumen
788 2057 839 2109 pro
857 2037 965 2106 cetam,
983 2039 1077 2094 Ptoebt
1095 2060 1192 2115 nomen
1208 2062 1256 2116 pro

213 2121 332 2176 Placebat.

247 2283 291 2352 94.
313 2282 340 2339 V
337 2282 438 2336 manns.
455 2281 505 2335 Cui
521 2281 620 2332 amicus
635 2279 686 2332 fuit
699 2294 816 2333 extrema
832 2283 911 2334 etiam
926 2279 1047 2346 fortuna;
1066 2297 1092 2335 et
1106 2303 1177 2338 nunc
1188 2283 1257 2342 illius

212 2382 310 2418 nomen
323 2363 423 2414 mortui
438 2361 540 2414 recolit.
553 2362 675 2412 Vestinus
687 2361 841 2414 interfectus
853 2372 892 2413 est
903 2361 981 2430 jussu
993 2363 1106 2416 Neronis
1118 2365 1146 2416 in
1158 2384 1257 2418 oonsu-

212 2445 284 2498 latu:
300 2442 391 2498 odium
401 2447 430 2496 iu
443 2461 504 2496 eum
518 2454 679 2515 conceperat
692 2444 817 2515 princeps
829 2441 865 2493 ob
879 2442 987 2494 nimiam
1000 2443 1178 2507 sodalitatem
1192 2465 1257 2498 nam

178 2553 181 2559 ¹
212 2529 336 2580 Vestinus
347 2526 403 2595 ejus
415 2525 545 2595 ignaviam
555 2520 733 2586 devinciebat;
746 2520 791 2574 ille
801 2520 936 2575 metuebat
947 2524 1024 2576 amici
1035 2525 1170 2576 ferociam.
1181 2527 1257 2578 Misit

212 2607 291 2678 igitur
307 2605 469 2657 Generatum
485 2601 622 2654 tribunum
638 2619 698 2653 euru
712 2600 839 2668 cohorte,
858 2614 888 2653 ut
902 2619 963 2654 aum
981 2617 1103 2672 necaret,
1116 2622 1179 2656 natu
1191 2619 1256 2658 tunc

212 2683 371 2755 epulabatur
388 2700 448 2734 cnm
465 2685 605 2754 juveutute
619 2680 723 2734 delecta
739 2683 798 2755 pari
815 2693 899 2734 atate.
918 2681 1005 2734 Primo
1023 2683 1139 2736 adventu
1156 2683 1256 2738 tribuni

211 2764 300 2816 statim
310 2781 382 2814 vente
394 2762 516 2816 abarim
528 2775 603 2828 sunt,
611 2761 720 2815 medico
732 2763 833 2816 accito:
846 2763 936 2815 vivens
948 2760 1035 2816 adbuc
1046 2762 1143 2818 balneo
1154 2783 1255 2818 mersa-

211 2856 253 2896 tus
268 2857 323 2910 est,
337 2841 410 2894 nulla
423 2839 495 2896 edita
507 2861 573 2896 voce
587 2861 680 2915 quase
692 2843 870 2896 miseraretur.
888 2841 986 2924 Doara.

244 3023 288 3094 98.
310 3023 406 3089 Virtus,
425 3031 452 3076 et
467 3035 585 3078 amantes
602 3025 718 3076 cannino
737 3023 835 3076 latente.
850 3023 903 3076 Hic
920 3024 968 3076 tibi
982 3023 1093 3078 solemni
1102 3025 1255 3079 memorabit

209 3105 338 3166 camnine,
350 3116 475 3175 quantus,
488 3117 538 3156 ete.
550 3105 648 3157 inscita
656 3104 713 3156 heo
723 3104 844 3174 repetitio
854 3122 950 3157 rocam
959 3105 1078 3157 camina
1088 3116 1115 3156 et
1123 3106 1253 3172 sunnine,

209 3197 263 3235 tam
272 3181 347 3234 nullo
356 3182 509 3251 intervallo,
518 3187 560 3236 vix
569 3187 682 3256 potuita
692 3185 774 3236 Statio
783 3185 931 3256 proficisci3
941 3187 969 3237 in
981 3185 1099 3239 secundo
1106 3203 1169 3239 vero
1178 3186 1253 3254 loeo,

207 3259 235 3315 cl
254 3263 368 3315 carmine
385 3277 458 3316 reete
471 3263 571 3316 habere
585 3265 682 3316 evincit
699 3263 775 3316 loeus
792 3264 922 3318 Thebaid.
939 3265 1001 3333 Vll,
1021 3266 1089 3336 2892
1107 3265 1252 3339 «udisque

208 3353 337 3413 perpetuo
354 3341 538 3394 memorabunt
554 3343 670 3394 carmine
684 3343 798 3394 Musam
813 3343 881 3395 ttihi
896 3362 950 3397 non
965 3342 1077 3397 dubium
1089 3359 1129 3398 est
1142 3347 1251 3399 Statium

207 3424 357 3494 scripsisse,
373 3425 483 3490 «vittas,
496 3437 522 3475 et
535 3435 652 3475 amantes
664 3435 787 3493 tempora
798 3421 896 3476 laurus.
908 3447 924 3492 ιι1
935 3423 1003 3476 Vide
1015 3444 1073 3497 quse
1085 3425 1138 3477 dixi
1149 3427 1250 3480 Praefat.

207 3501 240 3553 de
258 3505 465 3556 commutatione
482 3520 579 3554 vocum
599 3501 803 3574 trisyllabarum.
821 3505 861 3555 Ita
879 3503 959 3557 Ovid.
979 3504 1035 3558 Art.
1055 3505 1143 3557 Amat.
1163 3507 1201 3574 ll,
1220 3505 1250 3570 3,

209 3581 314 3634 uisatur
337 3598 426 3634 amant
445 3581 527 3633 donet
547 3579 623 3633 viridi
644 3601 702 3634 mea
722 3584 836 3634 carmina
855 3582 982 3655 palma;r
1002 3585 1031 3635 in
1051 3584 1251 3656 quatuordecim

206 3662 276 3715 MSS.
290 3667 347 3715 erat
358 3674 474 3733 tempora
478 3683 487 3722 ‚·
500 3675 527 3713 et
539 3662 564 3712 iu
579 3674 640 3713 octo
654 3661 728 3716 lauro
740 3683 789 3735 pro
799 3663 900 3736 palma.
913 3665 1013 3716 bannis
1024 3684 1086 3716 vero
1098 3679 1124 3717 et
1137 3678 1251 3739 tempora

205 3733 334 3812 perpetuo
347 3742 560 3810 conjunguntur3
572 3741 673 3793 Auctor
687 3741 759 3814 Eleg.
772 3745 799 3796 in
810 3743 889 3798 Mort.
902 3745 996 3813 Drusi,
1010 3764 1034 3797 v.
1050 3744 1117 3816 459,
1132 3769 1144 3792 ι
1153 3747 1250 3820 cingor

205 3820 344 3893 Apollinea
356 3819 473 3872 victricia
486 3834 605 3892 tempora
619 3821 733 3887 laur03·
750 3826 904 3897 Anonymus
917 3825 945 3875 in
957 3825 1040 3880 baud.
1055 3823 1191 3892 Herculis,

388 3925 479 3988 linque
488 3941 582 3984 nemus,
593 3927 704 3993 mollique
715 3943 808 3978 erantne
816 3943 922 3993 tempora
931 3929 998 3978 lauro

388 3995 491 4061 Populea
500 4015 592 4048 mecum
600 4016 695 4051 carmen
704 4001 793 4051 luctare
802 4003 845 4050 sub
854 4003 948 4060 umbra,
