2850 4488
483 141 490 172 l

218 323 283 408 452
395 323 530 389 uoun
555 325 603 390 1u
629 326 828 390 eunucu
850 327 1081 398 ruuuluu

214 453 283 520 bila,
297 449 375 503 solito
387 465 435 500 suo
448 447 551 500 officio.
564 445 703 515 Manilius,
717 447 763 500 lib.
775 450 804 517 1,
821 452 931 524 :thue
942 469 1005 507 suos
1017 473 1095 509 arcus
1107 475 1154 528 per
1166 459 1258 516 nubila

215 535 324 585 circinat
334 531 390 583 Iris.
402 552 413 576 ι
427 525 568 599 Vulgarum
580 528 656 579 imbri
667 547 697 580 ex
709 526 799 582 multis
818 543 958 602 poetarum
973 532 1040 588 locis
1056 534 1197 592 defendere
1209 559 1259 612 po·
1298 521 1303 527 ι

213 625 281 678 test,
301 613 323 663 si
339 610 400 682 quis
414 621 524 680 torpore
542 605 697 659 delectatur.
716 608 849 661 Memoria
867 629 929 662 vero
948 610 1031 665 falsus
1048 615 1100 668 fuit
1118 619 1258 687 Heinsius,

214 709 296 764 quum
316 689 474 741 existimaret
492 685 624 758 vulgatum
645 685 719 739 suut
735 686 877 740 lectionem
892 690 989 756 fuisse,
1004 714 1016 737 ι
1027 692 1148 760 Qmm,
1166 697 1259 751 nubib

213 775 260 844 qui
269 784 380 825 coronat
391 785 467 822 orcus
477 789 484 818 ι
495 790 506 814 ι
518 769 554 818 ita
564 769 634 820 euim
643 765 718 818 illum
728 769 888 822 existimasse
902 788 934 821 ex
945 784 1009 824 note
1020 776 1077 845 ejus
1090 774 1177 830 video.
1192 779 1258 830 Exi.

213 865 252 906 tut
262 869 324 905 vero
337 850 437 903 cionem
449 866 498 920 pro
510 847 606 900 excitits
617 847 701 899 viator
709 849 883 900 certissimum
894 863 960 921 puto
977 872 983 902 :
1002 864 1076 924 putet
1090 873 1121 906 ex
1136 859 1258 928 sequenti

212 949 308 998 versu,
330 927 410 980 nlllic
429 927 515 998 Appia
531 943 558 978 se
575 923 648 976 dolet
663 924 817 997 relinqui;n
841 939 868 978 et
886 929 969 998 Epist.
988 928 1022 981 ud
1040 929 1159 985 Marcell.
1178 954 1204 987 v.
1224 951 1256 1004 ²,

215 1031 227 1055 ι
236 1011 291 1062 llec
303 1008 485 1080 ingressorias
498 1023 550 1076 qua
564 1003 661 1057 nobilis
675 1006 763 1076 Appia
779 1006 874 1057 crescit
889 1007 919 1058 ln
935 1005 1043 1070 lutum·
1063 1021 1090 1061 et
1104 1011 1161 1063 init.
1175 1012 1256 1084 liujus

212 1090 351 1153 carminis,
369 1106 394 1140 r.
412 1087 444 1150 3,
466 1108 478 1131 ι
490 1085 594 1138 Saxosae
610 1083 677 1136 latus
693 1085 785 1156 Appio
801 1085 943 1157 replevit.»
965 1089 1035 1140 Dicit
1052 1089 1133 1160 igitur
1151 1090 1186 1143 ab
1204 1095 1256 1145 isto

212 1188 274 1222 arcu
290 1169 395 1220 initium
411 1167 556 1236 sumpsisse
571 1164 649 1218 Viam
666 1165 866 1228 Domitianum
883 1184 941 1237 que
954 1185 1004 1238 per
1017 1165 1125 1240 aliquod
1138 1174 1256 1244 spatium

211 1248 418 1302 continuabatur
429 1251 505 1319 juxte
520 1245 587 1299 lanu
600 1247 646 1298 vie
659 1245 759 1318 Appiae.

249 1409 306 1445 rto.
324 1393 388 1445 Eooe
401 1391 504 1450 luunu5
517 1389 646 1461 triumphi
659 1389 821 1453 orientalem
835 1409 899 1445 nam
912 1392 1143 1463 septemtrionales
1160 1396 1184 1448 ci
1199 1393 1255 1448 dati

211 1485 289 1538 sunt,
304 1483 331 1524 et
346 1490 378 1523 ex
392 1467 547 1523 Occidente.
565 1467 665 1540 Supra,
682 1469 753 1522 XVII
769 1470 850 1522 Cone.
868 1489 947 1523 carm.
965 1471 976 1521 l
992 1469 1047 1542 huj.
1063 1471 1141 1542 libri,
1154 1491 1192 1528 rs.
1208 1474 1253 1541 41,

214 1551 354 1605 unondnm
369 1553 469 1622 gremio
481 1551 554 1602 lovis
566 1550 656 1602 ludica
669 1547 788 1602 laurum
805 1551 904 1605 noun.

248 1711 305 1747 tto.
326 1695 377 1766 Qui
386 1695 473 1767 primo
487 1691 614 1760 Tiberim,
627 1703 677 1745 etc.
690 1693 767 1744 Hunc
779 1702 806 1744 et
817 1707 970 1764 sequentem
981 1713 1085 1748 versum
1098 1697 1200 1750 uncinis
1211 1698 1254 1752 iu·

182 1812 191 1838 ,
210 1773 291 1839 clusi,
305 1788 392 1828 certus
407 1791 453 1827 eos
465 1791 520 1825 non
532 1789 589 1824 esse
600 1769 710 1841 hujusce
724 1769 791 1836 loci,
806 1784 853 1823 eut
863 1771 919 1825 ullo
933 1773 1014 1826 modo
1029 1792 1091 1827 cum
1104 1776 1255 1846 praeceden-

210 1854 280 1906 tibus
295 1869 341 1907 aut
352 1849 576 1924 subsequentibus·
586 1849 792 1903 connectendos.
805 1851 878 1918 Quid
889 1853 975 1903 enim?
986 1872 1054 1905 enne
1067 1852 1123 1907 liaec
1135 1869 1175 1908 est
1186 1858 1254 1909 ratio

209 1952 291 2005 quare
301 1934 386 1986 ultimi
398 1935 512 1986 Orientis
525 1944 617 2000 gentes
629 1933 749 1983 venirent
761 1933 887 1998 Romam,
900 1945 927 1984 et
938 1950 966 1984 se
977 1932 1132 1986 Domitiano
1145 1935 1255 1989 submit·

209 2025 310 2078 terent,
326 2014 409 2084 aquia
419 2012 513 2082 aliquis
528 2012 573 2083 qui
584 2013 694 2062 Romam
708 2009 814 2083 reliquit
828 2030 921 2079 mnne,
932 2014 1036 2083 vesperi
1047 2015 1156 2084 navigat
1166 2017 1255 2068 bum-i·

208 2108 272 2141 num
284 2090 387 2143 lacum?
397 2113 408 2137 ι
420 2090 513 2141 Invitat
525 2106 570 2140 eos
583 2088 616 2140 ub
630 2088 735 2141 Oriente
747 2088 781 2140 ud
791 2089 902 2141 Romam
907 2111 917 2151 ;
929 2087 1025 2142 deinde
1037 2089 1087 2143 illis
1099 2105 1189 2145 namot
1200 2113 1254 2146 om·

208 2171 251 2220 nie
258 2172 314 2239 jam
324 2170 410 2222 facilia
423 2188 480 2222 esse
491 2169 598 2220 alloma
608 2167 641 2220 ud
652 2168 739 2221 laeum
748 2169 908 2232 lucrinum
919 2174 1052 2224 contrario
1062 2171 1142 2224 modo
1152 2172 1254 2226 dictum

210 2252 342 2321 oportuit,
352 2268 460 2322 nempe,
472 2248 569 2301 Omnia
575 2253 630 2319 jam
641 2248 727 2300 tacitia
738 2267 794 2300 esse
805 2250 941 2304 ulucrino
953 2249 987 2303 ud
998 2252 1117 2303 llomom.
1128 2251 1180 2305 Sed
1189 2253 1254 2326 qnid

208 2331 360 2380 moramur?
373 2348 427 2381 non
442 2341 504 2380 sunt
517 2326 608 2393 Statii,
625 2326 671 2381 sed
686 2324 837 2380 ludibunde
849 2348 956 2393 manus3
976 2330 1094 2402 ejusdem
1110 2333 1179 2383 forte
1195 2351 1253 2404 que

207 2409 286 2461 semel
299 2411 326 2461 in
340 2408 399 2462 Kal.
416 2406 552 2461 Decembr.
567 2427 591 2459 v.
610 2407 657 2474 16,
671 2422 697 2459 et
711 2407 752 2459 bis
763 2410 791 2460 in
805 2409 979 2464 Genethliuco
991 2412 1105 2477 Lucum,
1117 2430 1141 2462 v.
1157 2409 1208 2476 58,
1224 2426 1252 2464 et

209 2489 325 2552 85-86,
337 2488 413 2541 nobis
424 2486 534 2560 palpum
547 2486 669 2539 obtrusit.
680 2489 752 2540 Neve
761 2487 814 2540 hoc
823 2491 904 2560 gretie
914 2489 1013 2542 dictum
1024 2501 1115 2560 putes,
1127 2505 1251 2541 recurras

209 2569 244 2622 ad
256 2589 279 2622 v.
292 2569 341 2636 36,
353 2567 432 2638 hujus
446 2569 584 2634 carminis,

422 2659 453 2702 At
462 2671 539 2714 nnnc,
549 2671 601 2720 qnae
610 2655 708 2704 solidum
718 2656 779 2704 diem
788 2657 878 2704 terebat

424 2730 539 2775 Horarum
549 2729 585 2774 via
595 2728 655 2774 lecta
665 2730 701 2775 rix
711 2729 816 2783 duarum.

207 2819 268 2872 Jam
283 2819 364 2892 igitur
376 2817 536 2870 nebulonem
554 2817 712 2869 obliviosum
728 2831 863 2870 tenemus:
878 2818 900 2869 si
916 2820 986 2870 enim
1000 2818 1097 2872 duobirs
1114 2819 1183 2872 liores
1198 2818 1251 2873 boc

207 2902 258 2952 iter
274 2899 367 2970 perlici
383 2911 489 2969 posset,
507 2895 643 2969 quodnam
662 2915 745 2967 opus,
758 2910 788 2948 ut
802 2907 885 2949 tutum
898 2896 968 2948 diem
982 2897 1045 2950 buic
1059 2901 1221 2967 assignaret,
1234 2917 1251 2950 a

206 2980 292 3050 primo
304 2991 361 3031 ortu
372 2977 406 3030 ad
415 2978 530 3050 primum
543 2975 688 3048 vesperem?

244 3121 302 3189 ¹37·
323 3118 425 3192 Iarpb,
438 3119 532 3184 India,
544 3119 652 3171 nubibus
662 3117 784 3169 madens.
797 3119 842 3170 11ae
855 3115 1024 3190 apostrophe
1037 3119 1122 3190 poetis
1134 3118 1251 3172 usitatis-

207 3199 284 3250 simae.
297 3198 356 3250 vat.
369 3197 456 3251 Flacc.
469 3204 502 3266 V,
516 3199 565 3270 78,
579 3198 612 3249 de
624 3195 742 3262 Boccho,
758 3196 821 3249 -uc
833 3198 931 3251 resides
944 3198 1062 3264 thineus,
1075 3199 1120 3251 bic
1131 3217 1182 3251 era
1193 3217 1252 3250 mo·

207 3289 324 3345 ventem,
335 3277 448 3351 Udaque
460 3281 601 3352 pampineo
613 3289 763 3328 nectentem
775 3297 876 3331 cornua
887 3281 965 3332 mitra
975 3281 1055 3332 Nunc
1067 3281 1147 3332 etium
1159 3280 1251 3332 meuti-

205 3357 296 3426 nistis,
310 3377 419 3432 aqum„
436 3361 472 3411 ita
488 3357 642 3430 legendum
656 3356 752 3428 vulgo,
766 3375 863 3412 commu
877 3359 942 3413 vitto
949 3383 960 3422 ‚-
973 3361 1082 3428 Noster,
1096 3359 1181 3413 Theb.
1200 3361 1251 3427 IX,

207 3435 275 3505 818,
288 3439 336 3510 qui
347 3436 422 3492 locus
434 3458 450 3491 e
460 3437 594 3490 Gronovio
605 3455 714 3508 quoque
727 3437 876 3508 adducitur,

389 3528 466 3573 Frena
472 3541 566 3587 regam
576 3523 650 3570 cultus
658 3525 742 3571 ‘l’ririu
751 3525 882 3587 pendebitis
891 3525 938 3574 alto

389 3597 494 3652 timim
505 3595 601 3656 captivis
610 3605 707 3642 matrem
716 3595 809 3642 donabo
818 3596 947 3658 phnrcuis;

205 3685 251 3737 ubi
265 3704 313 3757 pro
328 3686 430 3738 Limine
442 3684 548 3736 mallem
561 3684 693 3751 thumim,
709 3698 739 3737 ut
757 3683 851 3738 eodem
870 3685 916 3738 lib.
930 3704 997 3740 vers.
1015 3687 1063 3756 ¹94
1076 3684 1194 3739 culmine
1211 3699 1250 3739 est

204 3763 290 3824 tholo‘,·
307 3763 436 3830 Rutilius,
452 3765 570 3817 ltiueran
584 3768 611 3833 1,
629 3766 695 3819 281:

386 3850 444 3898 lude
453 3853 613 3900 Grutitctrum
622 3854 711 3917 fastigia
720 3869 772 3901 rura
781 3852 901 3910 ridemus,

418 3923 480 3983 Quat
489 3925 574 3986 premit
582 3925 664 3973 estiva
675 3940 734 3972 saeve
744 3923 835 3987 paludis
844 3924 918 3981 cdor;

204 4011 239 4059 ita
254 4008 406 4079 legendum
420 4010 513 4084 vulgo,
529 4015 625 4084 premit
641 4031 720 4085 soepe,·
738 4012 911 4084 frigidissime.
932 4011 1078 4065 observati
1091 4023 1183 4065 autem
1197 4009 1240 4061 ba·
