<?xml version="1.0" encoding="UTF-8"?>
<!DOCTYPE html PUBLIC "-//W3C//DTD XHTML 1.0 Transitional//EN"
    "http://www.w3.org/TR/xhtml1/DTD/xhtml1-transitional.dtd">
<html xmlns="http://www.w3.org/1999/xhtml" xml:lang="en" lang="en">
 <head>
  <title>
</title>
<meta http-equiv="Content-Type" content="text/html;charset=utf-8" />
  <meta name='ocr-system' content='tesseract 3.04.00' />
  <meta name='ocr-capabilities' content='ocr_page ocr_carea ocr_par ocr_line ocrx_word'/>
</head>
<body>
  <div class='ocr_page' id='page_1' title='image "./quexstantomniao03lemagoog_0186.png"; bbox 0 0 2804 4490; ppageno 0'>
   <div class='ocr_carea' id='block_1_1' title="bbox 537 588 892 688">
    <p class='ocr_par' dir='ltr' id='par_1_1' title="bbox 537 588 892 688">
     <span class='ocr_line' id='line_1_1' title="bbox 537 588 892 688; baseline -0.017 0"><span class='ocrx_word' id='word_1_1' title='bbox 537 589 808 688; x_wconf 84' lang='lat' dir='ltr'><strong>CARMEN</strong></span> <span class='ocrx_word' id='word_1_2' title='bbox 836 588 892 686; x_wconf 82' lang='lat' dir='ltr'><strong>V.</strong></span> 
     </span>
    </p>
   </div>
   <div class='ocr_carea' id='block_1_2' title="bbox 656 875 767 894">
    <p class='ocr_par' dir='ltr' id='par_1_2' title="bbox 656 875 767 894">
     <span class='ocr_line' id='line_1_2' title="bbox 656 875 767 894; baseline -0.018 -2"><span class='ocrx_word' id='word_1_3' title='bbox 656 875 767 894; x_wconf 60' lang='lat' dir='ltr'><strong>un*-</strong></span> 
     </span>
    </p>
   </div>
   <div class='ocr_carea' id='block_1_3' title="bbox 586 1001 591 1031">
    <p class='ocr_par' dir='ltr' id='par_1_3' title="bbox 586 1001 591 1031">
     <span class='ocr_line' id='line_1_3' title="bbox 586 1001 591 1031; baseline 0 0"><span class='ocrx_word' id='word_1_4' title='bbox 586 1001 591 1031; x_wconf 74' lang='lat' dir='ltr'><strong>i</strong></span> 
     </span>
    </p>
   </div>
   <div class='ocr_carea' id='block_1_4' title="bbox 366 1085 1064 1154">
    <p class='ocr_par' dir='ltr' id='par_1_4' title="bbox 366 1085 1064 1154">
     <span class='ocr_line' id='line_1_4' title="bbox 366 1085 1064 1154; baseline -0.007 0"><span class='ocrx_word' id='word_1_5' title='bbox 366 1088 598 1153; x_wconf 85' lang='lat' dir='ltr'><strong>BALNEUM</strong></span> <span class='ocrx_word' id='word_1_6' title='bbox 620 1085 823 1150; x_wconf 83' lang='lat' dir='ltr'><strong>CLAUDII</strong></span> <span class='ocrx_word' id='word_1_7' title='bbox 847 1085 1064 1154; x_wconf 85' lang='lat' dir='ltr'>ETRUSGI.</span> 
     </span>
    </p>
   </div>
   <div class='ocr_carea' id='block_1_5' title="bbox 240 1431 1244 2554">
    <p class='ocr_par' dir='ltr' id='par_1_5' title="bbox 240 1431 1146 1554">
     <span class='ocr_line' id='line_1_5' title="bbox 240 1431 1146 1554; baseline -0.008 -21"><span class='ocrx_word' id='word_1_8' title='bbox 240 1431 331 1534; x_wconf 79' lang='lat' dir='ltr'><strong>Nou</strong></span> <span class='ocrx_word' id='word_1_9' title='bbox 344 1460 506 1530; x_wconf 84' lang='lat' dir='ltr'>Helicona</span> <span class='ocrx_word' id='word_1_10' title='bbox 517 1461 609 1554; x_wconf 80' lang='lat' dir='ltr'><strong>gravi</strong></span> <span class='ocrx_word' id='word_1_11' title='bbox 620 1459 734 1554; x_wconf 90' lang='lat' dir='ltr'><strong>pulsat</strong></span> <span class='ocrx_word' id='word_1_12' title='bbox 745 1457 861 1554; x_wconf 77' lang='lat' dir='ltr'><strong>chelys</strong></span> <span class='ocrx_word' id='word_1_13' title='bbox 872 1459 993 1528; x_wconf 77' lang='lat' dir='ltr'><strong>enthea</strong></span> <span class='ocrx_word' id='word_1_14' title='bbox 1003 1457 1146 1553; x_wconf 89' lang='lat' dir='ltr'><strong>plectro,</strong></span> 
     </span>
    </p>

    <p class='ocr_par' dir='ltr' id='par_1_6' title="bbox 240 1569 1028 1642">
     <span class='ocr_line' id='line_1_6' title="bbox 240 1569 1028 1642; baseline -0.006 0"><span class='ocrx_word' id='word_1_15' title='bbox 240 1578 310 1642; x_wconf 86' lang='lat' dir='ltr'><strong>Nec</strong></span> <span class='ocrx_word' id='word_1_16' title='bbox 321 1571 444 1641; x_wconf 84' lang='lat' dir='ltr'><strong>lassata</strong></span> <span class='ocrx_word' id='word_1_17' title='bbox 454 1594 538 1640; x_wconf 86' lang='lat' dir='ltr'><strong>voco</strong></span> <span class='ocrx_word' id='word_1_18' title='bbox 550 1573 647 1638; x_wconf 86' lang='lat' dir='ltr'><strong>toties</strong></span> <span class='ocrx_word' id='word_1_19' title='bbox 659 1569 742 1638; x_wconf 91' lang='lat' dir='ltr'><strong>mihi</strong></span> <span class='ocrx_word' id='word_1_20' title='bbox 753 1573 894 1638; x_wconf 88' lang='lat' dir='ltr'><strong>numina</strong></span> <span class='ocrx_word' id='word_1_21' title='bbox 905 1574 1028 1639; x_wconf 87' lang='lat' dir='ltr'><strong>Musas.</strong></span> 
     </span>
    </p>

    <p class='ocr_par' dir='ltr' id='par_1_7' title="bbox 241 1679 1062 1767">
     <span class='ocr_line' id='line_1_7' title="bbox 241 1679 1062 1767; baseline -0.009 -14"><span class='ocrx_word' id='word_1_22' title='bbox 241 1688 283 1753; x_wconf 85' lang='lat' dir='ltr'><strong>Et</strong></span> <span class='ocrx_word' id='word_1_23' title='bbox 295 1699 341 1766; x_wconf 84' lang='lat' dir='ltr'><strong>te,</strong></span> <span class='ocrx_word' id='word_1_24' title='bbox 353 1681 494 1764; x_wconf 80' lang='lat' dir='ltr'><strong>Phoebe,</strong></span> <span class='ocrx_word' id='word_1_25' title='bbox 508 1681 634 1767; x_wconf 86' lang='lat' dir='ltr'><strong>choris,</strong></span> <span class='ocrx_word' id='word_1_26' title='bbox 649 1697 683 1750; x_wconf 87' lang='lat' dir='ltr'><strong>et</strong></span> <span class='ocrx_word' id='word_1_27' title='bbox 694 1697 727 1750; x_wconf 87' lang='lat' dir='ltr'><strong>te</strong></span> <span class='ocrx_word' id='word_1_28' title='bbox 739 1679 939 1750; x_wconf 85' lang='lat' dir='ltr'><strong>dimittimus</strong></span> <span class='ocrx_word' id='word_1_29' title='bbox 951 1685 1062 1750; x_wconf 87' lang='lat' dir='ltr'><strong>Evan:</strong></span> 
     </span>
    </p>

    <p class='ocr_par' dir='ltr' id='par_1_8' title="bbox 242 1793 1077 1890">
     <span class='ocr_line' id='line_1_8' title="bbox 242 1793 1077 1890; baseline -0.002 -27"><span class='ocrx_word' id='word_1_30' title='bbox 242 1801 363 1890; x_wconf 72' lang='lat' dir='ltr'><strong>&#39;iisque</strong></span> <span class='ocrx_word' id='word_1_31' title='bbox 374 1797 509 1862; x_wconf 89' lang='lat' dir='ltr'><strong>inimica</strong></span> <span class='ocrx_word' id='word_1_32' title='bbox 520 1793 617 1876; x_wconf 84' lang='lat' dir='ltr'><strong>ferae‚</strong></span> <span class='ocrx_word' id='word_1_33' title='bbox 630 1794 768 1864; x_wconf 83' lang='lat' dir='ltr'>volucer</span> <span class='ocrx_word' id='word_1_34' title='bbox 780 1799 935 1887; x_wconf 75' lang='lat' dir='ltr'><strong>Tegeaee,</strong></span> <span class='ocrx_word' id='word_1_35' title='bbox 948 1815 1077 1862; x_wconf 85' lang='lat' dir='ltr'><strong>sonorae</strong></span> 
     </span>
    </p>

    <p class='ocr_par' dir='ltr' id='par_1_9' title="bbox 241 1903 1242 2112">
     <span class='ocr_line' id='line_1_9' title="bbox 241 1903 1242 2000; baseline -0.006 -27"><span class='ocrx_word' id='word_1_36' title='bbox 241 1911 349 1998; x_wconf 77' lang='lat' dir='ltr'><strong>Terga</strong></span> <span class='ocrx_word' id='word_1_37' title='bbox 362 1930 496 2000; x_wconf 86' lang='lat' dir='ltr'><strong>premas</strong></span> <span class='ocrx_word' id='word_1_38' title='bbox 508 1932 516 1973; x_wconf 75' lang='grc' dir='ltr'><strong><em>ε</em></strong></span> <span class='ocrx_word' id='word_1_39' title='bbox 529 1903 613 1975; x_wconf 91' lang='lat' dir='ltr'><strong>alios</strong></span> <span class='ocrx_word' id='word_1_40' title='bbox 624 1921 770 2000; x_wconf 87' lang='lat' dir='ltr'><strong>poscunt</strong></span> <span class='ocrx_word' id='word_1_41' title='bbox 782 1931 859 1975; x_wconf 89' lang='lat' dir='ltr'><strong>mea</strong></span> <span class='ocrx_word' id='word_1_42' title='bbox 869 1909 1017 1974; x_wconf 90' lang='lat' dir='ltr'><strong>carmina</strong></span> <span class='ocrx_word' id='word_1_43' title='bbox 1031 1921 1145 1974; x_wconf 86' lang='lat' dir='ltr'><strong>coetus.</strong></span> <span class='ocrx_word' id='word_1_44' title='bbox 1224 1915 1242 1967; x_wconf 84' lang='lat' dir='ltr'><strong>s·</strong></span> 
     </span>
     <span class='ocr_line' id='line_1_10' title="bbox 242 2014 1063 2112; baseline 0.001 -28"><span class='ocrx_word' id='word_1_45' title='bbox 242 2015 365 2084; x_wconf 80' lang='lat' dir='ltr'><strong>Naides</strong></span> <span class='ocrx_word' id='word_1_46' title='bbox 378 2014 546 2085; x_wconf 84' lang='lat' dir='ltr'><strong>undarum</strong></span> <span class='ocrx_word' id='word_1_47' title='bbox 558 2016 728 2100; x_wconf 88' lang='lat' dir='ltr'><strong>dominas,</strong></span> <span class='ocrx_word' id='word_1_48' title='bbox 740 2040 921 2112; x_wconf 76' lang='lat' dir='ltr'>regemque</span> <span class='ocrx_word' id='word_1_49' title='bbox 932 2018 1063 2086; x_wconf 86' lang='lat' dir='ltr'><strong>corusci</strong></span> 
     </span>
    </p>

    <p class='ocr_par' dir='ltr' id='par_1_10' title="bbox 243 2123 1144 2433">
     <span class='ocr_line' id='line_1_11' title="bbox 244 2123 1144 2224; baseline 0.001 -31"><span class='ocrx_word' id='word_1_50' title='bbox 244 2129 350 2220; x_wconf 77' lang='lat' dir='ltr'><strong>Ignis,</strong></span> <span class='ocrx_word' id='word_1_51' title='bbox 364 2123 476 2196; x_wconf 89' lang='lat' dir='ltr'><strong>adhuc</strong></span> <span class='ocrx_word' id='word_1_52' title='bbox 487 2129 630 2213; x_wconf 84' lang='lat' dir='ltr'><strong>fessum,</strong></span> <span class='ocrx_word' id='word_1_53' title='bbox 643 2128 822 2224; x_wconf 81' lang='lat' dir='ltr'><strong>Siculaque</strong></span> <span class='ocrx_word' id='word_1_54' title='bbox 833 2126 955 2197; x_wconf 89' lang='lat' dir='ltr'><strong>incude</strong></span> <span class='ocrx_word' id='word_1_55' title='bbox 967 2127 1144 2195; x_wconf 77' lang='lat' dir='ltr'><strong>nubentem</strong></span> 
     </span>
     <span class='ocr_line' id='line_1_12' title="bbox 243 2237 1103 2320; baseline 0 -16"><span class='ocrx_word' id='word_1_56' title='bbox 243 2237 404 2305; x_wconf 89' lang='lat' dir='ltr'><strong>Elicuisse</strong></span> <span class='ocrx_word' id='word_1_57' title='bbox 417 2241 507 2307; x_wconf 87' lang='lat' dir='ltr'><strong>satis.</strong></span> <span class='ocrx_word' id='word_1_58' title='bbox 524 2237 666 2307; x_wconf 85' lang='lat' dir='ltr'><strong>Paulum</strong></span> <span class='ocrx_word' id='word_1_59' title='bbox 677 2259 771 2306; x_wconf 88' lang='lat' dir='ltr'><strong>arma</strong></span> <span class='ocrx_word' id='word_1_60' title='bbox 782 2241 950 2320; x_wconf 84' lang='lat' dir='ltr'><strong>nocentia,</strong></span> <span class='ocrx_word' id='word_1_61' title='bbox 962 2237 1103 2320; x_wconf 85' lang='lat' dir='ltr'><strong>Thebae,</strong></span> 
     </span>
     <span class='ocr_line' id='line_1_13' title="bbox 245 2346 896 2433; baseline -0.005 -16"><span class='ocrx_word' id='word_1_62' title='bbox 245 2350 376 2433; x_wconf 81' lang='lat' dir='ltr'><strong>Ponite3</strong></span> <span class='ocrx_word' id='word_1_63' title='bbox 391 2346 513 2418; x_wconf 87' lang='lat' dir='ltr'><strong>dilecto</strong></span> <span class='ocrx_word' id='word_1_64' title='bbox 525 2347 603 2417; x_wconf 90' lang='lat' dir='ltr'><strong>volo</strong></span> <span class='ocrx_word' id='word_1_65' title='bbox 615 2348 766 2417; x_wconf 89' lang='lat' dir='ltr'><strong>lascivire</strong></span> <span class='ocrx_word' id='word_1_66' title='bbox 779 2346 896 2416; x_wconf 91' lang='lat' dir='ltr'><strong>sodali.</strong></span> 
     </span>
    </p>

    <p class='ocr_par' dir='ltr' id='par_1_11' title="bbox 244 2456 1244 2554">
     <span class='ocr_line' id='line_1_14' title="bbox 244 2456 1244 2554; baseline -0.004 -30"><span class='ocrx_word' id='word_1_67' title='bbox 244 2461 354 2549; x_wconf 76' lang='lat' dir='ltr'><strong>Junge</strong></span> <span class='ocrx_word' id='word_1_68' title='bbox 364 2479 450 2550; x_wconf 91' lang='lat' dir='ltr'><strong>puer</strong></span> <span class='ocrx_word' id='word_1_69' title='bbox 464 2459 619 2554; x_wconf 77' lang='lat' dir='ltr'><strong>cyathos,</strong></span> <span class='ocrx_word' id='word_1_70' title='bbox 633 2456 746 2528; x_wconf 89' lang='lat' dir='ltr'><strong>sedne</strong></span> <span class='ocrx_word' id='word_1_71' title='bbox 758 2456 1079 2538; x_wconf 87' lang='lat' dir='ltr'><strong>numerarelabora‚</strong></span> <span class='ocrx_word' id='word_1_72' title='bbox 1211 2485 1244 2521; x_wconf 82' lang='grc' dir='ltr'><strong>ιο</strong></span> 
     </span>
    </p>
   </div>
   <div class='ocr_carea' id='block_1_6' title="bbox 540 2668 900 2717">
    <p class='ocr_par' dir='ltr' id='par_1_12' title="bbox 540 2668 900 2717">
     <span class='ocr_line' id='line_1_15' title="bbox 540 2668 900 2717; baseline 0.006 -5"><span class='ocrx_word' id='word_1_73' title='bbox 540 2668 658 2715; x_wconf 75' lang='lat' dir='ltr'>VARIAE</span> <span class='ocrx_word' id='word_1_74' title='bbox 682 2669 900 2717; x_wconf 71' lang='lat' dir='ltr'><strong>unctiones.</strong></span> 
     </span>
    </p>
   </div>
   <div class='ocr_carea' id='block_1_7' title="bbox 169 2787 1251 4126">
    <p class='ocr_par' dir='ltr' id='par_1_13' title="bbox 169 2787 1250 3813">
     <span class='ocr_line' id='line_1_16' title="bbox 233 2787 1247 2864; baseline 0.002 -25"><span class='ocrx_word' id='word_1_75' title='bbox 233 2787 259 2856; x_wconf 74' lang='grc'><strong>4.</strong></span> <span class='ocrx_word' id='word_1_76' title='bbox 280 2787 373 2860; x_wconf 80' lang='lat' dir='ltr'><strong>Tuque</strong></span> <span class='ocrx_word' id='word_1_77' title='bbox 387 2790 493 2842; x_wconf 80' lang='lat' dir='ltr'><strong>inimica</strong></span> <span class='ocrx_word' id='word_1_78' title='bbox 501 2789 576 2862; x_wconf 81' lang='lat' dir='ltr'><strong>feroe.</strong></span> <span class='ocrx_word' id='word_1_79' title='bbox 593 2790 700 2843; x_wconf 82' lang='lat' dir='ltr'><strong>Politia·</strong></span> <span class='ocrx_word' id='word_1_80' title='bbox 744 2793 792 2860; x_wconf 69' lang='lat'><strong>40,</strong></span> <span class='ocrx_word' id='word_1_81' title='bbox 804 2792 875 2846; x_wconf 89' lang='lat' dir='ltr'><strong>unde</strong></span> <span class='ocrx_word' id='word_1_82' title='bbox 887 2789 951 2864; x_wconf 73' lang='lat' dir='ltr'><strong>legit</strong></span> <span class='ocrx_word' id='word_1_83' title='bbox 965 2793 1085 2861; x_wconf 74' lang='lat' dir='ltr'><strong>-Juuge‚</strong></span> <span class='ocrx_word' id='word_1_84' title='bbox 1100 2805 1177 2860; x_wconf 83' lang='lat' dir='ltr'><strong>puer,</strong></span> <span class='ocrx_word' id='word_1_85' title='bbox 1186 2805 1247 2860; x_wconf 76' lang='lat' dir='ltr'><strong>eya·</strong></span> 
     </span>
     <span class='ocr_line' id='line_1_17' title="bbox 199 2865 1246 2943; baseline -0.003 -23"><span class='ocrx_word' id='word_1_86' title='bbox 199 2885 250 2921; x_wconf 87' lang='lat' dir='ltr'><strong>nus</strong></span> <span class='ocrx_word' id='word_1_87' title='bbox 265 2867 447 2920; x_wconf 82' lang='lat' dir='ltr'><strong>emendaverat</strong></span> <span class='ocrx_word' id='word_1_88' title='bbox 460 2868 500 2920; x_wconf 87' lang='lat' dir='ltr'><strong>Tu</strong></span> <span class='ocrx_word' id='word_1_89' title='bbox 516 2889 617 2943; x_wconf 82' lang='lat' dir='ltr'><strong>quoque</strong></span> <span class='ocrx_word' id='word_1_90' title='bbox 626 2881 700 2922; x_wconf 79' lang='lat' dir='ltr'><strong>muta</strong></span> <span class='ocrx_word' id='word_1_91' title='bbox 744 2871 819 2940; x_wconf 80' lang='lat' dir='ltr'><strong>thos,</strong></span> <span class='ocrx_word' id='word_1_92' title='bbox 830 2885 867 2926; x_wconf 81' lang='lat' dir='ltr'><strong>set</strong></span> <span class='ocrx_word' id='word_1_93' title='bbox 878 2892 912 2925; x_wconf 78' lang='lat' dir='ltr'><strong>ne</strong></span> <span class='ocrx_word' id='word_1_94' title='bbox 923 2889 1063 2924; x_wconf 83' lang='lat' dir='ltr'><strong>numerere</strong></span> <span class='ocrx_word' id='word_1_95' title='bbox 1076 2867 1183 2921; x_wconf 81' lang='lat' dir='ltr'><strong>labore:</strong></span> <span class='ocrx_word' id='word_1_96' title='bbox 1194 2889 1205 2913; x_wconf 80' lang='grc' dir='ltr'><strong>ι</strong></span> <span class='ocrx_word' id='word_1_97' title='bbox 1218 2865 1246 2918; x_wconf 87' lang='lat' dir='ltr'><strong>id</strong></span> 
     </span>
     <span class='ocr_line' id='line_1_18' title="bbox 195 2945 1247 3020; baseline -0.004 -20"><span class='ocrx_word' id='word_1_98' title='bbox 195 2947 277 3020; x_wconf 50' lang='grc' dir='ltr'><strong>[που</strong></span> <span class='ocrx_word' id='word_1_99' title='bbox 291 2947 390 2999; x_wconf 84' lang='lat' dir='ltr'><strong>nescivi</strong></span> <span class='ocrx_word' id='word_1_100' title='bbox 401 2960 465 2999; x_wconf 88' lang='lat' dir='ltr'><strong>tnnc</strong></span> <span class='ocrx_word' id='word_1_101' title='bbox 483 2949 611 3020; x_wconf 87' lang='lat' dir='ltr'><strong>temporis</strong></span> <span class='ocrx_word' id='word_1_102' title='bbox 628 2948 699 3001; x_wconf 86' lang='lat' dir='ltr'><strong>unde</strong></span> <span class='ocrx_word' id='word_1_103' title='bbox 744 2953 798 3018; x_wconf 73' lang='lat' dir='ltr'><strong>eit,</strong></span> <span class='ocrx_word' id='word_1_104' title='bbox 809 2951 853 3005; x_wconf 78' lang='lat' dir='ltr'><strong>sed</strong></span> <span class='ocrx_word' id='word_1_105' title='bbox 859 2973 865 3013; x_wconf 92' lang='lat'>;</span> <span class='ocrx_word' id='word_1_106' title='bbox 879 2950 932 3003; x_wconf 90' lang='lat' dir='ltr'><strong>hoc</strong></span> <span class='ocrx_word' id='word_1_107' title='bbox 945 2952 1015 3004; x_wconf 86' lang='lat' dir='ltr'><strong>enim</strong></span> <span class='ocrx_word' id='word_1_108' title='bbox 1026 2946 1106 3002; x_wconf 89' lang='lat' dir='ltr'><strong>modo</strong></span> <span class='ocrx_word' id='word_1_109' title='bbox 1116 2949 1170 2999; x_wconf 83' lang='lat' dir='ltr'><strong>fere</strong></span> <span class='ocrx_word' id='word_1_110' title='bbox 1182 2945 1247 2997; x_wconf 74' lang='lat' dir='ltr'><strong>scri-</strong></span> 
     </span>
     <span class='ocr_line' id='line_1_19' title="bbox 201 3024 1247 3092; baseline -0.003 -15"><span class='ocrx_word' id='word_1_111' title='bbox 201 3025 269 3078; x_wconf 79' lang='lat' dir='ltr'><strong>hauc</strong></span> <span class='ocrx_word' id='word_1_112' title='bbox 286 3024 428 3077; x_wconf 88' lang='lat' dir='ltr'><strong>lectionem</strong></span> <span class='ocrx_word' id='word_1_113' title='bbox 441 3025 578 3092; x_wconf 83' lang='lat' dir='ltr'><strong>habuerit,</strong></span> <span class='ocrx_word' id='word_1_114' title='bbox 597 3041 624 3079; x_wconf 90' lang='lat' dir='ltr'><strong>et</strong></span> <span class='ocrx_word' id='word_1_115' title='bbox 639 3027 699 3079; x_wconf 87' lang='lat' dir='ltr'><strong>ideo</strong></span> <span class='ocrx_word' id='word_1_116' title='bbox 744 3027 817 3082; x_wconf 86' lang='lat' dir='ltr'><strong>bitur</strong></span> <span class='ocrx_word' id='word_1_117' title='bbox 837 3031 864 3081; x_wconf 93' lang='lat' dir='ltr'><strong>in</strong></span> <span class='ocrx_word' id='word_1_118' title='bbox 882 3029 953 3082; x_wconf 86' lang='lat' dir='ltr'>MSS.</span> <span class='ocrx_word' id='word_1_119' title='bbox 974 3041 1000 3080; x_wconf 86' lang='lat' dir='ltr'><strong>et</strong></span> <span class='ocrx_word' id='word_1_120' title='bbox 1017 3028 1086 3080; x_wconf 83' lang='lat' dir='ltr'><strong>hauc</strong></span> <span class='ocrx_word' id='word_1_121' title='bbox 1104 3025 1247 3078; x_wconf 88' lang='lat' dir='ltr'><strong>lectionem</strong></span> 
     </span>
     <span class='ocr_line' id='line_1_20' title="bbox 202 3105 1247 3179; baseline 0 -24"><span class='ocrx_word' id='word_1_122' title='bbox 202 3121 234 3156; x_wconf 84' lang='lat' dir='ltr'><strong>ex</strong></span> <span class='ocrx_word' id='word_1_123' title='bbox 245 3116 371 3156; x_wconf 78' lang='lat' dir='ltr'><strong>contextu</strong></span> <span class='ocrx_word' id='word_1_124' title='bbox 387 3107 465 3176; x_wconf 85' lang='lat' dir='ltr'><strong>ejeci;</strong></span> <span class='ocrx_word' id='word_1_125' title='bbox 482 3105 530 3158; x_wconf 82' lang='lat' dir='ltr'><strong>sed</strong></span> <span class='ocrx_word' id='word_1_126' title='bbox 548 3125 631 3178; x_wconf 90' lang='lat' dir='ltr'><strong>quum</strong></span> <span class='ocrx_word' id='word_1_127' title='bbox 644 3110 700 3179; x_wconf 83' lang='lat' dir='ltr'><strong>jem</strong></span> <span class='ocrx_word' id='word_1_128' title='bbox 745 3105 879 3178; x_wconf 81' lang='lat' dir='ltr'><strong>approbet</strong></span> <span class='ocrx_word' id='word_1_129' title='bbox 892 3107 1045 3170; x_wconf 73' lang='lat' dir='ltr'><strong>Getarum,</strong></span> <span class='ocrx_word' id='word_1_130' title='bbox 1063 3106 1156 3176; x_wconf 80' lang='lat' dir='ltr'><strong>Papiri.</strong></span> <span class='ocrx_word' id='word_1_131' title='bbox 1173 3105 1247 3156; x_wconf 84' lang='lat' dir='ltr'><strong>Lect.</strong></span> 
     </span>
     <span class='ocr_line' id='line_1_21' title="bbox 169 3181 1249 3258; baseline 0 -24"><span class='ocrx_word' id='word_1_132' title='bbox 169 3247 170 3252; x_wconf 12' lang='lat'>¹</span> <span class='ocrx_word' id='word_1_133' title='bbox 200 3181 302 3235; x_wconf 83' lang='lat' dir='ltr'><strong>videam</strong></span> <span class='ocrx_word' id='word_1_134' title='bbox 311 3185 439 3238; x_wconf 84' lang='lat' dir='ltr'><strong>Venetam</strong></span> <span class='ocrx_word' id='word_1_135' title='bbox 448 3185 637 3258; x_wconf 86' lang='lat' dir='ltr'><strong>quoquehanc</strong></span> <span class='ocrx_word' id='word_1_136' title='bbox 648 3203 702 3238; x_wconf 83' lang='lat' dir='ltr'><strong>eer-</strong></span> <span class='ocrx_word' id='word_1_137' title='bbox 746 3204 769 3237; x_wconf 88' lang='lat' dir='ltr'><strong>c.</strong></span> <span class='ocrx_word' id='word_1_138' title='bbox 783 3185 826 3236; x_wconf 88' lang='grc'><strong>36.</strong></span> <span class='ocrx_word' id='word_1_139' title='bbox 848 3183 931 3235; x_wconf 67' lang='lat' dir='ltr'><strong>nvait</strong></span> <span class='ocrx_word' id='word_1_140' title='bbox 948 3187 1034 3248; x_wconf 88' lang='lat' dir='ltr'><strong>enim,</strong></span> <span class='ocrx_word' id='word_1_141' title='bbox 1051 3185 1151 3253; x_wconf 84' lang='lat' dir='ltr'><strong>inquit,</strong></span> <span class='ocrx_word' id='word_1_142' title='bbox 1166 3185 1249 3235; x_wconf 87' lang='lat' dir='ltr'><strong>Poeta</strong></span> 
     </span>
     <span class='ocr_line' id='line_1_22' title="bbox 200 3262 1248 3337; baseline -0.002 -25"><span class='ocrx_word' id='word_1_143' title='bbox 200 3279 277 3326; x_wconf 82' lang='lat' dir='ltr'><strong>vere,</strong></span> <span class='ocrx_word' id='word_1_144' title='bbox 293 3281 358 3334; x_wconf 74' lang='lat' dir='ltr'><strong>rogo</strong></span> <span class='ocrx_word' id='word_1_145' title='bbox 373 3277 403 3316; x_wconf 84' lang='lat' dir='ltr'><strong>ut</strong></span> <span class='ocrx_word' id='word_1_146' title='bbox 417 3266 558 3317; x_wconf 83' lang='lat' dir='ltr'><strong>intextum</strong></span> <span class='ocrx_word' id='word_1_147' title='bbox 573 3266 700 3337; x_wconf 79' lang='lat' dir='ltr'><strong>recipias:</strong></span> <span class='ocrx_word' id='word_1_148' title='bbox 746 3262 844 3332; x_wconf 78' lang='lat' dir='ltr'><strong>largius</strong></span> <span class='ocrx_word' id='word_1_149' title='bbox 861 3277 917 3312; x_wconf 74' lang='lat' dir='ltr'><strong>sese</strong></span> <span class='ocrx_word' id='word_1_150' title='bbox 934 3262 1044 3312; x_wconf 84' lang='lat' dir='ltr'><strong>invitare</strong></span> <span class='ocrx_word' id='word_1_151' title='bbox 1063 3273 1090 3312; x_wconf 89' lang='lat' dir='ltr'><strong>et</strong></span> <span class='ocrx_word' id='word_1_152' title='bbox 1107 3277 1248 3312; x_wconf 86' lang='lat' dir='ltr'><strong>nnmerum</strong></span> 
     </span>
     <span class='ocr_line' id='line_1_23' title="bbox 204 3338 1250 3414; baseline 0.001 -23"><span class='ocrx_word' id='word_1_153' title='bbox 204 3341 245 3392; x_wconf 84' lang='lat' dir='ltr'><strong>Tu</strong></span> <span class='ocrx_word' id='word_1_154' title='bbox 256 3359 359 3413; x_wconf 77' lang='lat' dir='ltr'><strong>quoque</strong></span> <span class='ocrx_word' id='word_1_155' title='bbox 370 3345 527 3414; x_wconf 68' lang='lat' dir='ltr'><strong>mumseroe.</strong></span> <span class='ocrx_word' id='word_1_156' title='bbox 544 3373 582 3384; x_wconf 90' lang='lat'>-</span> <span class='ocrx_word' id='word_1_157' title='bbox 598 3347 640 3398; x_wconf 92' lang='lat' dir='ltr'><strong>Sic</strong></span> <span class='ocrx_word' id='word_1_158' title='bbox 650 3343 701 3396; x_wconf 88' lang='lat' dir='ltr'><strong>ha·</strong></span> <span class='ocrx_word' id='word_1_159' title='bbox 748 3339 903 3414; x_wconf 70' lang='lat' dir='ltr'><strong>cyathorum</strong></span> <span class='ocrx_word' id='word_1_160' title='bbox 928 3339 1110 3406; x_wconf 80' lang='lat' dir='ltr'><strong>confundere,</strong></span> <span class='ocrx_word' id='word_1_161' title='bbox 1133 3338 1250 3414; x_wconf 80' lang='lat' dir='ltr'><strong>ideoque</strong></span> 
     </span>
     <span class='ocr_line' id='line_1_24' title="bbox 201 3415 1250 3491; baseline -0.001 -20"><span class='ocrx_word' id='word_1_162' title='bbox 201 3419 248 3472; x_wconf 88' lang='lat' dir='ltr'><strong>bet</strong></span> <span class='ocrx_word' id='word_1_163' title='bbox 265 3419 370 3473; x_wconf 84' lang='lat' dir='ltr'><strong>Gerart.</strong></span> <span class='ocrx_word' id='word_1_164' title='bbox 389 3422 456 3475; x_wconf 82' lang='lat' dir='ltr'><strong>cod.</strong></span> <span class='ocrx_word' id='word_1_165' title='bbox 470 3425 552 3477; x_wconf 80' lang='lat' dir='ltr'><strong>Paris.</strong></span> <span class='ocrx_word' id='word_1_166' title='bbox 566 3424 628 3478; x_wconf 87' lang='lat' dir='ltr'><strong>edit.</strong></span> <span class='ocrx_word' id='word_1_167' title='bbox 641 3423 701 3476; x_wconf 76' lang='lat' dir='ltr'><strong>eid.</strong></span> <span class='ocrx_word' id='word_1_168' title='bbox 748 3417 957 3472; x_wconf 81' lang='lat' dir='ltr'><strong>nonvultnilum</strong></span> <span class='ocrx_word' id='word_1_169' title='bbox 967 3415 1160 3472; x_wconf 81' lang='lat' dir='ltr'><strong>arbitrumeste</strong></span> <span class='ocrx_word' id='word_1_170' title='bbox 1170 3438 1250 3491; x_wconf 84' lang='lat' dir='ltr'><strong>quem</strong></span> 
     </span>
     <span class='ocr_line' id='line_1_25' title="bbox 203 3497 1250 3572; baseline 0 -23"><span class='ocrx_word' id='word_1_171' title='bbox 203 3499 295 3571; x_wconf 77' lang='lat' dir='ltr'><strong>Tuque</strong></span> <span class='ocrx_word' id='word_1_172' title='bbox 304 3499 411 3552; x_wconf 79' lang='lat' dir='ltr'><strong>inimica</strong></span> <span class='ocrx_word' id='word_1_173' title='bbox 419 3499 499 3572; x_wconf 75' lang='lat' dir='ltr'><strong>fem,</strong></span> <span class='ocrx_word' id='word_1_174' title='bbox 512 3514 538 3554; x_wconf 85' lang='lat' dir='ltr'><strong>et</strong></span> <span class='ocrx_word' id='word_1_175' title='bbox 550 3521 641 3554; x_wconf 82' lang='lat' dir='ltr'><strong>sonore</strong></span> <span class='ocrx_word' id='word_1_176' title='bbox 653 3519 703 3572; x_wconf 82' lang='lat' dir='ltr'><strong>pro</strong></span> <span class='ocrx_word' id='word_1_177' title='bbox 748 3499 846 3552; x_wconf 88' lang='lat' dir='ltr'><strong>rnnltos</strong></span> <span class='ocrx_word' id='word_1_178' title='bbox 863 3498 1030 3552; x_wconf 74' lang='lat' dir='ltr'><strong>exhauriat.»</strong></span> <span class='ocrx_word' id='word_1_179' title='bbox 1051 3497 1134 3550; x_wconf 77' lang='lat' dir='ltr'><strong>Aliter</strong></span> <span class='ocrx_word' id='word_1_180' title='bbox 1144 3499 1250 3551; x_wconf 86' lang='lat' dir='ltr'><strong>Grono-</strong></span> 
     </span>
     <span class='ocr_line' id='line_1_26' title="bbox 201 3575 1250 3652; baseline -0.005 -20"><span class='ocrx_word' id='word_1_181' title='bbox 201 3594 307 3633; x_wconf 81' lang='lat' dir='ltr'><strong>sonoroe.</strong></span> <span class='ocrx_word' id='word_1_182' title='bbox 322 3575 370 3630; x_wconf 86' lang='lat' dir='ltr'><strong>Ed.</strong></span> <span class='ocrx_word' id='word_1_183' title='bbox 383 3598 425 3651; x_wconf 83' lang='lat' dir='ltr'><strong>pr.</strong></span> <span class='ocrx_word' id='word_1_184' title='bbox 441 3581 503 3631; x_wconf 85' lang='lat' dir='ltr'><strong>·&#39;ru</strong></span> <span class='ocrx_word' id='word_1_185' title='bbox 514 3596 620 3652; x_wconf 79' lang='lat' dir='ltr'><strong>quoque</strong></span> <span class='ocrx_word' id='word_1_186' title='bbox 630 3591 705 3632; x_wconf 86' lang='lat' dir='ltr'><strong>mute</strong></span> <span class='ocrx_word' id='word_1_187' title='bbox 748 3581 806 3631; x_wconf 84' lang='lat' dir='ltr'><strong>vius</strong></span> <span class='ocrx_word' id='word_1_188' title='bbox 818 3578 929 3634; x_wconf 81' lang='lat' dir='ltr'><strong>observ.</strong></span> <span class='ocrx_word' id='word_1_189' title='bbox 941 3581 978 3645; x_wconf 85' lang='lat'><strong>11,</strong></span> <span class='ocrx_word' id='word_1_190' title='bbox 992 3578 1019 3631; x_wconf 86' lang='lat'><strong>3.</strong></span> <span class='ocrx_word' id='word_1_191' title='bbox 1036 3578 1200 3643; x_wconf 65' lang='lat' dir='ltr'><strong>acontium,</strong></span> <span class='ocrx_word' id='word_1_192' title='bbox 1210 3579 1250 3628; x_wconf 85' lang='lat' dir='ltr'><strong>in-</strong></span> 
     </span>
     <span class='ocr_line' id='line_1_27' title="bbox 202 3655 1250 3733; baseline -0.001 -24"><span class='ocrx_word' id='word_1_193' title='bbox 202 3657 278 3710; x_wconf 74' lang='lat' dir='ltr'><strong>ferae.</strong></span> <span class='ocrx_word' id='word_1_194' title='bbox 288 3697 294 3710; x_wconf 94' lang='lat'><em>.</em></span> <span class='ocrx_word' id='word_1_195' title='bbox 306 3695 312 3708; x_wconf 94' lang='lat'><em>.</em></span> <span class='ocrx_word' id='word_1_196' title='bbox 325 3669 414 3728; x_wconf 70' lang='lat' dir='ltr'><strong>tegees</strong></span> <span class='ocrx_word' id='word_1_197' title='bbox 426 3655 537 3710; x_wconf 85' lang='lat' dir='ltr'><strong>honore.</strong></span> <span class='ocrx_word' id='word_1_198' title='bbox 550 3680 561 3705; x_wconf 77' lang='grc' dir='ltr'><strong>ι</strong></span> <span class='ocrx_word' id='word_1_199' title='bbox 575 3657 634 3711; x_wconf 84' lang='lat' dir='ltr'><strong>Vid.</strong></span> <span class='ocrx_word' id='word_1_200' title='bbox 645 3671 702 3710; x_wconf 88' lang='lat' dir='ltr'><strong>not.</strong></span> <span class='ocrx_word' id='word_1_201' title='bbox 749 3661 821 3731; x_wconf 78' lang='lat' dir='ltr'><strong>quit,</strong></span> <span class='ocrx_word' id='word_1_202' title='bbox 840 3659 965 3733; x_wconf 74' lang='lat' dir='ltr'><strong>cyathos,</strong></span> <span class='ocrx_word' id='word_1_203' title='bbox 978 3677 1055 3730; x_wconf 84' lang='lat' dir='ltr'><strong>puer,</strong></span> <span class='ocrx_word' id='word_1_204' title='bbox 1069 3660 1189 3731; x_wconf 79' lang='lat' dir='ltr'><strong>aliosque</strong></span> <span class='ocrx_word' id='word_1_205' title='bbox 1205 3675 1250 3708; x_wconf 78' lang='lat' dir='ltr'><strong>su·</strong></span> 
     </span>
     <span class='ocr_line' id='line_1_28' title="bbox 203 3736 1250 3813; baseline -0.001 -25"><span class='ocrx_word' id='word_1_206' title='bbox 203 3737 261 3790; x_wconf 90' lang='lat' dir='ltr'><strong>crit.</strong></span> <span class='ocrx_word' id='word_1_207' title='bbox 275 3736 308 3788; x_wconf 83' lang='lat' dir='ltr'><strong>A.</strong></span> <span class='ocrx_word' id='word_1_208' title='bbox 749 3758 797 3813; x_wconf 82' lang='lat' dir='ltr'><strong>per</strong></span> <span class='ocrx_word' id='word_1_209' title='bbox 808 3739 874 3792; x_wconf 78' lang='lat' dir='ltr'><strong>elios</strong></span> <span class='ocrx_word' id='word_1_210' title='bbox 887 3742 1009 3812; x_wconf 75' lang='lat' dir='ltr'><strong>porrige,</strong></span> <span class='ocrx_word' id='word_1_211' title='bbox 1021 3755 1047 3792; x_wconf 89' lang='lat' dir='ltr'><strong>et</strong></span> <span class='ocrx_word' id='word_1_212' title='bbox 1060 3742 1119 3810; x_wconf 81' lang='lat' dir='ltr'><strong>ipse</strong></span> <span class='ocrx_word' id='word_1_213' title='bbox 1132 3738 1250 3791; x_wconf 85' lang='lat' dir='ltr'><strong>lahorem</strong></span> 
     </span>
    </p>

    <p class='ocr_par' dir='ltr' id='par_1_14' title="bbox 202 3815 1251 4126">
     <span class='ocr_line' id='line_1_29' title="bbox 241 3815 1251 3888; baseline -0.001 -21"><span class='ocrx_word' id='word_1_214' title='bbox 241 3833 282 3868; x_wconf 86' lang='lat' dir='ltr'><strong>to.</strong></span> <span class='ocrx_word' id='word_1_215' title='bbox 301 3815 387 3888; x_wconf 69' lang='lat' dir='ltr'><strong>Junqe</strong></span> <span class='ocrx_word' id='word_1_216' title='bbox 396 3833 463 3888; x_wconf 81' lang='lat' dir='ltr'><strong>puer</strong></span> <span class='ocrx_word' id='word_1_217' title='bbox 473 3815 593 3886; x_wconf 78' lang='lat' dir='ltr'><strong>cyathos,</strong></span> <span class='ocrx_word' id='word_1_218' title='bbox 605 3826 704 3869; x_wconf 83' lang='lat' dir='ltr'><strong>etenu-</strong></span> <span class='ocrx_word' id='word_1_219' title='bbox 748 3837 824 3871; x_wconf 79' lang='lat' dir='ltr'><strong>sume</strong></span> <span class='ocrx_word' id='word_1_220' title='bbox 843 3818 1028 3872; x_wconf 82' lang='lat' dir='ltr'><strong>enumerandi:</strong></span> <span class='ocrx_word' id='word_1_221' title='bbox 1051 3818 1117 3871; x_wconf 90' lang='lat' dir='ltr'><strong>mihi</strong></span> <span class='ocrx_word' id='word_1_222' title='bbox 1134 3836 1189 3871; x_wconf 90' lang='lat' dir='ltr'><strong>non</strong></span> <span class='ocrx_word' id='word_1_223' title='bbox 1203 3835 1251 3867; x_wconf 82' lang='lat' dir='ltr'><strong>ve·</strong></span> 
     </span>
     <span class='ocr_line' id='line_1_30' title="bbox 202 3892 1249 3970; baseline 0 -22"><span class='ocrx_word' id='word_1_224' title='bbox 202 3913 302 3949; x_wconf 74' lang='lat' dir='ltr'><strong>meran</strong></span> <span class='ocrx_word' id='word_1_225' title='bbox 318 3894 415 3947; x_wconf 81' lang='lat' dir='ltr'><strong>labora.</strong></span> <span class='ocrx_word' id='word_1_226' title='bbox 434 3896 472 3948; x_wconf 88' lang='lat' dir='ltr'><strong>Ita</strong></span> <span class='ocrx_word' id='word_1_227' title='bbox 488 3893 617 3949; x_wconf 86' lang='lat' dir='ltr'><strong>editiones</strong></span> <span class='ocrx_word' id='word_1_228' title='bbox 631 3910 703 3948; x_wconf 86' lang='lat' dir='ltr'><strong>vete-</strong></span> <span class='ocrx_word' id='word_1_229' title='bbox 748 3913 805 3964; x_wconf 85' lang='lat' dir='ltr'><strong>cet,</strong></span> <span class='ocrx_word' id='word_1_230' title='bbox 827 3900 872 3970; x_wconf 89' lang='lat' dir='ltr'><strong>qui</strong></span> <span class='ocrx_word' id='word_1_231' title='bbox 891 3900 961 3950; x_wconf 88' lang='lat' dir='ltr'><strong>inter</strong></span> <span class='ocrx_word' id='word_1_232' title='bbox 980 3897 1126 3950; x_wconf 86' lang='lat' dir='ltr'><strong>hibendum</strong></span> <span class='ocrx_word' id='word_1_233' title='bbox 1146 3892 1249 3947; x_wconf 76' lang='lat' dir='ltr'><strong>Etrusci</strong></span> 
     </span>
     <span class='ocr_line' id='line_1_31' title="bbox 203 3969 1249 4046; baseline -0.008 -18"><span class='ocrx_word' id='word_1_234' title='bbox 203 3975 293 4044; x_wconf 87' lang='lat' dir='ltr'><strong>res(et</strong></span> <span class='ocrx_word' id='word_1_235' title='bbox 301 3976 337 4027; x_wconf 86' lang='lat' dir='ltr'><strong>ita</strong></span> <span class='ocrx_word' id='word_1_236' title='bbox 346 3975 434 4028; x_wconf 89' lang='lat' dir='ltr'><strong>inveni</strong></span> <span class='ocrx_word' id='word_1_237' title='bbox 445 3975 472 4026; x_wconf 89' lang='lat' dir='ltr'><strong>in</strong></span> <span class='ocrx_word' id='word_1_238' title='bbox 482 3975 567 4028; x_wconf 80' lang='lat' dir='ltr'><strong>Perm.</strong></span> <span class='ocrx_word' id='word_1_239' title='bbox 578 3989 604 4028; x_wconf 87' lang='lat' dir='ltr'><strong>et</strong></span> <span class='ocrx_word' id='word_1_240' title='bbox 614 3975 703 4046; x_wconf 80' lang='lat' dir='ltr'><strong>Rom.)</strong></span> <span class='ocrx_word' id='word_1_241' title='bbox 748 3995 816 4030; x_wconf 75' lang='lat' dir='ltr'><strong>ceno</strong></span> <span class='ocrx_word' id='word_1_242' title='bbox 828 3975 933 4029; x_wconf 84' lang='lat' dir='ltr'><strong>balnea.</strong></span> <span class='ocrx_word' id='word_1_243' title='bbox 944 3999 955 4024; x_wconf 82' lang='grc' dir='ltr'>ι</span> <span class='ocrx_word' id='word_1_244' title='bbox 969 3975 1017 4029; x_wconf 78' lang='grc' dir='ltr'><strong>ΙΙΙο</strong></span> <span class='ocrx_word' id='word_1_245' title='bbox 1027 3975 1107 4046; x_wconf 75' lang='lat' dir='ltr'><strong>igitur</strong></span> <span class='ocrx_word' id='word_1_246' title='bbox 1116 3969 1249 4039; x_wconf 75' lang='lat' dir='ltr'><strong>vulgatam</strong></span> 
     </span>
     <span class='ocr_line' id='line_1_32' title="bbox 204 4045 1248 4126; baseline -0.009 -20"><span class='ocrx_word' id='word_1_247' title='bbox 204 4067 270 4107; x_wconf 79' lang='lat' dir='ltr'><strong>teste</strong></span> <span class='ocrx_word' id='word_1_248' title='bbox 284 4056 311 4106; x_wconf 86' lang='grc' dir='ltr'><strong>Ρ.</strong></span> <span class='ocrx_word' id='word_1_249' title='bbox 327 4054 453 4110; x_wconf 85' lang='lat' dir='ltr'><strong>Seriverio</strong></span> <span class='ocrx_word' id='word_1_250' title='bbox 471 4054 505 4107; x_wconf 81' lang='lat' dir='ltr'><strong>ed</strong></span> <span class='ocrx_word' id='word_1_251' title='bbox 527 4055 639 4110; x_wconf 73' lang='lat' dir='ltr'><strong>Martini.</strong></span> <span class='ocrx_word' id='word_1_252' title='bbox 657 4057 702 4122; x_wconf 85' lang='lat' dir='ltr'><strong>tv,</strong></span> <span class='ocrx_word' id='word_1_253' title='bbox 748 4058 858 4125; x_wconf 83' lang='lat' dir='ltr'><strong>retinet,</strong></span> <span class='ocrx_word' id='word_1_254' title='bbox 877 4065 956 4126; x_wconf 75' lang='lat' dir='ltr'><strong>atqtoe</strong></span> <span class='ocrx_word' id='word_1_255' title='bbox 977 4067 1128 4104; x_wconf 78' lang='lat' dir='ltr'><strong>enumerare</strong></span> <span class='ocrx_word' id='word_1_256' title='bbox 1147 4045 1248 4099; x_wconf 80' lang='lat' dir='ltr'><strong>lehorr.</strong></span> 
     </span>
    </p>
   </div>
   <div class='ocr_carea' id='block_1_8' title="bbox 0 0 1422 4490">
    <p class='ocr_par' dir='ltr' id='par_1_15' title="bbox 0 0 1422 4490">
     <span class='ocr_line' id='line_1_33' title="bbox 0 0 1422 4490; baseline 0 0"><span class='ocrx_word' id='word_1_257' title='bbox 0 0 1422 4490; x_wconf 95' lang='lat' dir='ltr'><strong> </strong></span> 
     </span>
    </p>
   </div>
  </div>
 </body>
</html>
