2784 4484
165 305 204 382 14
280 318 285 327 ·
411 300 445 361 P.
470 299 506 360 P.
527 295 686 366 STATII
711 293 953 372 SILVARUM

206 433 306 495 Lecta
317 424 388 494 deoe
400 421 497 494 sedes
507 451 516 508 ;
528 446 592 492 nec
603 425 649 506 si,
662 438 773 516 pater,
788 423 861 514 ipse
871 435 1014 492 teneres.
1172 439 1206 505 4ο

206 544 363 620 Pectora,
376 561 452 632 qum
463 534 581 606 mundi
593 533 726 606 valeant
737 532 890 606 evolvere
900 557 1015 617 curas,

207 654 249 716 Et
260 658 335 744 quts
348 672 383 716 se
395 650 473 718 totis
485 652 626 718 Temese
638 644 731 718 dedit
742 643 863 714 heusta
873 643 1035 728 metallis,

209 764 241 828 It
250 777 345 852 tergo
356 758 501 832 demissa
512 757 665 852 chlamys
678 786 685 826 :
698 757 787 828 latus
800 780 881 827 ense
892 758 1006 851 quieto

209 876 388 957 Securum;
401 895 545 965 magnus
557 887 684 964 quanto
694 891 858 940 mucrone
869 871 1017 938 minatur

210 983 370 1052 Noctibus
383 982 547 1078 hibernis,
560 997 594 1051 et
605 979 715 1052 sidere
725 993 829 1050 terret
839 981 954 1048 Orion.
1176 990 1209 1059 45

256 1098 298 1159 At
309 1095 459 1184 sonipes,
474 1091 608 1164 habitus
619 1091 819 1186 animosque
831 1091 980 1160 imitatus
993 1104 1182 1182 equestres,

210 1207 328 1271 Acrius
340 1202 463 1271 attollit
473 1202 604 1286 vultus,
616 1225 822 1298 cursumque
833 1203 1000 1272 minetur:

210 1315 270 1380 Cui
282 1310 397 1404 rigidis
410 1329 501 1384 stent
511 1313 597 1385 colla
606 1312 714 1407 jubis,
725 1315 891 1408 vivusque
902 1338 964 1406 per
976 1337 1087 1382 armos

211 1428 379 1519 Impetus;
390 1441 425 1494 et
435 1429 538 1497 tantis
550 1424 737 1498 dulcoribus
750 1425 808 1498 ilie
818 1425 885 1496 lete

212 1539 399 1608 Suffectura
409 1555 537 1633 patent.
550 1544 674 1612 Vacuus
685 1565 748 1634 pro
759 1543 885 1633 cespite
895 1556 992 1608 terrm
1179 1547 1212 1600 50

212 1653 309 1718 AErea
319 1653 443 1743 captivi
454 1655 583 1723 crinem
596 1655 673 1724 terit
684 1650 813 1744 ungule
823 1650 941 1720 Rheni.

212 1762 312 1826 Hunc
326 1776 361 1829 et
370 1758 562 1830 Adrssraeus
574 1764 684 1832 visum
696 1764 904 1832 extimuisset
915 1762 1036 1845 Arion3

217 1875 260 1936 Et
272 1887 374 1962 pavet
383 1874 550 1962 aspiciens
561 1872 703 1942 Ledaeus
715 1873 758 1941 nb
770 1871 841 1942 sede
853 1875 1044 1967 propinqua

214 1979 367 2074 Cyllarus
380 2006 388 2046 :
401 1979 458 2048 hio
469 1979 597 2050 domini
608 2006 786 2077 nunquam
797 1981 944 2050 mutabit
953 1981 1102 2048 habenas

170 2177 223 2230 Alii
233 2178 402 2248 conjecerant
411 2177 584 2247 proetertdens,
598 2176 670 2248 quod
750 2129 913 2243 &inflabitur
921 2196 946 2227 o.
958 2175 1074 2228 imitatus
1085 2185 1215 2246 equestres.

170 2255 266 2326 legitur
276 2257 304 2306 in
315 2253 381 2307 cod.
395 2253 513 2307 Senensi.
532 2255 613 2307 Henn.
714 2260 765 2309 Pro
776 2255 878 2308 babitus
888 2253 930 2307 ed.
940 2272 981 2325 pr.
994 2252 1073 2305 initus
1078 2275 1087 2313 ,·
1099 2272 1148 2323 pro
1161 2254 1217 2304 imi-

205 2334 248 2401 4ο.
267 2333 353 2384 Lecta.
365 2331 413 2384 Ed.
426 2352 466 2404 pr.
481 2333 549 2386 Ioeta.
715 2348 783 2390 tatus
789 2335 854 2387 God.
866 2339 938 2388 Urst.
947 2343 1068 2387 mutones.
1076 2333 1217 2406 Equestris,

206 2415 249 2482 4ι.
273 2413 370 2466 Mundi
389 2413 496 2466 valeant
514 2414 629 2468 evolvere
647 2435 669 2468 e.
717 2414 1037 2487 quodinomn.libb.ser.
1047 2426 1147 2466 etantt.
1156 2412 1216 2465 edd.

171 2490 237 2546 cod.
258 2490 331 2547 Leid.
351 2491 456 2545 valeant
476 2493 584 2555 mundi,-
604 2493 671 2548 God.
717 2509 812 2558 exstem
828 2495 980 2559 Gerendus,
997 2507 1025 2546 et
1041 2495 1088 2565 qui
1104 2511 1165 2544 eum
1178 2509 1219 2545 se-

170 2574 244 2624 Uret.
256 2581 379 2642 pateant3
392 2571 433 2624 ed.
444 2591 484 2644 pr.
498 2573 622 2628 deducere
630 2592 673 2626 eu·
718 2575 874 2647 quebontur¹
892 2586 1060 2628 mutarerunt
1089 2575 1117 2625 in
1141 2592 1219 2645 eque-

172 2669 228 2718 νας,
244 2651 358 2704 fortasse
371 2668 405 2704 ex
417 2652 507 2723 virgil.
523 2653 625 2706 AEneid.
640 2658 673 2722 V,
717 2654 1219 2727 roes.st0}tand.quirecepireq1oertrtr.

174 2747 239 2802 720,
250 2728 304 2781 hue
316 2728 443 2783 delatum.
462 2733 545 2784 Hirro.
754 2734 798 2802 48.
807 2735 834 2789 V
832 2735 954 2788 ivus.Pro
962 2736 1035 2787 vivres
1043 2731 1085 2788 ed.
1095 2735 1220 2806 princeps

208 2811 252 2880 4²·
265 2810 301 2863 Et
310 2811 368 2884 quis
379 2829 403 2866 re
414 2813 474 2865 totis
484 2813 587 2866 Tonete
596 2813 673 2866 dedit.
720 2815 827 2868 nimius.
989 2821 993 2828 '

173 2889 240 2944 Cod.
249 2893 323 2944 Uret.
333 2891 411 2965 etqui
419 2911 445 2944 se
454 2893 513 2946 totis
522 2891 617 2948 tbemes
625 2893 677 2948 edi·
755 2893 785 2950 51
792 2895 903 2950 ,Crinem
912 2897 980 2949 terit.
990 2896 1039 2946 Pro
1047 2895 1144 2946 crinem
1152 2887 1220 2941 cod.

174 2970 228 3033 ‘db’
242 2971 305 3024 edit.
317 2989 357 3042 pr·
370 2983 395 3026 et
406 2990 462 3044 (μω
472 2975 568 3030 setosis
581 2972 676 3028 demes
719 2979 793 3030 Uret.
810 2977 908 3028 crimen
913 2997 923 3036 μ
941 2991 1048 3038 omnes,
1063 2987 1130 3042 quos
1144 2970 1220 3035 novi,

174 3050 269 3112 edidit5
279 3053 358 3106 etiem
367 3053 451 3104 Parm.
462 3072 534 3125 quoer
547 3054 590 3107 ed.
600 3058 675 3110 Rom.
721 3054 806 3110 codd.
819 3053 938 3122 prebent
950 3053 1021 3124 ιερὰ.
1041 3052 1122 3102 Brun.

175 3139 203 3178 et
211 3127 287 3199 reliq.
295 3147 387 3186 omnes
395 3144 456 3186 onte
463 3133 579 3188 Gronov.
588 3146 614 3188 rt
621 3137 679 3208 qm's
758 3133 800 3186 52.
819 3131 972 3186 Adrasteus.
988 3129 1052 3181 cod.
1067 3127 1146 3181 Drsb.
1163 3128 1223 3180 Ari·

175 3225 202 3262 se
215 3205 275 3260 totis
289 3208 413 3276 sternere,
426 3211 469 3264 vel
482 3213 586 3268 Temese
597 3213 675 3267 dedit.
721 3224 801 3273 steuss
813 3211 876 3264 edit·
889 3211 1077 3282 praeessem
1090 3207 1153 3260 edit.
1164 3209 1221 3258 vic.

177 3284 347 3352 Veenhnsen‚
354 3299 380 3338 et
386 3291 429 3339 cui
434 3293 536 3344 setott'es
543 3295 574 3345 T.
580 3293 604 3346 d.
610 3291 676 3360 Cod.
721 3289 870 3349 Amastrum
885 3291 1047 3343 recentiores
1058 3288 1127 3340 male
1139 3287 1224 3340 Adra-

176 3367 251 3422 lseid.
266 3367 377 3429 strue,-
390 3367 454 3420 inde
469 3369 503 3420 ab
517 3371 613 3424 Aldina
628 3374 678 3424 Te·
722 3380 815 3424 rmus.-
833 3383 872 3422 est
887 3370 958 3422 enim
970 3366 1123 3438 “sepimus
1140 3369 1223 3421 Henn.

178 3463 253 3501 mese.
263 3447 345 3498 thn.
355 3477 391 3488 -
399 3448 448 3500 cur·
458 3467 484 3502 se
494 3450 565 3516 totis,
577 3461 628 3502 etc.
639 3449 679 3502 le-
722 3479 759 3490 -
769 3449 910 3502 Adrasteus
921 3447 1004 3502 edidit
1017 3447 1103 3500 Hand.

178 3529 252 3598 gitur
260 3530 289 3580 in
301 3526 357 3582 edit
365 3529 452 3584 Hand.
462 3531 496 3584 Δ.
761 3529 803 3581 53.
824 3529 929 3581 Ledaeus
947 3529 978 3579 ab
996 3530 1049 3580 oede
1065 3527 1224 3600 propinqua.

215 3606 259 3672 43.
277 3607 304 3660 It
322 3617 391 3681 teryo
405 3607 521 3662 demissa.
536 3609 603 3664 cod.
618 3609 677 3664 sen.
723 3611 831 3681 Antiqq.
852 3608 914 3662 edd.
930 3608 1043 3672 Meus,
1064 3610 1225 3660 recentiores

179 3696 205 3740 et
218 3695 297 3758 leryo·
307 3687 389 3740 thn.
400 3715 436 3730 -·-
447 3687 536 3742 Editio
556 3690 680 3762 princeps
724 3691 840 3756 eroeus,
851 3702 877 3742 et
888 3702 968 3742 recte.
980 3689 1174 3742 Herm—Edit.
1185 3708 1225 3761 pr.

181 3779 206 3824 st
219 3779 290 3841 tergo
304 3766 414 3822 dimissa.
724 3772 757 3824 ab
771 3789 815 3825 ore
826 3771 1011 3844 propinquum.

217 3847 261 3914 44.
270 3849 488 3920 Μαςηιιεᾳιωηιο
497 3867 532 3901 m.
541 3849 679 3904 GodLeid.
762 3851 805 3919 54.
819 3851 942 3904 Mutabit
950 3849 1225 3914 Bemsrtiusfidsnter‚

182 3929 680 4004 maynusquantusm.Htsn.—Ed.pr.
726 3936 814 4000 nteit,
826 3935 940 3986 correxit
949 3935 1073 4000 mutabit,
1084 3944 1164 4002 atque
1172 3947 1226 3979 om-

184 4011 298 4081 maquis,
309 4025 337 4064 ut
350 4025 425 4065 antes
438 4012 510 4078 larris
520 4031 568 4084 pro
582 4010 656 4066 latus.
727 4033 774 4068 nes
787 4013 900 4069 editores
914 4014 1070 4088 probarunt.
1086 4014 1141 4082 Ego
1154 4009 1226 4062 resti·
