2844 4484
451 336 594 400 etune
617 337 665 418 u,
689 335 885 400 osunen
912 335 959 398 11.
1159 337 1224 425 ⁵79

230 459 380 548 Qualiter
390 463 425 527 in
436 464 584 530 Teucros
596 462 743 529 victricia
754 458 841 528 bello
852 464 985 552 paranti
1178 477 1226 529 150

232 578 388 665 Ignotum
401 572 530 665 Pyrrho
541 573 681 644 Phoenix
691 572 851 642 narrabat
861 571 1033 642 Achillem.

278 681 384 767 Felix,
398 687 456 778 qni
468 683 566 753 viridi
578 683 686 754 fidens
699 700 873 780 coeptaque
881 681 1021 775 juventa

231 795 373 863 Durnbis
386 819 606 891 quascunque
616 798 723 881 vices3
736 795 930 890 vallumque
941 795 1069 866 subibis

232 909 358 974 Forsan
370 923 404 974 et
414 927 494 975 ense
506 905 611 990 intus,
623 911 653 976 si
664 909 805 976 numine
816 908 977 999 principis
987 905 1114 988 adsint,

231 1017 384 1098 Cinorus,
397 1033 431 1084 et
441 1020 593 1086 unanimi
605 1041 719 1088 eomes
731 1016 921 1088 indefessus
933 1019 1047 1098 amici3
1182 1027 1229 1081 155

230 1128 306 1211 Quo
316 1125 456 1219 Pylades
468 1152 507 1196 ex
520 1151 615 1198 more
626 1131 718 1222 pius,
731 1151 798 1224 qno
810 1128 965 1198 Dardana
977 1130 1081 1220 gessit

232 1235 322 1304 Rella
334 1237 552 1307 Menoetiades
564 1267 572 1306 :
586 1241 713 1334 quippe
724 1238 797 1310 hoec
808 1239 987 1308 concordie
999 1238 1109 1318 vobis,

232 1349 294 1416 Hic
305 1373 401 1418 amor
411 1367 478 1432 est3
491 1349 657 1445 duretque
668 1358 803 1444 precor!
819 1374 881 1420 noe
893 1351 1102 1433 terdoratus

231 1463 308 1526 Jam
320 1457 420 1550 fugin
434 1459 513 1529 hinc
524 1462 611 1530 votis
618 1464 774 1530 animum
785 1460 1009 1555 precibusque
1017 1456 1155 1552 juvabo.

184 1689 243 1740 eto,·
254 1681 320 1730 Vsu.
332 1679 443 1741 tributu
453 1681 585 1733 Domitius
594 1683 622 1732 in
635 1681 688 1733 suis
733 1683 855 1751 sequenti
872 1697 949 1731 versu
964 1679 1017 1730 vius
1028 1695 1078 1748 pro
1091 1679 1169 1738 vices,·
1181 1676 1232 1728 hoc

185 1758 287 1809 invenit
310 1757 415 1810 thoraca
436 1772 463 1810 ct
483 1759 596 1821 tributu
617 1759 689 1811 unde
732 1761 819 1830 ipsum
833 1757 934 1811 hebent
949 1755 1011 1808 eod.
1030 1755 1109 1808 Paris.
1130 1769 1156 1808 et
1170 1755 1232 1809 edit.

186 1838 301 1908 pessime
315 1837 381 1890 tecit
394 1849 421 1890 et
434 1837 518 1892 edidit
531 1837 644 1904 uibrata,
658 1853 689 1890 nt
732 1857 773 1910 pr.
786 1838 863 1890 cont.
876 1850 932 1888 not.
952 1837 984 1886 A.

186 1915 222 1969 sd
238 1915 391 1988 precedens
406 1917 457 1970 telo
474 1917 617 1970 referretur
633 1916 688 1970 buc
771 1917 830 1972 1⁵3.
844 1921 896 1970 Pro
904 1915 1234 1988 wttomqumtttufflu-

186 2015 246 2049 vox.
262 1998 334 2066 Quid
354 2017 416 2051 vero
435 1999 530 2051 fecerit
546 1999 581 2067 τᾷ
599 1997 689 2050 bunc?
731 2015 816 2050 meus.
836 1995 984 2070 velimque
1000 1995 1046 2048 sub
1066 1993 1134 2056 iilis,-
1155 1997 1231 2048 Rom.

186 2079 284 2130 Verum
298 2091 337 2130 est
355 2077 462 2132 thoraca
469 2099 480 2142 ‚-
495 2079 547 2131 nisi
560 2077 610 2130 sub
623 2079 687 2130 Par-
732 2077 942 2154 mniumquerub
954 2072 1133 2128 iilis-Edit.
1146 2077 1231 2146 princ.

187 2159 284 2209 mensis
297 2156 411 2211 lectione
430 2158 510 2211 latest
524 2157 634 2230 eiiquid.
652 2187 688 2198 -
732 2157 937 2232 mumqueatb
948 2153 1018 2219 ttto,·
1030 2170 1056 2207 et
1069 2156 1107 2208 sic
1116 2159 1195 2208 etiem
1205 2157 1232 2208 in

186 2235 253 2289 cod.
268 2238 349 2290 Paris.
364 2239 393 2290 in
407 2251 479 2291 textu
494 2239 594 2291 vibrato
610 2253 637 2291 et
653 2238 687 2291 sd
731 2249 805 2290 textu
814 2237 875 2290 cod.
888 2239 968 2290 Poris.
980 2236 1026 2306 qui
1035 2235 1069 2287 ud
1080 2253 1161 2307 marg.
1174 2233 1232 2288 vui·

186 2333 269 2386 marg.
283 2316 378 2368 tributu
386 2339 395 2378 ,-
410 2317 452 2370 ed.
468 2319 552 2388 princ.
570 2317 685 2370 vibrato.-
729 2331 818 2390 gstsrn
830 2319 953 2371 restituit.
971 2316 1005 2366 Δ.

185 2392 246 2446 vide
255 2407 310 2447 not.
322 2393 355 2448 ed
365 2414 404 2450 vs.
412 2397 474 2464 148.
485 2399 535 2450 Pro
546 2397 615 2450 bunc
621 2434 631 2462 ‚
642 2396 685 2450 ed.
769 2398 828 2468 154.
847 2402 897 2451 Pro
907 2417 981 2464 ense,
992 2395 1074 2468 reigo
1084 2397 1149 2467 ipre,
1162 2397 1232 2446 etsie

185 2493 226 2545 pr.
238 2473 306 2538 boec3
316 2487 343 2529 et
352 2477 390 2528 sic
398 2477 476 2529 etism
487 2495 592 2529 emsnu
601 2479 687 2548 prima
731 2495 781 2549 pro
792 2478 829 2537 si,·
844 2475 916 2548 quod
925 2487 953 2527 ct
964 2473 1062 2528 babent
1076 2471 1136 2523 cod.
1149 2473 1231 2525 Perit.

186 2551 246 2606 eod.
259 2557 317 2607 Per.
330 2560 375 2628 qui
385 2576 416 2608 ex
426 2557 611 2610 emendatione
623 2556 685 2622 buc,
730 2554 773 2606 ed.
786 2572 828 2624 pr.
840 2553 908 2605 Vide
919 2565 975 2603 not.
995 2553 1027 2603 A.

186 2633 316 2704 fortepro
330 2633 406 2686 bunc.
426 2636 459 2686 Δ.
616 2625 618 2631 ”
770 2629 828 2682 156.
836 2631 887 2681 Pro
897 2629 1107 2700 Quo,Psrmene.
1119 2627 1232 2696 Qum.-

226 2709 284 2763 150.
306 2712 428 2765 Wctricia
436 2714 506 2767 bella
513 2715 637 2786 parentis.
646 2715 687 2766 sie
732 2709 799 2762 cod.
811 2712 869 2763 Per.
882 2707 925 2761 ed.
939 2727 980 2780 pr.
994 2707 1063 2778 Quo.
1082 2709 1114 2758 Δ.

187 2808 279 2842 omnes
298 2790 435 2844 editiones.
456 2790 508 2846 Sed
527 2805 601 2844 extra
617 2791 689 2842 ordi·
771 2787 830 2859 157.
844 2791 895 2841 Pro
906 2789 973 2853 buo,
983 2788 1069 2837 Perm.
1081 2783 1229 2838 et.-Cod.

187 2891 248 2923 nem
266 2871 401 2924 laudando
419 2885 458 2925 est
478 2876 513 2924 et*
526 2869 688 2924 admittenda
733 2867 792 2919 Per.
803 2867 843 2919 ed.
856 2887 897 2940 pr.
909 2866 973 2931 tec,
983 2878 1009 2917 et
1018 2865 1090 2916 nobis
1096 2863 1230 2935 procebis.

187 2951 689 3021 preclaraMorelliemendstio:uQue·
772 2943 829 3017 159.
848 2945 919 2996 Hinc
934 2946 999 2998 uotis
1011 2943 1131 2993 animum
1146 2942 1232 3013 preci·

187 3030 248 3083 iiter
259 3033 287 3084 in
296 3035 415 3087 Teucros
426 3033 545 3086 victricia
558 3031 629 3084 betta
640 3047 688 3104 ps·
732 3024 934 3099 truquejuvabo.
943 3021 1053 3076 Nullum
1061 3019 1231 3072 commodum

188 3113 257 3163 renti
267 3115 389 3184 ignotum
399 3113 498 3187 Pyrrho
509 3113 618 3166 Phoenix
628 3129 688 3163 ner·
732 3122 839 3158 sensum
854 3101 991 3156 extrahere
1011 3118 1121 3173 possum
1140 3119 1172 3152 ex
1191 3097 1232 3153 bis

188 3191 688 3246 rebutAcbillsm.·Sinehecuecsen·
732 3183 829 3236 verbis.
850 3184 966 3234 Pronum
987 3181 1057 3246 teir,
1080 3179 1149 3231 bunc
1169 3181 1233 3232 votis

188 3288 232 3324 sus
245 3291 294 3325 nec
306 3275 468 3326 constructio
481 3284 601 3334 cousta13
616 3270 688 3322 unde
732 3264 852 3316 animum
857 3260 923 3323 ,·sed
932 3257 1038 3312 necboc
1045 3259 1232 3330 perspicuisne

188 3350 269 3402 miror
278 3352 441 3404 Gronovium
453 3353 480 3402 in
492 3347 612 3402 Distrihe
624 3361 650 3399 et
661 3349 692 3400 inv
733 3343 851 3396 suriana
858 3339 976 3412 dignum.
985 3338 1133 3392 Tentsbem
1143 3340 1232 3402 etism,

189 3427 304 3482 editione
312 3449 359 3484 sua
366 3430 468 3483 nullum
475 3428 554 3498 hujus
560 3429 689 3479 rationem
734 3422 783 3475 boe
793 3421 857 3475 vetis
863 3437 954 3480 omem
965 3417 1011 3472 sed
1020 3431 1047 3469 et
1056 3417 1108 3469 hoc
1117 3417 1234 3488 spongiae

189 3504 323 3562 habuisse.
336 3510 413 3562 Certe
425 3509 529 3560 meruit.
545 3505 589 3559 sit.
606 3505 688 3557 Italic.
734 3501 862 3553 incubuit.
875 3497 995 3551 Tandem
1006 3495 1072 3548 mihi
1083 3495 1231 3548 satisfaciu:

189 3585 263 3654 XVI,
283 3605 315 3658 9:
340 3589 450 3639 «tremit
469 3587 556 3638 omnis
577 3585 612 3636 sb
635 3583 690 3636 sito
737 3597 808 3632 «nos
820 3579 989 3632 fortiorem
1001 3579 1060 3628 Jem
1072 3576 1155 3645 fugit3
1170 3573 1232 3626 bine

190 3665 363 3738 Prospectans
381 3664 493 3736 scopulo
514 3679 604 3737 pastor
622 3681 690 3715 nove
735 3655 1231 3728 votistuntumprecibusqnejuvabo32

189 3743 260 3797 belin
278 3758 455 3820 parentemn
478 3745 584 3813 Noster,
605 3741 689 3794 Theb.
735 3737 898 3810 respondent
910 3735 965 3787 brec
981 3733 1178 3804 superioribus:
1195 3731 1235 3782 Tu

189 3821 222 3885 ΙΙ,
234 3821 300 3893 546:
315 3835 466 3874 :nectente
476 3836 551 3893 putat
562 3820 613 3874 sibi
621 3819 691 3871 belia
736 3815 1015 3886 fidensviridijuveute
1023 3809 1133 3865 durabis
1141 3829 1234 3882 qoam·

190 3904 312 3978 parari.»
332 3929 368 3940 -
386 3899 451 3954 Cod.
472 3903 552 3953 Paris.
572 3899 634 3952 edit.
650 3915 689 3968 pr.
736 3913 840 3968 cunque
856 3908 969 3954 sortem
989 3896 1044 3945 Nos
1063 3891 1158 3942 fortior
1175 3902 1236 3940 etus

189 3981 311 4058 parentis.
331 3980 364 4032 Δ.
733 3978 787 4046 jem
807 3977 891 4046 fugin
911 3989 937 4025 st
954 3973 1016 4046 bine
1030 3969 1156 4042 estquod
1169 3969 1237 4019 votis

231 4061 286 4116 152.
305 4059 410 4132 Vulgo,
427 4067 514 4130 optate
523 4061 650 4129 juventu,
666 4069 692 4107 et
736 4063 837 4106 tantm
845 4051 1023 4123 precibusque
1028 4052 1235 4119 juuorepossum,

1032 4141 1087 4227 37.
