2776 4484
189 283 229 364 7,
346 263 481 339 noun
506 275 553 341 m
579 274 778 342 cneum
803 274 1071 348 sncunnun

184 413 329 474 pretaptur,
344 400 420 469 quasi
437 399 521 450 crines
535 397 562 449 in
577 394 686 465 globum
703 395 873 462 convolutos,
888 415 955 467 quoe
969 403 1052 452 Varro
1070 399 1165 457 iamiar
1177 421 1223 474 ep-

186 479 273 550 pellet.
285 480 340 548 Ego
354 491 445 531 contra
460 477 548 557 potins
560 475 732 540 intellexerim
745 478 829 531 crines
841 479 866 528 in
879 477 990 546 gradum
1004 480 1119 545 fractos,
1134 482 1178 552 qni
1189 483 1223 536 ri·

186 575 226 611 tus
238 559 283 611 diu
295 571 356 629 poet
366 559 511 608 Varronem
522 559 610 608 Rome
623 569 729 607 exortus
742 569 789 607 est.
801 557 860 608 Moe
869 555 912 608 hic
925 577 958 615 ex,
966 574 1104 628 suggestus
1116 555 1225 617 Romani

184 639 283 703 formu,
295 656 374 709 quem
386 638 538 687 Ammianus
551 635 742 705 elegentissime
753 635 892 702 describit,
905 637 991 688 eierut
1004 641 1060 690 erit.
1073 639 1160 692 Verba
1169 643 1224 710 ejus

183 732 245 771 eunt
253 717 299 769 lib.
309 718 382 781 xm,
395 735 452 787 cep.
468 733 514 767 ro:
530 715 693 786 eEiatoeque
702 717 799 768 vertice
809 717 913 768 scansili
924 731 1074 786 suggestus,
1088 720 1224 771 consulum

184 811 210 850 et
228 800 345 870 priorum
362 798 510 868 principum
531 797 691 846 imitamenta
710 809 879 866 portantem·
898 797 1128 863 Quemadmodum
1148 799 1225 869 igitur

184 891 321 948 suggestus
336 875 462 946 gradibus
476 873 633 944 quibusdem
650 873 775 944 peuletim
798 875 825 925 in
844 875 926 927 eitum
941 877 1077 946 surgebat,
1096 878 1167 949 qued
1182 878 1224 930 iiie

183 957 317 1009 scansilem
327 957 446 1008 verticem
458 967 549 1020 vocet,
561 956 596 1005 ite
607 953 635 1004 bi
644 955 728 1006 crines
741 957 818 1006 certis
829 955 954 1024 gradibus
964 955 1094 1023 distincti,
1105 959 1132 1008 in
1144 957 1224 1009 altum

183 1036 378 1089 ettoiiebuntur.
398 1037 481 1086 Herm.

222 1157 279 1224 114.
299 1158 385 1210 Latias
394 1156 460 1228 quid
468 1153 538 1208 ultra
548 1155 662 1209 emineat
671 1166 771 1208 matres.
782 1155 832 1206 Prn
841 1156 907 1227 qaid
915 1157 982 1214 forte
992 1155 1132 1225 legendum
1142 1157 1223 1228 quod,

183 1234 210 1287 id
224 1251 276 1304 eet,
294 1250 438 1308 quantum:
457 1237 532 1304 cujus
548 1232 745 1302 significationis
761 1235 878 1304 exempla
895 1234 979 1287 obvie.
992 1234 1058 1286 Vide
1072 1235 1156 1286 Theb.
1171 1236 1222 1298 XI,

182 1316 211 1367 81
220 1356 225 1366 .
234 1316 357 1366 -Immo
368 1317 389 1368 si
399 1314 477 1382 vulgo
488 1315 614 1382 scriptum
625 1326 693 1364 esset
702 1313 772 1384 quod
781 1313 863 1379 ultra,
873 1316 966 1366 iterum
976 1315 1143 1366 restituturus
1152 1331 1223 1367 erem

163 1435 166 1443 .
182 1394 253 1465 quid.
266 1395 333 1449 Nam
345 1397 372 1446 in
386 1393 471 1451 verbis
483 1384 569 1452 metiri
582 1390 653 1463 qaod
663 1393 776 1444 emineat
790 1394 874 1464 ipeem
888 1410 1037 1449 mensuram
1050 1405 1147 1450 certam
1160 1411 1223 1463 spe-

182 1485 297 1540 clamne,
307 1487 352 1526 eut
362 1473 389 1534 id
402 1471 474 1542 quod
485 1473 594 1535 emine15
605 1469 690 1523 metiri
701 1489 777 1534 vero,
789 1472 852 1542 qnid
862 1473 975 1522 emineat
985 1471 1127 1539 siguificat,
1139 1489 1224 1552 purn-

183 1566 239 1604 tum
253 1555 286 1611 sit
298 1551 370 1624 qnod
382 1553 493 1616 eminet,
510 1562 555 1602 eut
567 1560 597 1598 ut
608 1559 710 1599 tentum
721 1549 762 1600 eit.
779 1547 836 1602 Alia
849 1561 888 1602 est
902 1551 969 1600 ratio
981 1549 1009 1606 in
1020 1547 1149 1603 Thebaid.
1161 1549 1223 1602 leco

183 1631 220 1685 XI
226 1670 234 1698 ,
247 1633 290 1697 81,
301 1631 467 1704 precedente
480 1627 537 1682 boe.
559 1627 641 1680 Hero.

221 1758 278 1811 116.
300 1757 433 1828 Quartam
449 1762 551 1828 eqomet
565 1751 690 1804 Nereidas
703 1764 780 1804 exsto.
798 1751 960 1805 Forceilinne
971 1756 1157 1824 interpretatae
1169 1767 1223 1807 eat:

183 1851 309 1908 quantum
321 1837 455 1908 procerior
466 1850 533 1884 sum.
546 1833 591 1882 Est
603 1850 664 1882 vero
677 1829 746 1882 idem
759 1831 833 1902 quod
845 1833 956 1886 emineo.
976 1835 1057 1886 Hero.

221 1977 278 2016 mo.
297 1959 352 2029 Ipsi
359 1959 487 2022 erraretis,
500 1956 615 2013 Amores·
626 1957 675 2011 Pro
686 1956 817 2020 emeretis,
830 1950 903 2027 quod
913 1959 1075 2010 verissimum
1087 1969 1126 2010 eet
1138 1969 1163 2009 et
1173 1955 1225 2010 eie·

181 2041 376 2111 gentieeimum,
387 2040 426 2096 vir
437 2035 532 2094 doctus
544 2039 652 2106 conjicit
663 2037 792 2090 arderetis.
804 2039 886 2092 Notat
898 2039 990 2091 etiarn:
1005 2055 1089 2092 errare
1100 2036 1134 2088 eb
1144 2036 1226 2105 iiiut,

182 2119 254 2192 quod
264 2131 290 2172 et
301 2119 417 2190 deperire
429 2130 482 2170 este
495 2116 557 2170 hino
569 2115 648 2182 iliud,
664 2119 721 2171 «Ut
732 2116 797 2182 ridi,
810 2129 839 2172 ut
851 2118 931 2186 perii!
945 2129 974 2169 ut
986 2133 1026 2166 me
1039 2115 1123 2168 malui
1136 2114 1226 2170 ebetu-

182 2200 212 2252 lit
225 2203 335 2252 errori»
352 2198 469 2253 Mirifice.
485 2195 535 2250 Sed
550 2211 576 2248 et
590 2195 708 2266 ejusdem
725 2210 764 2248 eet
779 2195 832 2248 hoc
846 2195 880 2250 erl
896 2193 954 2247 Kei.
970 2193 1102 2246 decembr.
1119 2212 1157 2246 ve.
1173 2195 1224 2262 4.ss

183 2278 271 2344 Plebs,
286 2297 382 2348 eques,
398 2289 504 2330 uenatus
519 2299 525 2328 r
545 2274 572 2328 ei
590 2275 662 2348 plebe
680 2279 842 2329 notationem
859 2276 974 2328 notionis
995 2272 1107 2326 indicem
1126 2293 1178 2344 pre
1196 2291 1225 2326 ee

182 2360 246 2424 iert,
261 2361 376 2412 uGreee
386 2377 452 2411 voce
464 2355 541 2424 φλὲψ,
555 2357 608 2412 huc
620 2371 659 2410 eet
674 2376 753 2423 uena,
769 2375 825 2428 que
836 2357 972 2425 sanguinis
986 2353 1074 2406 eirene
1087 2365 1113 2406 et
1123 2352 1225 2405 ceneiia

182 2453 234 2504 eet,
247 2455 276 2492 ut
289 2440 361 2511 piebr
376 2439 483 2492 uberior
493 2457 555 2510 pere
569 2451 649 2510 etque
666 2437 801 2490 exundent
814 2435 909 2508 popuii
921 2437 991 2488 fons.
1004 2433 1116 2488 Proinde
1130 2433 1225 2486 Mene·

182 2522 240 2574 niue
251 2519 404 2585 stomacho,
419 2522 464 2591 qui
474 2537 598 2572 renerum
611 2519 711 2572 iontem
721 2517 814 2582 hebet,
827 2515 929 2587 piebem
943 2515 1113 2584 compererit.
1137 2515 1224 2584 Hujus

182 2600 254 2653 modi
266 2601 402 2672 gemmulis
415 2601 498 2672 piene
509 2613 569 2653 eunt
583 2614 651 2652 nete
664 2603 720 2671 ejas
732 2621 738 2651 r
754 2598 826 2671 quod
836 2616 899 2651 eane
910 2616 965 2655 nou
977 2597 1101 2648 referrem
1110 2595 1159 2648 niei
1170 2613 1224 2664 pu-

182 2692 264 2732 tarem
276 2697 290 2731 e
302 2698 329 2732 re
341 2679 454 2732 literaria
467 2697 537 2745 eree,
548 2692 579 2729 ut
589 2678 628 2730 he
642 2695 717 2748 nugae
729 2677 826 2730 derisui
839 2689 865 2730 et
876 2675 1009 2733 traductui
1021 2687 1223 2746 exponerentur.

219 2821 279 2898 ¹tra.
299 2801 389 2860 Vincit
400 2819 460 2874 oper
472 2803 570 2858 animo.
587 2801 689 2858 Attum
705 2800 741 2856 ed
754 2802 869 2875 Virgilii:
887 2803 1011 2872 uiieffltm
1024 2797 1146 2871 equebet
1159 2815 1224 2867 oper

183 2905 302 2942 emmo-n
382 2899 386 2907 ·

222 2995 278 3057 1'23.
297 3006 495 3077 Querimary'am
505 3005 576 3060 Seras
585 3025 676 3059 avaros
684 3019 823 3079 aripertum
832 3005 943 3080 spoliare
953 3021 1049 3055 nentur.
1060 3003 1155 3053 Sensus
1165 3017 1225 3070 pos-

182 3081 249 3135 ruint
259 3083 378 3156 spoliasse
383 3106 392 3145 ,·
405 3087 523 3164 queritur
531 3084 683 3138 Violentilia
694 3086 804 3136 sericum
810 3086 870 3154 jam
882 3080 1013 3152 defecisse,
1026 3094 1073 3129 nec
1086 3074 1172 3126 adhue
1183 3093 1225 3126 su·

182 3179 287 3229 pereese
297 3180 350 3231 quo
362 3181 389 3214 ee
402 3176 477 3216 ornet
486 3165 513 3220 in
523 3167 631 3234 gretiam
644 3160 736 3214 stelle.
752 3190 787 3200 -
800 3161 864 3225 Qute
873 3158 952 3208 verbe
966 3173 1056 3206 ornnes
1069 3155 1223 3224 interpretes

182 3235 216 3287 ed
225 3255 352 3290 summam
362 3240 511 3292 divitiarum
522 3261 553 3293 ue
563 3241 709 3314 splendoris
719 3237 889 3310 cupiditatem
897 3233 1053 3286 Violentiliae
1064 3230 1221 3284 referebant.

168 3337 169 3340 ¹
182 3318 235 3369 Aut
246 3337 295 3388 ego
308 3330 379 3370 totus
391 3318 478 3385 failor,
493 3336 538 3372 eut
550 3339 640 3373 sensus
652 3319 731 3389 hujus
746 3319 797 3369 loci
808 3314 852 3367 bic
864 3328 918 3368 est:
931 3314 1055 3380 Quamvis
1066 3311 1223 3368 Violentilloe

183 3412 281 3450 tantem
291 3397 514 3472 pulchritudinem
525 3415 616 3474 totque
628 3402 747 3470 corporis
759 3396 835 3448 dotes
846 3395 937 3466 largite
948 3397 1010 3460 eim,
1024 3407 1112 3444 temen
1124 3413 1158 3445 eae
1168 3415 1223 3450 nen

182 3492 285 3550 sequent
298 3479 377 3529 animi
388 3481 496 3530 virtutes
510 3494 537 3530 et
550 3481 735 3552 prestantium.
749 3475 897 3532 Dolendnm
913 3478 990 3548 igitur
1001 3473 1079 3539 milti,
1094 3493 1147 3527 non
1160 3479 1222 3530 satis

183 3571 322 3630 suppetere
335 3571 503 3623 ornamenta,
515 3571 545 3609 ut
556 3557 637 3626 digno
650 3557 722 3608 cuitu
736 3575 792 3610 eum
805 3570 945 3607 exstruam.
960 3555 1004 3622 Ei,
1020 3573 1176 3626 quemquem
1189 3575 1222 3608 ne

184 3637 233 3691 boc
245 3634 349 3708 quidem
361 3633 472 3700 sufficit,
485 3655 576 3690 eurum
590 3635 706 3708 undique
718 3637 839 3706 conquiri
847 3636 923 3705 jussi.
935 3636 995 3686 Huc
1005 3633 1108 3686 videtur
1115 3636 1223 3686 Veneris
1295 3679 1299 3691 .

184 3719 311 3770 sententie
328 3718 390 3768 satis
407 3717 546 3770 commoda
564 3731 589 3769 et
607 3717 739 3787 eleganter
753 3715 837 3768 verbie
854 3735 985 3787 expressa.
1003 3717 1091 3783 Quare
1110 3716 1223 3767 certissi-

185 3817 252 3850 mum
265 3798 354 3866 putavi
366 3815 423 3848 eum
439 3797 664 3858 emendationem,
677 3814 754 3870 quem
766 3799 793 3848 in
805 3808 904 3848 textum
917 3796 1019 3866 recepi,
1031 3807 1057 3847 et
1070 3813 1149 3866 quem
1162 3805 1222 3844 aute

184 3897 225 3932 me
241 3881 295 3947 jem
309 3875 468 3949 Peyraredttt
483 3891 509 3932 et
524 3879 645 3932 Heinsius
661 3889 875 3950 proposuerunt:
898 3901 909 3922 κ
919 3879 1061 3944 Querimur
1075 3877 1128 3944 jam
1147 3875 1221 3928 Sem

184 3976 277 4014 ureret
291 3958 402 4028 spoliare
416 3975 515 4012 nemus.
528 3983 539 4005 ι
561 3961 641 4012 iiim.
