2776 4484
202 338 244 402 68
329 331 495 408 ,NOTAE
518 331 567 394 IN
591 331 790 396 csRMEtt
814 328 1079 399 SECUNDUM

198 459 359 534 penitissima
369 459 425 526 ejus
435 473 531 508 areana
541 457 700 527 penetrarit;
709 456 756 510 sed
765 457 845 514 nimie
854 455 1001 510 eruditione
1011 457 1127 528 (audebo
1137 455 1241 529 dicere)¹

198 547 225 593 in
237 541 317 593 Statio
329 535 486 608 explicando
498 554 552 586 non
564 553 624 586 raro
637 539 771 606 peccavit,
786 536 848 589 dum
862 538 947 588 minus
964 536 1055 598 obviae
1067 537 1193 590 lectiones
1210 551 1237 590 et

197 619 425 691 interpretationes
435 627 562 685 sequutus
572 627 624 680 est,
637 629 663 666 et
673 615 821 668 doctrinam
832 617 1042 687 intempestivam
1053 617 1236 689 impihgende,

198 699 328 752 eruditum
340 699 428 768 potius
442 713 520 766 quarn
537 693 638 746 bonum
653 708 758 765 poetam
771 696 882 748 Statium
900 714 956 748 esse
971 693 1070 763 voluit,
1083 696 1155 768 quod
1168 717 1182 749 a
1195 714 1236 748 rna

197 781 250 834 suis
258 779 325 830 locis
335 787 455 828 notatum
465 776 588 826 invenies.
599 777 658 845 lpse
669 774 732 826 alias
740 773 832 827 haruin
842 793 930 828 rerurn
941 773 1021 844 judex
1031 790 1088 829 erat
1097 789 1123 828 et
1133 789 1238 844 exactos

197 861 346 912 acerrimus.
358 857 427 926 Lege
439 853 518 905 modo
530 851 599 904 hanc
612 857 668 924 ejus
681 853 892 906 observationem
904 857 980 907 Notis
991 857 1018 906 in
1030 855 1134 908 Senecae
1146 857 1236 910 Contr.

196 939 247 1004 xl,
263 956 323 1009 pag.
336 936 401 1002 412,
420 933 465 985 ubi
479 933 512 984 de
526 932 617 1002 phrasi
628 935 745 984 animam
757 953 845 1006 apere,
859 933 888 985 id
902 947 953 1000 est,
972 936 1088 985 animem
1105 935 1133 987 in
1148 936 1238 987 decri-

196 1021 265 1070 mt'rte
278 1017 368 1068 habere
377 1026 469 1067 contra
480 1012 617 1065 Schottum
627 1010 758 1083 disputat,
766 1011 806 1064 his
816 1012 917 1065 verbis:
930 1036 941 1059 ι
952 1013 1069 1066 Observa
1077 1026 1163 1066 tamen
1172 1013 1239 1065 deli·

196 1100 249 1150 eias
260 1110 393 1148 veterum:
407 1099 485 1164 quenl
496 1092 613 1143 animam
627 1109 702 1162 apere
714 1093 808 1143 usitate
822 1091 958 1156 dixerunt,
972 1094 1041 1162 ejus,
1056 1107 1086 1144 ut
1105 1091 1239 1159 dicerent,

196 1178 285 1227 anima
297 1175 389 1246 aqitttr,
402 1170 545 1222 absurdum
557 1172 642 1222 risum
655 1182 708 1220 est:
723 1170 797 1238 cujus
813 1181 906 1221 contra
918 1183 995 1242 captet
1007 1171 1182 1243 autferturtes
1192 1172 1238 1244 aqi

195 1255 329 1319 dixerunt,
342 1270 401 1304 eurn
418 1261 559 1324 caputaut
571 1249 696 1321 fortunas
705 1269 781 1323 apere
792 1262 821 1302 ut
832 1248 953 1302 dicerent
966 1250 1056 1302 induci
1070 1269 1124 1303 non
1139 1264 1238 1322 potue-

194 1347 263 1386 runt.
276 1358 287 1381 ι
302 1330 496 1384 Humanissime
506 1327 600 1380 deinde
611 1327 816 1400 disputationem
827 1328 926 1381 clandit
937 1328 989 1382 hoe
999 1329 1094 1382 modo:
1110 1331 1186 1383 aNos
1199 1341 1239 1380 ta·

194 1432 253 1464 men
266 1411 367 1464 Schotti
383 1409 481 1460 meritis
492 1421 519 1459 et
531 1405 581 1460 hos
593 1420 619 1459 et
631 1405 696 1459 alios
709 1425 811 1460 errores
827 1407 903 1460 facile
916 1408 1112 1472 condonemus;
1128 1421 1156 1459 ut
1168 1407 1237 1482 elios

193 1491 243 1544 illis
254 1490 391 1562 depravari
406 1500 431 1540 et
443 1486 541 1539 deduci
553 1499 703 1558 pateremur
715 1485 788 1539 haud
798 1489 883 1540 visum
898 1501 938 1540 eet
952 1488 1114 1540 faciundum.
1128 1491 1196 1541 Nam
1210 1502 1238 1540 et

195 1585 298 1624 nostres
315 1565 473 1642 reprehendi
487 1563 632 1632 malumne,
646 1584 727 1642 qnarq
743 1565 794 1621 illis
811 1579 838 1618 et
851 1585 900 1619 nes
917 1580 943 1619 et
959 1568 1024 1620 alios
1040 1567 1157 1640 decipi.»
1175 1567 1239 1620 Pul-

194 1651 286 1703 chrum
298 1647 349 1700 hoe
360 1663 385 1700 et
397 1645 547 1708 laudabile;
560 1659 586 1697 et
597 1635 633 1696 ed
642 1643 711 1696 hanc
723 1645 842 1716 regulam
854 1648 942 1717 exiges
955 1661 1031 1718 pete,
1041 1649 1147 1713 Lector,
1158 1647 1180 1699 si
1189 1665 1239 1698 un·
1268 1706 1273 1716 ,

193 1749 273 1802 quarn
284 1747 299 1780 a
310 1729 445 1783 Gronovio
462 1740 507 1777 aut
519 1743 653 1797 quoquam
668 1723 720 1775 alio
732 1727 788 1776 viro
803 1726 883 1778 docto
900 1725 1058 1779 dissensero.
1073 1728 1145 1779 Malo
1157 1727 1240 1796 igitur

194 1807 322 1861 Parrhasii
331 1825 415 1880 pressa
427 1806 502 1880 bipa:
514 1819 540 1857 et
551 1822 583 1855 eo
594 1805 675 1874 magis
688 1806 750 1875 quia
761 1804 802 1857 her
811 1825 890 1858 voees
902 1821 1035 1879 perpetuo
1048 1809 1074 1859 iu
1083 1807 1153 1860 MSS.
1164 1825 1240 1858 oern-

194 1901 333 1939 rnutantur.
346 1889 384 1939 lte
394 1885 485 1956 virgil.
500 1883 601 1936 AEneid.
614 1882 660 1935 tib.
672 1885 711 1948 X,
723 1903 790 1936 vers.
801 1901 849 1954 97:
1244 1907 1250 1937 r

715 1981 763 2027 Ceu
772 1981 864 2027 flamina
874 1983 948 2043 prima

378 2053 457 2113 Quum
466 2051 578 2112 deprensa
588 2051 690 2098 fremunt
700 2051 763 2098 silvis
773 2063 795 2099 et
805 2067 863 2098 caeca
873 2049 978 2097 volutant

378 2125 511 2172 Murmura:

194 2223 294 2275 dudum
303 2222 421 2275 videram
432 2221 483 2293 legi
496 2235 618 2292 oportere
628 2221 741 2292 depressa
746 2261 755 2289 ,
767 2223 962 2293 comparatione
975 2219 1074 2274 scilicet
1084 2222 1135 2275 hoc
1145 2237 1239 2296 postu·

194 2303 279 2368 laute,
290 2302 403 2373 depressa
411 2302 527 2374 fremere
537 2301 625 2371 (more
634 2301 741 2366 Graeco,
750 2303 920 2373 participium
930 2319 978 2371 pro
989 2300 1128 2372 adverbio)
1140 2318 1179 2355 est
1188 2301 1239 2356 hu·

196 2381 248 2434 rnili
260 2396 285 2434 et
298 2381 428 2440 submisso
441 2400 508 2435 sono
521 2399 696 2446 murmurare,
710 2393 738 2433 stt
750 2379 821 2453 apud
833 2381 937 2432 Lucret.
951 2381 996 2445 lV,
1008 2400 1032 2432 v.
1046 2380 1111 2446 545:

379 2491 457 2550 Quum
467 2487 521 2536 tuba
531 2489 642 2550 depresso
651 2491 750 2550 graviter
759 2488 802 2535 sub
811 2469 928 2534 mnrrndre
937 2491 1018 2550 mugit.

195 2591 233 2638 lta
248 2605 325 2640 rauca
334 2605 436 2660 qenoere
447 2585 519 2659 apud
531 2587 628 2638 Lucan.
641 2589 674 2652 V,
688 2603 746 2657 ²¹7·
761 2587 793 2638 Et
804 2587 840 2638 ita
851 2599 945 2658 postea
958 2587 1045 2638 inveni
1056 2589 1123 2639 inter
1132 2589 1239 2641 verian-

196 2681 234 2719 tes
246 2667 374 2719 lectiones
387 2665 484 2718 codicis
496 2665 644 2732 Markiani,
655 2665 718 2718 lieet
730 2667 835 2720 Servius
847 2679 974 2739 agnoscat
984 2665 1115 2739 deprensa.
1127 2668 1177 2720 Pro
1184 2669 1240 2740 frte·

194 2759 271 2800 munt
285 2744 427 2816 legendum
443 2764 551 2817 quoque
566 2756 693 2818 qemunt5
705 2749 839 2816 precessit
853 2749 923 2799 enim
934 2746 1238 2819 cunctiquefremebcnt.

196 2827 247 2879 Sed
260 2827 291 2880 de
304 2825 344 2879 his
360 2824 425 2902 alibi¹
433 2827 524 2878 fusius.
539 2823 607 2879 Vide
623 2825 655 2876 cl.
675 2826 821 2880 Bentleinm
839 2827 873 2880 ad
889 2829 981 2880 llorat.
998 2829 1084 2880 Carm.
1103 2831 1127 2894 l,
1145 2829 1184 2896 ¹4·
1203 2859 1240 2871 -

196 2904 367 2960 Marklandus
376 2925 457 2977 quum
467 2903 556 2956 multis
565 2904 650 2957 verbis
657 2905 690 2958 de
700 2907 896 2960 usuverberum
903 2908 1031 2979 loquutus
1038 2922 1119 2978 esset,
1129 2921 1156 2960 et
1162 2927 1240 2979 pren·

196 3006 249 3038 ram
262 2985 349 3056 bigam
360 3004 413 3037 non
425 2984 477 3036 diei
486 2982 520 3036 de
527 2985 597 3054 jugis
607 2987 706 3055 junctis
716 2985 796 3039 docte
806 2988 983 3059 exposuisset,
996 2986 1029 3038 ab
1039 2985 1145 3050 eodem,
1159 3004 1239 3056 quem

196 3076 367 3132 coarguerat,
379 3082 465 3114 errore
476 3062 619 3134 deceptus,
631 3063 769 3116 contendit
782 3067 840 3117 vehi
848 3083 932 3136 pressa
946 3066 1003 3133 biqa
1015 3081 1070 3116 esse
1081 3062 1149 3114 idern
1164 3067 1238 3135 quod

197 3142 255 3192 eeltt'
269 3143 327 3212 biqa
339 3143 366 3191 in
380 3152 473 3194 terram
488 3141 609 3211 demt'ssa,
622 3157 652 3196 ut
663 3141 758 3212 aliquis
775 3145 929 3213 excipiatur.
946 3143 1048 3192 Etenim
1068 3143 1090 3192 si
1106 3145 1164 3212 quis
1182 3161 1239 3196 sen·

197 3239 240 3272 sus
259 3221 286 3270 in
301 3219 341 3271 his
359 3219 445 3272 verbis
463 3222 546 3289 inest,
565 3236 634 3274 certe
654 3241 682 3274 ea
702 3223 863 3294 significant,
879 3219 1029 3272 Titiseniam
1051 3239 1155 3273 cursum
1170 3222 1238 3296 biga

196 3299 318 3351 deorsum
328 3295 439 3367 flexisse,
449 3314 475 3353 et
483 3302 628 3373 Cephalum
640 3319 772 3372 pereurris
782 3304 808 3353 in
820 3315 901 3352 terras
912 3312 1044 3350 vecturam
1055 3300 1144 3352 fuisse.
1154 3304 1237 3372 Igitur

197 3379 305 3431 author.
318 3382 452 3450 ineptum,
466 3395 512 3433 ant
525 3379 709 3452 corrigendum
723 3394 791 3432 esset
804 3382 882 3432 etiarn
894 3377 1052 3431 vocabulum
1064 3380 1170 3435 veheret.
1183 3384 1238 3437 Nc-

197 3477 247 3529 que
258 3476 290 3508 eo
301 3477 379 3510 sensu
391 3463 492 3530 cepisse
504 3459 608 3514 videtur
621 3459 779 3510 Parrhasius.
790 3459 911 3530 Vulgaris
923 3471 1010 3510 autern
1023 3457 1102 3510 lectio
1115 3461 1186 3515 nulla
1198 3483 1238 3516 ra·

195 3537 267 3588 tione
277 3536 384 3588 delendi
393 3551 493 3610 potest,
507 3538 555 3590 sed
566 3538 673 3590 verbum
683 3539 833 3607 requiritur,
846 3557 900 3609 quo
911 3540 1071 3609 exprimatur
1079 3554 1170 3612 raptus
1181 3562 1236 3596 esse

196 3613 342 3684 Cephalus,
356 3619 400 3687 qui
411 3617 488 3686 vulgo
498 3617 586 3686 proedn
596 3616 702 3668 Ausone
711 3631 830 3668 vocatur.
842 3619 935 3689 Neque
945 3619 1014 3669 enim
1024 3619 1099 3672 aliter
1108 3621 1237 3674 vocabule

198 3705 221 3745 te
236 3696 323 3763 potius
339 3697 401 3748 ferri
417 3709 538 3766 possunt.
554 3697 644 3762 Quare
658 3695 772 3748 scribere
788 3715 866 3749 ausus
881 3715 938 3748 sum
956 3716 1085 3768 prensum.
1106 3703 1188 3753 llun.
1201 3731 1236 3740 —

198 3773 331 3833 Tithonia.
350 3777 398 3824 Pro
415 3773 538 3824 Tithonia
552 3773 585 3824 N.
601 3776 724 3826 lleinsius
737 3773 771 3826 ad
783 3775 860 3829 Ovid.
876 3780 946 3830 Fast·
959 3780 1003 3842 lV,
1015 3779 1077 3848 941,
1089 3779 1151 3850 legit
1164 3781 1237 3833 Tita-

198 3852 252 3902 nia.
265 3853 329 3916 Sed,
341 3849 401 3901 licet
414 3869 466 3901 non
479 3865 565 3916 recte,
578 3855 683 3904 minime
696 3867 783 3906 tamen
796 3855 1043 3927 reprehendendus,
1056 3862 1116 3930 quie
1128 3861 1184 3931 ipse
1195 3879 1236 3911 er·

199 3949 283 3982 rorent
298 3949 374 3983 suurn
389 3933 507 4000 agnoscit
523 3948 577 3984 not.
593 3931 626 3984 ad
643 3933 698 3985 Val.
712 3933 798 3986 Flaee.
813 3938 862 4002 lll,
880 3955 903 4003 t,
918 3936 958 3988 his
971 3937 1074 3990 verbine
1092 3938 1235 3990 «Ceterum

200 4009 269 4078 qued
284 4009 316 4062 ud
329 4010 440 4074 Nason,
454 4012 481 4061 in
492 4013 575 4066 Fastis
586 4014 627 4078 lV,
641 4013 708 4084 943,
720 4016 873 4082 monebant,
887 4017 1048 4090 ubicumque
1059 4017 1130 4088 apud
1144 4029 1234 4088 poetar
