2844 4484
228 353 294 420 516
480 357 515 418 P.
541 358 576 418 P.
602 353 754 420 STATll
779 356 1018 425 SlLVARUM

389 484 442 549 Tu
454 504 569 548 rosum
580 483 679 548 tineis
690 485 823 576 situque
833 501 984 575 putrem,

342 590 466 679 Quales
477 607 537 658 aut
547 591 681 686 Libycis
693 590 831 660 madent
841 592 954 679 olivis,

343 709 409 770 Aut
419 720 475 770 tus
487 701 670 786 Niliacum,
683 705 820 796 piperve
832 721 982 789 servant,

340 819 407 881 Aut
419 817 632 906 Byzantiacos
644 813 734 881 olent
746 811 887 882 lacertos
897 844 906 899 ;

341 929 409 992 Nec
421 922 539 991 saltem
550 939 609 991 tua
620 923 708 991 dicto
719 927 960 1007 continentem,

341 1038 423 1120 Qnae
435 1036 522 1102 trino
530 1033 666 1132 juyenis
677 1034 751 1101 foro
764 1034 921 1120 tonabas,

342 1150 406 1211 Aut
417 1161 553 1212 centum
564 1168 671 1237 prope
679 1141 810 1236 judices
821 1199 829 1228 ,
842 1151 935 1239 prius
948 1171 1049 1243 quam

337 1257 386 1322 Te
398 1257 616 1322 Germanicus
628 1256 792 1323 arbitrum
805 1261 958 1351 sequenti

339 1373 490 1434 Annonae
501 1365 609 1448 dedit,
622 1369 843 1460 omniumque
854 1367 921 1435 late

338 1478 489 1545 Praefecit
500 1477 699 1545 stationibus
711 1481 859 1560 viarum;

338 1589 401 1657 Sed
413 1592 503 1656 Bruti
516 1591 604 1657 senis
616 1591 844 1670 oscitationes,

337 1707 387 1769 De
399 1725 499 1794 capsa
510 1702 624 1767 miseri
635 1697 834 1779 libellionis,

338 1816 498 1904 Emptum
510 1809 587 1902 plus
599 1811 712 1874 minus
726 1831 801 1875 asse
812 1812 951 1889 Gaiano,

337 1927 450 1990 Dones
463 1949 469 1986 :
484 1944 592 2017 usque
604 1919 733 1987 adeone
744 1918 926 1987 defuerunt

338 2035 452 2101 Scissis
464 2031 552 2124 pilea
564 2047 640 2098 suta
651 2027 693 2097 de
705 2028 870 2097 lacernis?

336 2143 398 2212 Vel
410 2143 578 2227 mantilia,
591 2140 753 2210 luridaeve
764 2147 918 2234 mappaei

336 2251 482 2336 Chartoe,
495 2250 713 2320 Thebaicaeve
723 2233 736 2335 ,'
745 2253 926 2318 caricaevc?

337 2367 511 2456 Nusquam
522 2363 656 2431 turbine
669 2359 824 2431 conditus
837 2364 950 2428 ruenti

1093 1871 1108 1906 ἱ

261 2549 300 2601 13.
322 2549 518 2622 Olentvulgo,
529 2551 633 2616 colunt,·
648 2550 721 2626 quod
766 2564 853 2604 cutem
867 2550 981 2621 depicti,
995 2549 1157 2622 dorsumque
1175 2552 1265 2624 plago-

143 2656 178 2736 θ
216 2642 249 2680 ‘et
262 2630 375 2682 retinent
391 2629 450 2682 cod.
466 2632 549 2683 Paris.
562 2643 588 2683 et
601 2630 663 2686 edit.
678 2651 719 2705 pr.
765 2649 824 2684 sum
842 2630 934 2682 scissili
951 2630 1112 2682 centunculo
1130 2632 1212 2700 magis
1227 2634 1266 2684 n-

220 2707 287 2760 Vide
299 2722 357 2760 uot.
375 2711 407 2762 A.
765 2709 879 2762 umbrati
891 2727 971 2780 quam
983 2707 1096 2772 obtecti;
1106 2733 1118 2756 ι
1133 2711 1168 2760 ito
1180 2709 1266 2782 legen·

262 2803 300 2855 17.
321 2788 371 2839 Pro
386 2789 514 2860 sequenti,
529 2786 589 2841 cod.
604 2791 661 2842 Par.
676 2788 718 2843 cd.
764 2787 840 2852 dum,
851 2785 932 2856 vulgo
939 2789 1093 2851 sinescasu,
1104 2787 1226 2840 vibicibus
1233 2787 1266 2840 Ιί-

222 2884 262 2935 pr.
275 2871 409 2939 sequentis.
421 2868 487 2920 Vide
499 2881 553 2920 not.
573 2870 604 2920 Δ.
767 2867 879 2927 oedinist
893 2865 959 2917 Plin.
972 2864 1056 2936 Epist.
1071 2867 1113 2931 Ν,
1134 2865 1179 2916 16:
1202 2889 1213 2911 ι
1223 2865 1267 2918 td

259 2964 300 2998 υ.
320 2948 370 2998 Pro
389 2966 441 3000 asse
461 2947 574 3012 Colono,
592 2948 721 2999 Domitius
764 2945 817 2997 hoo
843 2944 950 3016 quidam
976 2958 1085 2996 ornatus
1109 2941 1265 2998 adolescens

222 3022 256 3074 ad
271 3024 330 3076 Kal.
345 3024 484 3077 Decembr.
497 3043 521 3074 v.
539 3039 579 3093 17,
594 3023 657 3092 legit
669 3041 721 3075 asse
766 3023 974 3088 scissis‘tunicis,
986 3025 1052 3074 utin
1061 3023 1209 3093 frequentia
1221 3040 1267 3074 so-

223 3102 334 3166 Gat'olo,·
348 3117 375 3156 ct
385 3117 473 3169 notat,
489 3101 612 3155 Gaiomm
625 3102 720 3154 cumis·
764 3103 815 3170 let,
829 3103 885 3156 solo
899 3103 999 3155 velatus
1016 3117 1078 3174 toga
1094 3105 1224 3174 perstitit,
1241 3117 1268 3156 et
1282 3150 1287 3162 ,

222 3191 293 3232 mota
305 3182 332 3232 in
345 3193 399 3233 arte
411 3192 499 3243 emon
512 3195 539 3233 et
549 3180 644 3232 deinde
656 3181 720 3231 citat
764 3183 872 3256 quidem
884 3181 957 3236 boris
967 3196 1077 3254 septem.
1090 3205 1101 3228 ι
1113 3183 1166 3234 Ubi
1177 3186 1268 3236 mirari

221 3256 292 3311 hunc
313 3280 438 3314 versum:
462 3281 515 3313 non
537 3260 664 3330 intelligo.
684 3289 719 3298 ·-
764 3263 838 3340 poleo
859 3261 994 3334 quomodo
1019 3262 1203 3314 scinderentur
1225 3273 1267 3314 tu-

221 3337 286 3388 Cod.
307 3341 387 3394 Paris.
407 3340 469 3394 edit.
487 3342 569 3412 princ.
586 3339 718 3411 vulgmam
764 3343 844 3407 πίσω,
865 3356 927 3414 toga
951 3343 1066 3415 ἰηῑσφας
1085 3344 1175 3394 tunica
1197 3344 1266 3394 enim

222 3416 354 3470 exhibent.
373 3421 405 3470 A.
764 3432 823 3495 toqa
838 3435 877 3473 est
893 3423 1013 3493 propior.
1031 3422 1177 3474 conciliate
1195 3421 1266 3488 lucc,

258 3495 298 3561 24.
307 3496 392 3549 Scissis
397 3495 469 3568 pilea
476 3509 598 3560 suta,etc.
607 3493 649 3546 Sic
656 3497 719 3546 scri·
764 3517 780 3549 o
794 3501 852 3564 isti,
870 3503 917 3571 qui
933 3500 965 3552 de
979 3519 1008 3551 re
1019 3501 1149 3552 Vestiaria
1162 3501 1266 3573 scripsi·

219 3575 271 3643 psit
279 3575 343 3626 Stat.
353 3595 407 3628 nou
418 3576 630 3648 Cutispileasuta
638 3577 669 3627 de
676 3575 717 3627 la·
763 3579 828 3631 stis:
844 3581 865 3629 si
881 3581 951 3631 enirn
968 3579 1114 3651 quidquam
1133 3581 1266 3652 intelligo,

220 3654 308 3706 cernis.
319 3656 395 3707 Conf.
403 3654 494 3725 virgil.
505 3657 562 3706 AEn.
570 3655 642 3720 vttt,
653 3672 717 3724 7oo;
763 3659 899 3732 scripsisse
908 3658 999 3710 debuit
1007 3658 1117 3726 Plinius,
1124 3661 1266 3730 scissotogs

219 3733 715 3803 luvenallll,148,et354;Virg.AEn.
762 3735 816 3788 sola
831 3734 929 3794 velatas
942 3739 1032 3788 tunica
1046 3737 1166 3808 perstitit.
1181 3740 1265 3789 Voces

219 3812 716 3883 Xll,609;Prudeut.l'sychotn.v.685‚
762 3814 884 3867 scindunt
902 3830 928 3868 et
946 3815 1048 3868 eodum
1069 3829 1265 3870 commutantur

144 3880 147 3892 ⁴
219 3894 360 3964 Apuleius,
374 3891 457 3945 Miles.
477 3893 528 3955 tx,
546 3910 573 3962 p.
595 3891 659 3958 ¹85,
674 3892 715 3944 cd.
762 3894 831 3966 apud
840 3894 917 3948 ovid.
929 3896 1000 3947 Fast.
1009 3897 1052 3961 lV,
1064 3897 1124 3964 273.
1137 3899 1186 3946 Pro
1193 3907 1249 3948 suta
1254 3933 1263 3960 ,

219 3974 322 4024 l'ricaei:
339 3974 401 4025 uDii
414 3971 494 4024 boni!
511 3969 601 4043 quales
616 3970 654 4023 illi
667 3970 716 4022 ho·
761 3975 845 4023 Parin.
863 3979 947 4044 scipta.
958 4003 993 4014 -
1005 3973 1071 4025 Cod.
1088 3977 1146 4024 Par.
1165 3971 1206 4025 ed.
1222 3989 1261 4043 pr.

215 4053 333 4104 munculi
352 4047 480 4106 vibicibus
499 4051 614 4105 lividulis
633 4063 715 4104 totam
763 4050 862 4103 Caesis„
876 4063 940 4105 suto.
960 4055 990 4102 il.
