2858 4492
388 314 519 380 LIBRI
544 312 751 380 SECUNDl
778 314 1031 380 SILVARUM.
1165 340 1224 406 27¹

183 458 241 509 tur,
251 443 298 515 qui
310 453 405 492 contra
416 441 533 492 omnium
542 456 618 512 spem
627 452 654 491 et
662 441 899 511 exspectationem,
910 441 966 493 sola
976 443 1081 514 patroni
1092 443 1229 511 facundia,

183 542 262 578 eausa
275 524 402 585 vincunt;
421 521 519 593 eripere
535 535 561 574 et
579 533 730 594 extorquere
745 520 798 574 hoc
816 525 895 574 seusu
908 525 1007 594 passim
1024 526 1108 576 utitur
1121 527 1230 588 Cicer03

184 623 288 659 eausam
300 601 404 675 auferre
416 600 550 671 eleganter
565 602 593 653 L.
611 601 703 654 Seneo.
716 601 842 652 Controv.
858 603 895 668 11,
909 620 939 672 9,
951 620 1012 674 pag.
1028 603 1087 656 130.
1099 605 1233 658 Audacter

183 683 302 735 Alcimus
311 681 416 746 Avitus,
428 678 475 732 lib.
485 685 517 746 V,
529 697 594 751 229,
603 677 638 732 de
647 679 751 732 latrone
762 679 902 733 crucifixo:
918 704 930 727 ι
939 681 1055 734 Abstulit
1066 682 1110 736 ille
1120 681 1231 742 suis'eae-

183 763 270 816 lorum
282 779 364 833 regnu
376 760 514 832 rapinis3·
531 778 628 831 nempe
643 761 703 832 quia
718 760 821 812 dixerat
835 761 1001 830 Evangelista
1015 763 1166 830 Mattheus,
1182 767 1232 830 XI,

187 861 233 896 12:
246 843 259 896 il
270 839 382 903 stultam
390 840 436 893 eris
446 835 545 906 stipendi
556 844 708 906 ΒΙΑΣΕΤΑΙ,
718 838 759 890 sel
769 837 870 901 βιαταὶ
877 840 1081 893 ἋΡΠΛΖΟΎΣΙΝ
1091 840 1172 896 imis·
1182 863 1231 898 nec

182 924 270 975 minus
283 923 395 988 Noster,
406 923 498 972 Pietas.
510 919 606 971 Abaso.
619 938 644 972 v.
658 938 689 990 7:
705 944 717 967 ι
726 921 768 974 sic
780 922 884 973 auferre
896 923 966 991 rogis
978 921 1097 975 umbram
1111 937 1232 990 conatur,

181 1017 209 1056 et
219 1005 313 1074 ingens
325 1000 465 1053 Certamen
479 1017 539 1051 cuin
553 1001 640 1051 Morte
652 1001 750 1070 gerit.»
766 999 961 1069 Quintilianus,
976 1003 1060 1054 lussit.
1074 1002 1170 1070 lin-11,
1184 1004 1230 1055 16:

185 1103 198 1128 ι
206 1081 276 1134 Nam
288 1093 314 1132 et
326 1082 363 1132 Μ.
375 1077 511 1151 Aquilium
523 1077 827 1145 delenimentum,
842 1097 925 1152 quum
940 1083 1023 1136 scissa
1037 1096 1111 1136 veste
1126 1084 1231 1135 cicatri-

182 1178 243 1225 ces,
258 1177 325 1231 quas
338 1161 360 1210 is
375 1177 425 1231 pro
439 1160 524 1228 patria
537 1171 646 1231 pectore
656 1157 766 1210 adverso
776 1160 950 1231 suscepisset,
965 1161 1094 1228 ostendit,
1106 1179 1162 1213 non
1172 1179 1231 1213 ora-

182 1243 263 1294 tionis
276 1239 368 1292 habuit
379 1239 516 1304 fiduciam,
531 1238 578 1292 sed
590 1237 674 1290 oculis
684 1238 779 1311 populi
790 1241 899 1292 Romani
910 1242 962 1292 um
974 1240 1077 1294 attulit:
1093 1259 1172 1314 quem
1184 1240 1230 1293 illo

182 1325 243 1395 ipso
253 1334 363 1393 aspectu
373 1322 485 1373 maxime
494 1331 597 1370 motum
605 1321 632 1370 iu
642 1317 709 1383 hoo,
721 1331 751 1371 ut
759 1338 834 1372 reum
844 1319 1004 1388 absolveret,
1015 1321 1146 1375 creditum
1158 1336 1205 1376 est.
1216 1345 1228 1370 ι

217 1466 262 1534 96.
289 1464 358 1536 Quid
370 1483 458 1518 coram
472 1465 571 1516 crucias
584 1471 638 1514 tam
656 1465 727 1516 soevis
742 1461 851 1514 luctibus
867 1464 1007 1516 umbram?
1025 1461 1140 1516 Probum
1160 1466 1230 1517 forte

183 1563 232 1598 suo
248 1544 311 1597 loeo
323 1544 461 1616 epitheton
474 1541 545 1596 istud
555 1542 626 1595 ruris
632 1564 642 1604 ,·
659 1541 708 1594 sed
720 1559 779 1593 uon
792 1541 838 1594 laio
853 1561 860 1594 ι
879 1542 944 1594 nillil
957 1543 1026 1595 enim
1043 1545 1133 1596 sensui
1147 1543 1228 1596 addit.

164 1620 170 1639 ‘
182 1628 269 1696 lege,
281 1624 372 1693 «Quid
382 1643 470 1678 caram
481 1625 584 1676 crucias
593 1636 647 1675 tam
657 1623 721 1676 seris
730 1621 845 1676 luctibus
855 1622 995 1676 umbrauss
1006 1646 1017 1670 ι
1032 1623 1147 1676 luctibus
1155 1626 1230 1691 seris,

183 1717 209 1756 et
228 1703 295 1756 nihil
313 1705 473 1776 profuturis;
493 1700 534 1755 vel
552 1702 690 1769 veteribus,
710 1703 780 1754 etin
799 1699 909 1773 longum
928 1715 1032 1774 tempus
1051 1704 1227 1756 continuatis:

182 1787 285 1837 utrovis
295 1787 363 1837 enim
372 1783 453 1836 modo
464 1785 562 1855 optime
571 1785 659 1836 sensui
669 1783 799 1853 congruit.
809 1783 869 1834 l’mi
880 1781 975 1848 modo,
988 1796 1014 1835 et
1026 1783 1053 1835 in
1063 1781 1155 1836 eadem
1164 1802 1229 1836 voce

183 1862 344 1935 depravatus
359 1864 493 1930 Lucanus,
504 1864 567 1929 Vll,
578 1861 646 1928 ⁴30:
660 1859 763 1928 «Quod
772 1879 879 1934 semper
888 1879 960 1914 seras
970 1860 1050 1916 debet
1061 1860 1111 1916 tibi
1123 1861 1229 1914 Parthia

183 1961 291 2014 poenas:
302 1967 312 1990 ι
327 1943 363 1994 ita
374 1941 515 2014 legendum
529 1961 580 2014 pro
590 1959 675 1994 sevos.
688 1941 755 1994 Vide
767 1955 822 1994 not.
835 1940 867 1993 ad
878 1941 963 1995 Valer.
974 1939 1061 1994 Flace.
1070 1941 1103 2008 V,
1114 1939 1228 2008 261‚ubi

184 2017 254 2072 idern
265 2019 405 2084 mendum
416 2033 442 2073 et
454 2017 664 2086 Seneo.·Medea‚
675 2039 700 2072 v.
711 2017 778 2085 686,
790 2018 837 2071 uhi
846 2017 928 2072 idem.
