2776 4484
399 249 531 314 LIBRI
555 251 697 316 PRlMl
722 250 973 320 SILVARUM.
1144 280 1201 320 ιιι

158 381 255 447 videri,
269 380 322 435 Hic
335 377 418 446 labor,
433 379 481 432 loc
495 379 625 442 studim,-
642 394 668 432 et
679 398 757 434 versa
766 381 875 448 ultimo,
885 403 935 456 pro
950 395 1036 456 rapte,
1051 384 1117 437 (lod.
1127 386 1208 438 Gem-

156 461 312 514 blaceneem
323 459 422 512 babere
432 460 527 522 victon-
536 459 607 512 unde
616 460 730 532 Scaliger
739 461 820 528 victo,
832 463 887 514 scil.
898 463 1078 534 domitisferir.
1089 465 1127 518 lta
1138 466 1210 538 apud

159 541 325 606 Martialem,
336 540 426 612 Epigr.
439 540 500 608 xri,
513 559 548 592 vs.
561 556 609 609 91:

348 647 372 691 Si
381 645 469 707 Stygias
477 660 539 708 reqer
547 661 596 692 non
604 645 649 692 iret
659 646 742 692 murus
750 645 780 692 ad
789 645 877 704 undar,

381 717 413 760 Ut
422 715 517 762 caderet
526 732 610 778 magno
619 717 711 762 victima
721 728 785 780 prata
794 718 855 762 lori.

160 819 258 871 Sensus
272 815 381 866 omnino
395 812 514 883 postulet
527 813 635 865 victima
648 831 761 886 mapnm
776 818 852 885 cujus
864 817 949 884 prima
962 813 1058 886 syllaba
1072 816 1210 868 amitteba-

161 911 207 949 tnr
216 897 244 948 in
255 891 421 966 precedente
433 910 493 944 ma.-
506 890 602 944 deinde
615 911 646 944 ex
654 911 723 965 pon,
736 895 823 946 versui
835 893 987 965 supplendo
998 897 1118 947 fecerunt
1127 909 1210 969 pinta.

161 976 231 1030 Vide
246 974 469 1046 elegantissimum
484 975 654 1044 epigramma.
668 972 718 1025 sed
732 973 822 1026 nullus
833 987 902 1028 esset
916 975 974 1026 finis
989 977 1012 1028 si
1023 975 1140 1046 singulas
1153 995 1212 1047 per-

162 1073 301 1128 sequerer,
320 1065 453 1124 quotquot
467 1051 622 1118 observavi,
639 1051 823 1122 hujuscemodi
839 1053 1039 1124 depravationes
1055 1057 1082 1108 in
1098 1069 1212 1110 veterum

162 1137 278 1208 scriptis.
287 1137 323 1187 Ut
334 1134 413 1203 igitur
423 1131 458 1184 ad
470 1131 582 1184 Statium
592 1145 721 1187 revertar:
734 1131 842 1184 Mentor
852 1132 891 1204 (ei
901 1132 981 1186 modo
992 1133 1062 1187 hane
1070 1134 1213 1188 lectionem

164 1214 304 1284 admittas)
319 1226 346 1266 et
356 1229 450 1264 manus
461 1212 581 1282 Myronis
595 1210 671 1278 lusit,
688 1225 760 1264 recte
772 1211 878 1280 dicitur,
894 1225 924 1266 nt
936 1214 1009 1284 apud
1021 1217 1111 1268 Horat.
1124 1216 1212 1268 Germ.

162 1298 212 1362 111,
229 1293 261 1361 6,
277 1292 338 1344 licet
355 1309 435 1344 sensu
449 1288 568 1358 diverso,
582 1303 608 1342 et
619 1290 705 1361 Epod.
716 1291 790 1358 XVI,
804 1292 833 1354 3;
848 1293 948 1346 Lucan.
963 1297 999 1360 11,
1014 1293 1074 1362 543.
1086 1295 1213 1348 Nondnm

163 1371 337 1426 dimittendus
350 1389 391 1438 es,
403 1371 501 1433 lector;
513 1371 555 1421 vix
567 1370 637 1422 enim
649 1383 773 1442 superato
786 1389 842 1424 uno
854 1370 952 1426 difficili
963 1373 1039 1440 loco,
1050 1378 1164 1445 extergit
1177 1374 1214 1426 ai·

165 1468 205 1508 ter
215 1449 364 1514 difficilium
377 1449 444 1502 adeo
454 1468 544 1502 verum
556 1460 596 1501 est
606 1448 681 1520 qnod
690 1449 755 1502 dixit
765 1450 923 1518 Polibennr,
935 1454 1066 1505 referente
1076 1453 1214 1519 Gevsrtio,

166 1559 178 1582 ι
188 1536 215 1590 si
230 1535 289 1606 quie
301 1531 439 1603 Papinium
450 1541 543 1602 pergat
556 1544 692 1597 excutere,
707 1529 810 1582 nulium
821 1531 879 1582 iore
891 1533 1041 1604 inquirendi
1054 1533 1145 1596 linem;
1159 1535 1215 1585 rin-

164 1634 218 1688 que
232 1611 356 1666 absolnto
370 1610 522 1682 superiore,
535 1610 622 1661 stetim
637 1627 764 1681 eurupam
777 1609 856 1662 aliurn
872 1629 1042 1665 occurrere.»
1056 1615 1113 1666 Hoc
1124 1630 1215 1666 verum

165 1713 223 1748 esse
234 1712 285 1745 usn
297 1690 435 1763 experior:
448 1708 497 1742 nec
509 1699 596 1741 tamen
608 1688 786 1756 absterrebor,
799 1708 852 1762 quo
866 1692 952 1744 minus
962 1690 1065 1760 singula
1077 1694 1215 1744 excutiam.

165 1773 337 1828 constructio
352 1783 405 1822 est:
424 1769 579 1840 «Quicquid
594 1771 701 1822 Mentor
715 1768 913 1840 lusitorgen103
929 1771 971 1823 vel
983 1770 1110 1844 quicquid
1124 1789 1217 1824 manus

164 1855 284 1928 Myronis
292 1852 357 1904 lusit
369 1853 397 1904 in
406 1869 470 1916 aere,
483 1863 509 1902 et
519 1848 647 1921 quicquid
657 1868 750 1902 manua
763 1863 869 1922 experta
882 1862 922 1904 eet
933 1869 1052 1904 enormes
1064 1850 1191 1904 colossos.
1202 1874 1213 1898 ι

165 1936 317 1988 Monstroea
331 1931 400 1997 baec,
414 1943 440 1982 et
451 1944 505 1982 tam
515 1929 608 2001 procul
619 1949 634 1982 e
647 1948 726 1983 sensu
738 1950 818 2002 qnam
829 1933 980 1986 Latinitate.
991 1934 1073 2004 anns
1084 1934 1154 1984 enirn
1165 1949 1218 1984 ma·

166 2033 216 2068 nus
234 2027 342 2087 experta
357 2024 397 2064 est
416 2027 538 2064 enormes
553 2008 692 2062 colossos?
710 2029 743 2062 an
758 2011 874 2082 Myronis
888 2011 937 2082 (ad
955 2011 1027 2064 bunc
1047 2015 1116 2064 enim
1130 2011 1218 2064 solun

166 2095 224 2148 hnc
236 2095 325 2148 referri
336 2091 483 2164 possunt):
496 2091 571 2161 atqui
582 2107 636 2141 non
648 2089 759 2160 legimus
772 2091 874 2162 uspiam
884 2090 1023 2162 Myronem
1035 2091 1120 2144 colere
1132 2091 1217 2144 colus-

168 2191 214 2228 soe
227 2173 363 2244 effingere3
376 2167 450 2244 quod
462 2171 484 2222 si
495 2168 697 2238 concederetur,
707 2171 832 2224 Latinitas
842 2183 931 2224 tamen
941 2171 1111 2224 reclamaretr
1123 2169 1218 2224 dixisse

168 2254 240 2306 enim
250 2251 354 2318 debuit,
367 2245 495 2321 quicquid
506 2265 599 2300 manue
609 2250 728 2321 Myronis
739 2264 847 2320 experta
857 2263 896 2302 est
907 2252 1052 2305 eaomibar
1062 2250 1175 2314 colonis,
1188 2261 1218 2302 nt

168 2332 232 2386 lusit
249 2342 353 2406 otperto
369 2331 487 2393 Mentor,
500 2325 564 2381 lusit
577 2346 626 2382 oere
640 2327 743 2400 Myron.
757 2331 790 2384 Et
805 2347 868 2382 sane
881 2330 962 2384 editio
978 2332 1124 2384 Parmensis
1138 2329 1220 2382 babet

169 2409 391 2475 eremicolam,
405 2410 470 2480 quin
482 2411 542 2460 etsi
556 2407 663 2460 dixisset
674 2411 819 2463 enormibus
830 2409 931 2464 colossis
943 2409 983 2463 vei
995 2409 1097 2464 enormi
1107 2409 1218 2476 coloso,

169 2489 282 2546 abeunh
292 2506 382 2544 tamen
390 2487 506 2542 dixisset.
514 2489 538 2540 N
542 2487 610 2540 ullne
622 2489 691 2540 enim
702 2487 778 2542 iocur
789 2486 943 2544 enormibus
953 2487 1063 2542 colossis
1073 2490 1141 2540 intra
1149 2487 1219 2542 redes

170 2571 292 2644 Vopisci,
304 2570 351 2623 nbi
361 2587 434 2622 nunc
443 2563 561 2620 versatur
571 2569 681 2632 statice
693 2567 807 2622 liberum
816 2567 845 2620 bi
857 2581 882 2620 et
892 2581 1014 2638 apertum
1023 2567 1120 2620 retbere
1129 2581 1220 2639 postu-

171 2649 243 2714 lant,
254 2653 282 2702 in
294 2669 346 2721 qno
357 2650 540 2702 enormitatem
552 2665 626 2700 suem
639 2647 779 2720 explicent.
790 2646 869 2699 Vides
882 2660 946 2718 quot
956 2645 1164 2702 absurditatibus
1173 2648 1220 2700 foe·

173 2729 226 2784 dns
241 2745 281 2782 est
294 2729 339 2781 hic
353 2729 434 2784 iocur.
449 2729 558 2782 Minime
573 2727 681 2794 dubito,
700 2726 812 2799 quiade
827 2727 939 2797 picturis
949 2726 1027 2798 hujus
1041 2727 1106 2780 ville
1120 2726 1220 2798 aliquid

174 2808 231 2862 hoc
242 2808 304 2861 loco
315 2807 403 2861 dixerit
416 2809 528 2864 Statius:
544 2819 570 2859 et
581 2807 633 2860 hoc
644 2807 825 2860 necessarium
836 2804 948 2872 videtur,
963 2807 1063 2877 quippe
1074 2807 1144 2858 inter
1154 2817 1221 2860 artes

173 2901 201 2942 et
219 2907 315 2942 manue
331 2897 453 2954 veterum,
469 2900 615 2954 erearum,
629 2899 655 2940 et
667 2887 737 2954 ebur,
750 2899 913 2958 etpemmas,
929 2898 956 2938 et
968 2897 1105 2958 arpentum
1118 2885 1221 2937 Mento·
1325 2881 1326 2884 ’

171 2971 222 3036 rie,
237 2980 265 3022 et
275 2986 310 3022 ωε
320 2969 448 3040 Myronis,
462 2985 517 3020 non
531 2967 587 3020 lieri
601 2967 690 3038 potuit
702 2967 765 3036 quin
777 2965 867 3018 locum
878 2963 1008 3018 baberent
1020 2961 1116 3016 tabule
1128 2964 1221 3018 zeuxi-

170 3047 225 3114 dis,
237 3049 280 3104 vel
293 3046 410 3122 Apellis,
421 3048 462 3100 vel
476 3045 620 3113 Parrhasii,
632 3045 673 3098 vel
686 3045 752 3098 alius
764 3046 908 3115 cujurpiam
921 3042 1039 3116 preclari
1051 3046 1167 3116 pictoris.
1181 3047 1220 3100 ltu

170 3127 383 3194 silv.1v‚cann.
398 3129 429 3195 6,
440 3146 478 3182 vs.
493 3127 540 3195 25,
554 3126 614 3178 loco
626 3125 689 3180 huic
702 3124 849 3180 rbnillimo:

357 3234 401 3280 ilic
411 3232 453 3280 tibi
462 3247 514 3296 qum
523 3232 594 3280 docto
601 3233 699 3279 multum
709 3229 801 3294 vigilata
810 3231 902 3294 Myroni

359 3306 423 3360 Em
433 3304 554 3352 laboriferi
562 3306 639 3352 vivant
648 3319 700 3367 quie
709 3317 825 3350 marmora
834 3301 890 3349 uelo

358 3374 488 3434 Praxitelia
499 3373 563 3439 quod
572 3375 631 3422 ebur
640 3375 712 3423 Pirreo
720 3373 803 3438 pollice
813 3386 903 3430 raum,
913 3383 959 3422 etc.

171 3486 200 3529 et
210 3472 291 3544 penio
302 3485 382 3539 ante,
394 3491 434 3526 vs.
448 3489 496 3527 nor

359 3578 426 3626 Mille
435 3579 467 3626 ibi
477 3591 532 3626 tunc
542 3579 632 3643 speeies
641 3579 739 3640 erisque
750 3579 873 3642 eborisque
883 3577 980 3634 vetusti,

358 3654 435 3715 Atque
444 3651 562 3700 locutum
570 3651 667 3698 mentito
676 3663 775 3713 corpore
785 3665 863 3707 ceras,
873 3659 919 3696 etc.

166 3745 223 3878 gbl
238 3765 286 3820 per
297 3747 505 3898 ceros9gntelliqit
516 3748 626 3815 colores,
638 3761 668 3799 ut
678 3757 750 3799 recte
764 3749 954 3820 interpretatur
966 3745 1088 3800 Bartbiue
1101 3742 1134 3796 ad
1146 3743 1222 3794 Herc.

207 3839 292 3880 rrent.
305 3843 345 3878 re.
407 3851 413 3878 ι

610 3899 657 3945 Tot
666 3913 718 3944 saxa
728 3897 840 3944 imitantia
849 3896 939 3952 vultur,

361 3973 475 4035 AEreque,
485 3981 520 4018 ιοι
529 3971 616 4034 rcriptc
625 3971 730 4018 virentes
737 3967 911 4020 luminemus
933 3959 936 3966 ’
