2850 4488
396 287 526 362 LIBRI
550 287 736 370 QUARTI
761 287 1011 354 SlLVARUM.
1158 295 1222 381 447

184 433 251 486 que,
266 413 365 466 effossa
377 412 458 464 veteri
473 411 598 478 materia,
615 411 746 464 cementis
763 423 789 463 et
806 430 873 464 novo
888 413 983 484 injectu
999 416 1067 468 viam
1082 415 1224 471 solidabat.-

182 511 286 566 campos
299 511 362 544 vero
376 493 490 546 restituit
502 491 622 544 siccando
639 489 757 558 lacunas,
776 504 818 560 et,
831 505 912 566 ponte
923 494 1008 560 facto,
1024 495 1183 550 Vulturnum
1198 499 1226 552 in

183 573 303 628 ordinem
314 586 341 625 et
351 572 454 625 alveum
466 589 543 625 suum
554 569 707 642 redigendo.
722 573 782 624 Htec
795 587 834 624 est
848 573 984 626 historiola
997 573 1076 644 hujus
1090 579 1224 646 carminis,

182 673 212 706 ex
225 652 300 706 Statii
310 651 396 704 verbis
409 649 521 704 collecta
537 673 543 703 ι
557 653 614 720 jam
625 669 687 702 vero
700 651 779 704 verba
790 653 848 724 ipsa
860 652 1008 719 videamus,
1027 654 1121 724 quibus
1133 654 1144 725 (
1154 655 1226 726 quod

181 745 242 805 post
254 733 369 786 Gevartii
381 744 407 784 et
418 731 548 784 Gronovii
559 745 670 782 conatus
682 733 803 804 mireris)
817 751 909 786 sensus
921 731 1009 785 nullus
1022 733 1119 787 subest.
1133 737 1166 787 Et
1175 739 1227 808 pri·

180 831 243 878 mo,
254 810 378 882 (transeo
389 810 459 862 euim
467 809 575 860 Domitii
589 811 666 861 Coeno
681 808 723 860 lie
732 809 861 880 populeo,
875 825 901 862 et
915 809 1025 878 Crucei,
1037 813 1088 865 Hic
1099 831 1171 867 coeno
1179 833 1227 886 po·

178 890 239 964 puli
250 892 304 942 vias
315 889 452 962 qmvatos)
465 889 617 955 Gevsrtius,
628 889 720 960 Papio.
733 890 805 941 Lect.
815 891 863 958 lV,
874 891 903 956 5,
916 909 971 942 non
983 889 1086 942 dubitat
1097 894 1160 964 quin
1170 911 1227 946 rem

181 974 265 1042 ipsam
279 971 407 1040 repererit
420 968 519 1040 (verba
533 970 616 1041 ipsius
628 969 708 1040 sunt)
722 965 852 1040 legendo,
869 971 942 1022 «Hic
956 973 1050 1024 seoenis
1063 972 1157 1045 populi
1171 975 1226 1026 viss

181 1061 316 1122 gravatas,
328 1062 399 1101 etc.»
413 1048 502 1101 scoent's
513 1046 539 1099 id
552 1061 591 1101 est
595 1049 702 1121 juncis,
717 1066 732 1100 s
744 1049 835 1102 Graeco
849 1049 936 1115 σχοῖνος
943 1073 953 1116 3
968 1064 993 1104 et
1004 1050 1055 1105 hac
1067 1071 1132 1106 voce
1144 1065 1226 1105 utun·
1292 1101 1294 1108 ,

182 1141 225 1182 tur
235 1127 356 1193 Plautus,
369 1129 449 1192 Cato,
462 1140 489 1180 et
499 1125 655 1180 Columella.
669 1126 813 1196 Quomodo
829 1146 890 1179 vero
898 1129 980 1200 junci
995 1132 1023 1181 in
1041 1131 1084 1182 via
1099 1130 1227 1203 publiea?

181 1207 232 1262 bac
244 1210 403 1280 presertim,
422 1227 478 1280 que
492 1207 660 1283 praviorem
672 1207 779 1279 oppleta
793 1209 863 1259 fuit:
881 1210 909 1260 in
924 1229 977 1281 qua
991 1212 1013 1262 si
1024 1213 1100 1282 junci
1116 1213 1225 1264 omnino

181 1301 334 1355 nascuntur,
345 1302 416 1341 certe
427 1307 483 1341 non
494 1299 609 1359 possunt
622 1287 690 1340 viam
698 1306 807 1362 pravare
818 1289 846 1339 io
858 1299 976 1355 tontum,
990 1303 1020 1342 ut
1032 1308 1099 1362 opus
1112 1291 1145 1341 sit
1158 1309 1225 1343 novo

181 1369 278 1438 injectu
290 1380 315 1419 et
326 1368 429 1439 penitus
438 1385 530 1418 cavare
542 1378 626 1422 terras.
640 1365 692 1418 Sed
706 1378 732 1418 et
746 1369 768 1418 si
783 1367 906 1420 admittas
920 1368 1034 1432 Gevartii
1047 1370 1147 1434 scoem‘s,
1162 1369 1226 1442 quid

181 1448 226 1498 liet
241 1447 274 1499 de
289 1447 367 1519 hujus
380 1446 433 1500 loci
447 1448 662 1500 constructione?
681 1465 738 1519 quse
753 1461 799 1500 aut
816 1447 889 1499 nulla
904 1462 959 1516 est,
979 1463 1025 1503 sut
1043 1469 1148 1504 sensum
1166 1450 1226 1503 nul-

182 1525 235 1580 lum
249 1527 351 1591 reddit;
365 1541 446 1601 prout
459 1547 522 1580 mox
535 1527 653 1580 dicemus
667 1540 760 1580 contro
772 1529 952 1594 Gronotimn,
967 1532 1027 1601 qui,
1040 1532 1121 1584 Diatr.
1137 1549 1160 1582 c.
1173 1531 1225 1598 io,

181 1607 262 1678 legit:

396 1679 438 1724 llic
449 1677 526 1723 scenis
534 1675 616 1740 populi
626 1678 673 1724 vias
682 1688 786 1738 gratnm

395 1751 423 1795 Et
432 1748 519 1810 campis
528 1748 572 1794 iter
580 1763 649 1794 omne
659 1747 790 1796 detinentes

394 1821 487 1880 longos
497 1818 576 1864 eximit
585 1818 683 1864 ambitus
691 1838 698 1876 ;

182 1916 226 1969 ubi
238 1934 332 1984 mente,
346 1916 447 1986 inquit,
460 1916 629 1968 encausto
640 1915 777 1986 implicato
788 1914 906 1967 immissis
915 1913 943 1965 in
952 1913 1018 1968 elios
1027 1917 1111 1970 ramis.
1127 1920 1160 1970 Et
1173 1918 1224 1972 hoc

181 1994 311 2063 defendit,
321 1993 430 2048 Elencb.
439 1993 582 2046 Antidiatr.
593 2014 617 2046 o.
626 1993 656 2060 53
666 1997 703 2046 ita
714 2006 800 2046 temen
809 1995 884 2066 quasi
895 1994 1036 2047 eruditioni
1046 1998 1135 2068 potius
1146 2016 1224 2069 quam

180 2077 283 2128 veritati
294 2072 559 2145 ittiuaexplicationis
570 2071 715 2126 confideret
728 2096 734 2122 t
749 2091 826 2140 nam,
840 2073 924 2150 Reliq.
940 2073 975 2126 ad
988 2075 1049 2128 silv.
1064 2093 1130 2150 quas
1144 2077 1224 2150 longo

179 2169 242 2226 post
256 2166 376 2225 tempore
392 2152 489 2219 edidit,
506 2152 585 2222 legit,
605 2155 674 2205 «llic
687 2154 769 2206 coenis
785 2155 879 2225 populi
890 2156 946 2206 vies
957 2169 1091 2226 gravatas,
1104 2170 1177 2209 etc.»
1194 2177 1226 2210 ex

181 2254 212 2290 eo
227 2235 300 2308 quod
314 2233 375 2288 edit.
388 2237 481 2288 Venet.
500 2247 526 2287 et
541 2233 596 2286 MS.
614 2232 702 2286 llbod.
721 2232 872 2287 habuerunt
887 2237 957 2289 sonis
973 2247 999 2289 et
1014 2236 1096 2298 sertit,·
1111 2238 1186 2310 qnod
1200 2253 1226 2292 et

180 2335 229 2388 ego
242 2317 270 2367 nr
281 2311 415 2368 Poimensi
426 2316 542 2369 invenio.
558 2317 598 2367 De
611 2313 654 2367 bis
670 2317 749 2386 igitur
765 2313 881 2386 ἀντίμοι
897 2317 998 2386 φροντίσι
1009 2319 1065 2388 jam
1078 2317 1224 2374 videamus.

179 2398 212 2448 Et
226 2397 359 2467 primunr,
373 2397 536 2448 constructio
550 2394 608 2448 haec
623 2410 680 2448 est:
697 2397 769 2448 -uic
786 2395 990 2468 (Domitianus)
1006 2399 1095 2448 eximit
1107 2400 1162 2450 vias
1174 2418 1226 2471 po-

179 2473 248 2545 puli,
258 2488 377 2546 gravatas
385 2478 476 2538 ςωηίες
486 2487 512 2527 et
522 2477 610 2528 eximit
618 2475 713 2548 longos
724 2475 838 2528 ambitus
846 2473 996 2528 detinentes
1008 2477 1057 2528 iter
1067 2495 1146 2530 omne
1155 2498 1225 2532 com·

179 2557 234 2626 pis,
248 2573 295 2608 seu
307 2575 355 2628 pet·
365 2573 506 2626 cumpost·
524 2555 605 2626 Atqui
619 2556 786 2608 Domitianus
801 2575 855 2606 non
870 2557 966 2608 exemit
980 2557 1051 2609 vias.-
1065 2559 1147 2609 immo
1161 2576 1224 2612 oon-

179 2635 303 2701 trarium,
320 2635 454 2688 redonavit
468 2647 494 2686 et
510 2635 636 2696 restituit3
654 2647 757 2686 tantum
775 2631 850 2686 abest
865 2649 896 2686 ut
911 2637 1040 2688 exemerit.
1057 2637 1114 2688 Nec
1130 2637 1225 2690 melius

178 2714 301 2786 procedit
311 2713 423 2766 alterum
434 2714 571 2765 sententiae
581 2711 744 2782 membrum,
758 2736 769 2760 ο
781 2727 808 2766 et
819 2716 907 2766 eximit
919 2714 1013 2785 longos
1028 2715 1142 2770 ambitus
1156 2716 1226 2770 deti-

178 2805 273 2846 nentes
285 2793 335 2843 iter
346 2809 424 2842 omne
437 2793 575 2863 campis,s
591 2793 613 2842 si
624 2790 694 2843 istud
707 2811 813 2865 qnoque
825 2794 934 2844 examini
946 2793 1075 2865 suincere
1085 2797 1158 2848 velis.
1173 2797 1225 2849 Sed

180 2891 263 2944 quare
274 2873 340 2938 vias,
352 2875 379 2923 in
388 2872 503 2943 plurali?
514 2876 568 2923 u'na
581 2873 649 2924 enirn
661 2885 765 2924 tantum
778 2887 849 2939 eret,
862 2885 887 2924 et
899 2876 936 2926 ite
948 2889 1052 2945 semper
1063 2874 1172 2942 dicitur,
1183 2878 1226 2928 via

179 2951 346 3019 Domitiano,
358 2969 413 3003 non
424 2954 472 3004 vt’oe
480 2951 654 3012 Domittanoe,·
663 2955 728 3004 utin
738 2953 839 3023 praefat.
851 2951 929 3022 hujus
939 2952 1000 3004 libri
1012 2975 1018 3004 ε
1032 2975 1044 2999 ι
1055 2956 1145 3006 Tertio
1155 2956 1225 3007 viatn

178 3033 356 3085 Domitianam
366 3035 474 3086 miratus
484 3051 556 3086 sum:
568 3057 579 3081 ο
592 3035 664 3085 etita
674 3036 815 3106 quinquies
824 3035 852 3085 in
861 3033 913 3086 boc
923 3036 1055 3101 carmine,
1065 3053 1090 3086 u.
1099 3035 1147 3106 37,
1161 3036 1225 3104 114,

183 3128 308 3183 tan,127,
320 3113 382 3176 rou
393 3131 530 3185 nunquam
539 3131 604 3166 vero
616 3114 676 3165 vias.
684 3113 798 3180 Deinde,
810 3133 930 3185 quanm
941 3127 1003 3166 sunt
1011 3114 1051 3166 bse
1061 3116 1109 3167 vioe
1115 3115 1227 3188 populi?

180 3209 249 3244 sone
260 3193 310 3245 alia
324 3205 364 3246 est
375 3194 417 3246 via
427 3193 539 3266 populi,
554 3193 605 3246 alia
615 3194 749 3265 pecott's'et
753 3195 954 3266 jumentorum?
964 3195 1057 3266 inepta*
1065 3193 1121 3247 lrtee
1131 3195 1225 3250 distin-

181 3273 245 3334 ctio,
262 3286 288 3324 et
304 3273 437 3344 superllua
452 3292 502 3325 vox
516 3272 632 3345 populi:
645 3277 730 3326 omnis
743 3276 812 3326 enim
824 3275 866 3326 viu
878 3275 968 3327 estvia
979 3273 1089 3349 populi,
1107 3276 1162 3328 sine
1172 3295 1223 3350 po-

178 3349 236 3421 puli
247 3355 380 3405 mentione
391 3353 477 3416 iacto3
491 3367 522 3405 ut
534 3371 625 3406 omnes
638 3355 710 3408 urbes
722 3367 784 3406 sunt
797 3353 950 3420 bominum,
964 3353 1026 3406 licet
1038 3371 1093 3405 non
1108 3373 1175 3426 opus
1190 3357 1225 3408 sit

181 3443 210 3483 ut
221 3431 339 3485 dicamus
351 3433 421 3486 urbes
434 3433 588 3487 lominum:
603 3451 664 3485 nam
680 3433 756 3486 locus
772 3433 816 3485 ille
832 3432 964 3506 Sulpitie,
979 3435 1007 3484 in
1024 3433 1122 3500 Sotira,
1134 3452 1159 3486 r.
1172 3435 1224 3504 39,

181 3509 226 3562 nbi
234 3510 291 3564 hsec
300 3511 400 3565 locutio
412 3515 543 3580 occurrit,
554 3533 566 3556 e
575 3511 647 3580 Quid
657 3515 789 3566 facimus?
799 3514 908 3580 Graios,
921 3513 1111 3585 bominumque
1120 3513 1224 3587 reliqui·

181 3607 237 3642 mus
246 3591 341 3658 urbes,
353 3616 364 3640 ο
382 3595 595 3666 corruptissimus
606 3607 653 3645 est.
665 3593 814 3646 Gronovius
825 3592 931 3666 quidem
940 3609 1055 3648 veterem
1064 3593 1177 3664 lapidem
1188 3593 1223 3646 ad

179 3681 266 3739 partes
279 3689 339 3724 snas
351 3687 429 3725 vocat
437 3696 445 3738 ;
459 3675 486 3724 io
499 3692 552 3744 quo
564 3685 636 3740 erat,
654 3672 802 3726 redonaton'
815 3673 966 3746 vimpopuli
981 3695 989 3724 .-
1009 3687 1036 3725 et
1051 3675 1089 3724 ita
1106 3675 1170 3725 citat
1188 3673 1221 3725 ol.

180 3747 337 3819 Salmasius,
347 3751 431 3824 Epist.
442 3750 475 3805 de
490 3753 600 3823 Region.
616 3766 643 3806 et
655 3752 756 3806 Eccles.
771 3752 976 3820 suburbicariis,
984 3773 1012 3825 p.
1024 3754 1057 3820 45,
1068 3766 1094 3805 et
1104 3756 1140 3806 ita
1150 3751 1223 3824 opud

179 3831 321 3885 Gruterum
339 3833 461 3898 invenio,
476 3852 504 3904 p.
526 3831 609 3903 1095,
626 3833 651 3886 8.
671 3830 723 3886 Sed
739 3836 927 3905 exscriptorem
944 3833 1025 3906 hujus
1041 3834 1222 3905 inscriptionis

179 3911 287 3964 minime
296 3910 389 3964 dubito
401 3927 515 3976 errasse,
529 3926 554 3964 et
566 3931 616 3982 pro
624 3912 725 3983 populo
734 3912 827 3983 legisse
835 3912 947 3984 populi.-
960 3913 1106 3968 redonaton'
1117 3912 1164 3964 vie
1173 3929 1223 3982 po-

177 3987 257 4060 pulo,
270 4003 325 4056 est,
337 3991 383 4061 qui
393 3988 525 4042 redonavit
537 3989 605 4042 uiam
616 3988 724 4062 populo.
740 3989 827 4043 Sedet
838 3989 890 4042 boc
901 3992 1035 4072 Gronovio
1047 3988 1220 4047 donabimus:
