2824 4488
218 268 283 346 400
395 264 529 333 uota
554 267 602 328 ru
626 265 823 330 annuns
847 267 1078 350 Quru'ruu

400 391 437 436 sic
445 389 487 435 uhi
494 392 606 452 praernpti
615 392 690 438 tonuit
699 407 773 454 quum
781 392 842 438 forte
851 393 935 440 Vesevi

315 452 318 464 ⁴
400 461 518 523 Hesperia
527 459 619 507 lethalis
628 477 702 524 apex,
712 463 749 507 rix
756 461 814 507 dum
823 463 891 523 ignea
899 477 1002 511 montem

400 533 476 578 Torsit
482 530 569 588 hiems,
577 535 673 594 jamque
683 533 741 577 ans
751 531 809 578 cinis
818 532 893 578 induit
901 534 979 581 urbes.
1032 599 1052 644 G

1054 613 1136 647 tvans.

254 749 295 819 75.
314 744 450 799 Dieamhei
466 755 569 814 portus,
588 755 613 795 et
631 743 709 795 h'tom
727 745 818 796 mnndi
836 745 953 816 Hospita.
970 747 1066 799 Noster
1083 753 1173 820 potius
1193 756 1257 804 scri-

216 829 311 901 psisset
322 825 435 890 mundo,
448 837 478 874 ut
488 827 582 875 vitaret
593 821 789 891 ambiguitatem
801 825 1022 888 constructionis;
1035 829 1132 881 mundo
1144 828 1257 900 hospita,

217 928 275 980 qua
287 907 420 978 excipiunt
433 915 519 954 totum
531 900 673 964 mundum3
688 903 776 971 potius
789 921 868 974 quam
881 902 956 956 litora
968 903 1070 956 masidi.
1082 907 1120 957 lta
1129 906 1256 982 Thebaid.

132 1045 135 1052 ¹
217 989 282 1054 ΧΠ,
296 1004 362 1038 vers,
378 982 445 1035 618:

399 1070 470 1133 Mittit
478 1087 503 1131 in
512 1102 575 1132 arma
585 1101 679 1142 manus,
690 1086 818 1149 genialibus
827 1086 918 1150 hospita
927 1088 985 1136 divis

400 1161 468 1206 lcarii
476 1159 586 1222 Celeique
596 1158 691 1216 domus,
701 1158 834 1223 viridesque
843 1161 953 1208 Melaenae.

216 1267 292 1319 Gonf.
308 1277 334 1316 et
346 1258 485 1314 Achilleid.
500 1262 528 1324 1,
544 1259 595 1310 206
608 1277 664 1330 sq.;
679 1258 766 1311 Valer.
781 1259 868 1312 Flaoe.
883 1262 926 1328 lv,
945 1261 1008 1328 145;
1020 1263 1138 1334 Propert.
1149 1265 1201 1330 Hl,
1214 1283 1256 1330 ot,

145 1371 149 1380 «
216 1348 259 1414 37.
272 1345 341 1396 Bene
353 1343 432 1412 igitur
443 1352 469 1392 et
478 1337 571 1391 melius
583 1337 681 1390 mundo
694 1336 808 1408 hospita,
821 1357 899 1410 quarn
911 1338 1013 1391 mundi.
1023 1342 1148 1393 Preterea
1159 1345 1256 1396 muodo

217 1426 317 1497 hospita
332 1437 441 1494 estque
456 1420 547 1490 recipit
559 1419 684 1471 mundum
692 1439 702 1480 ‚·
717 1431 745 1469 at
758 1419 851 1470 mundi
865 1419 968 1491 hospita
983 1433 1052 1472 esset
1066 1439 1124 1492 que
1138 1423 1259 1494 reeipiosr

216 1529 232 1559 a
246 1505 358 1566 muod03
372 1498 445 1576 quod
457 1501 541 1572 priori
552 1500 713 1550 eontrarium
726 1511 781 1564 est,
796 1511 822 1549 et
832 1496 885 1550 hoo
896 1498 956 1552 loeo
971 1499 1125 1552 absurdum.
1139 1503 1256 1556 Proden-

216 1586 286 1647 tins,
302 1581 447 1656 Apotheos.
460 1578 494 1630 de
509 1581 602 1630 Natur.
615 1578 730 1642 Anima,
741 1595 766 1627 v.
780 1575 823 1646 47,
838 1577 967 1648 «limique
981 1581 1094 1632 recentis
1105 1582 1215 1653 Hospita
1224 1603 1253 1643 ς·

217 1664 244 1716 id
262 1676 318 1730 est,
334 1685 345 1707 ι
357 1679 414 1733 que
432 1659 560 1728 excipitur
575 1655 638 1708 limo
654 1667 798 1716 recente„
818 1653 851 1708 de
866 1659 953 1708 anima
972 1657 1096 1730 loquitur.
1113 1661 1256 1728 Martialis,

216 1744 305 1814 Epigr.
320 1744 441 1807 x,xrv:

402 1851 430 1894 ht
439 1863 514 1903 nane,
526 1847 628 1894 Ausonio
638 1845 722 1891 frustra
731 1845 843 1906 promisse
850 1844 960 1904 Quirino,
995 1833 996 1837 ¹

432 1918 527 1980 Hospita
537 1917 612 1978 lagei
620 1915 692 1962 litoris
701 1915 784 1961 umbra
789 1916 868 1977 jaces:

216 2018 293 2074 Ovid.
310 2020 380 2070 Fast.
393 2018 443 2081 VI,
458 2014 524 2083 529:
543 2014 676 2083 «Hospita
691 2011 836 2064 Carmentis
851 2008 919 2062 fidos
932 2013 1040 2063 intrasse
1056 2028 1166 2084 penates
1179 2019 1255 2072 Dice-

216 2101 264 2160 πίῃ
273 2122 285 2145 ι
298 2097 360 2148 licet
372 2095 409 2146 ihi
419 2106 571 2145 construere
583 2093 670 2162 possis
678 2103 784 2162 penates
797 2092 940 2142 Cannentis
948 2108 1003 2140 non
1013 2092 1125 2164 Hospita
1137 2099 1255 2150 camon.

216 2180 253 2232 tis.
264 2179 371 2239 Noster,
384 2171 491 2244 Epiced.
505 2172 573 2222 Patr.
584 2189 608 2222 v.
623 2169 687 2236 168,
701 2193 712 2215 ι
720 2171 830 2222 Ausonii
838 2168 941 2240 pridem
951 2169 1013 2222 laris
1025 2171 1132 2246 hospita
1141 2177 1233 2251 Cyme,
1241 2202 1252 2224 ι
1265 2189 1268 2196 “

215 2258 242 2310 id
256 2271 312 2324 est,
325 2256 405 2328 Cyme
420 2270 476 2324 qrrae
488 2249 661 2322 excipiebatur
673 2248 788 2301 Ausonio
802 2250 863 2300 lare.
879 2249 906 2301 si
916 2247 972 2300 hae
987 2251 1136 2308 observatio
1149 2275 1210 2310 vera
1223 2261 1255 2310 sit

215 2338 258 2410 (et
271 2355 332 2390 vera
348 2332 412 2388 mihi
428 2329 515 2384 adhue
531 2327 649 2398 videtur)
663 2346 717 2380 non
731 2329 819 2399 potuit
837 2327 952 2381 scrihere
969 2333 1063 2384 mundi
1079 2335 1188 2406 hospita.
1203 2337 1256 2390 Sed

215 2419 275 2472 vide
288 2432 384 2490 porro:
397 2413 506 2484 ¹quippe
524 2409 607 2460 lector
625 2409 786 2479 suspiciosus
804 2420 831 2459 et
847 2426 926 2479 sagax
941 2409 1072 2463 turbatum
1091 2413 1191 2486 aliquid
1208 2415 1254 2468 hio

215 2495 346 2550 odorabit.
361 2493 464 2564 inspice
476 2489 545 2542 enim
557 2499 640 2538 totam
654 2485 821 2556 xopoypaaho
837 2485 917 2558 hujus
932 2485 999 2552 loci,
1011 2492 1154 2559 Vesuvius,
1168 2495 1256 2568 inquit

216 2577 328 2642 Statius,
345 2575 406 2626 lieet
417 2571 560 2644 plurimum
573 2564 663 2619 damni
675 2566 751 2619 nohis
764 2567 897 2634 intulerit,
911 2586 966 2618 non
979 2581 1064 2622 tarnen
1075 2571 1198 2626 exhausit
1209 2595 1255 2628 uo·

216 2658 257 2710 hes
267 2655 368 2710 civibus
380 2657 447 2716 suis;
459 2661 528 2703 stant
542 2649 610 2701 enim
623 2646 723 2715 adhuc,
736 2647 842 2714 florent,
857 2660 883 2699 et
894 2648 1001 2719 populis
1013 2653 1115 2723 sigeum
1130 2653 1174 2707 hie
1186 2657 1253 2709 enim

215 2748 276 2790 sunt
293 2737 366 2787 urbes
389 2733 512 2787 florentes
534 2739 560 2780 et
581 2729 683 2800 populo
702 2728 820 2794 refertae,
840 2729 926 2780 &mse
944 2741 970 2780 et
988 2731 1113 2798 Puteoli,
1131 2747 1158 2785 ει
1178 2734 1255 2788 litora

214 2815 312 2868 mundo
325 2814 438 2886 hospita,
453 2824 480 2863 et
493 2813 581 2882 Capua
596 2821 622 2859 et
636 2821 725 2860 nostra
736 2807 869 2880 Neapolis.
881 2806 978 2876 Vides,
994 2812 1098 2882 opinor,
1115 2831 1194 2885 quam
1206 2835 1255 2887 pa·

214 2916 273 2949 rum
285 2908 346 2969 apte
358 2893 438 2947 litora
450 2889 548 2942 mundo
561 2887 661 2962 hospita
674 2890 821 2940 inserantur
833 2888 902 2940 inter
912 2901 953 2939 tot
967 2893 1076 2962 propria
1090 2895 1198 2943 nomina
1214 2895 1255 2945 lo·
1302 2877 1312 2888 ’

215 2995 318 3038 corum;
332 2977 430 3047 quippe
441 2971 532 3033 litora,
545 2981 680 3040 utcunque
690 2967 786 3020 mundo
796 2967 910 3039 hospita,
922 2967 996 3020 nullo
1005 2983 1084 3041 pacto
1092 2971 1183 3023 referri
1192 2991 1256 3043 pos-

215 3071 277 3110 sunt
289 3060 357 3109 inter
371 3056 457 3118 urbes,·
469 3050 503 3104 de
516 3049 610 3122 quibus
622 3048 673 3101 hoc
686 3048 745 3101 loco
757 3051 810 3120 agit
822 3049 927 3100 Statius.
941 3051 992 3101 Diu
1005 3053 1092 3122 itaque
1104 3055 1255 3124 suspicatus

214 3152 272 3185 sum
286 3135 421 3205 proprium
432 3129 501 3182 urhis
512 3127 622 3198 alicujus
634 3145 732 3179 nomen
746 3125 789 3178 hio
804 3125 956 3180 delitescere
962 3151 970 3193 ;
982 3142 1008 3180 et
1018 3129 1170 3200 Campania
1181 3150 1254 3184 oran

214 3223 240 3263 et
250 3210 330 3262 urbes
339 3209 488 3282 peragranti
500 3200 671 3270 occurrebat,
683 3207 725 3256 vix
733 3203 790 3256 fieri
801 3223 881 3276 posse
891 3209 956 3277 quin
967 3207 1038 3259 Baioe
1046 3209 1081 3261 sit
1090 3208 1165 3262 locus
1175 3229 1253 3281 quem

214 3289 366 3358 quaerimus,
379 3290 415 3340 ita
426 3283 564 3358 appellata
573 3301 588 3334 a
597 3283 676 3348 Baio,
688 3281 770 3334 Ulixis
781 3281 973 3352 gubernatore,
985 3285 1040 3338 illie
1052 3287 1171 3359 sepult03
1182 3285 1253 3341 unde

213 3366 282 3418 Belou
295 3363 370 3433 τάφοι
383 3368 461 3419 Baias
472 3377 551 3416 vocat
563 3361 739 3434 Lycophron,
751 3362 916 3432 Cassandra,
930 3385 954 3417 v.
967 3366 1034 3436 694:

457 3465 528 3516 Belou
538 3465 560 3513 p
569 3462 675 3531 ἀμείψας
683 3465 726 3515 soii
734 3463 866 3533 suCtprisoo
875 3466 960 3532 stipor·

396 3562 406 3581 ι
415 3541 543 3587 Ριειετεηι
552 3554 606 3584 vero
614 3539 662 3584 haii
671 3539 830 3600 gubernatoris
839 3540 984 3603 sepulcrum:
995 3561 1006 3582 ι

163 3617 167 3625 ¹
211 3641 329 3694 comitem
345 3639 427 3691 Ulixis
437 3650 515 3692 vocat
526 3637 630 3692 Servios
643 3637 677 3690 ad
689 3641 746 3691 AEn.
760 3642 809 3707 ΠΙ,
820 3641 888 3708 44ι,
903 3655 929 3692 ει
943 3642 994 3709 IX,
1009 3660 1076 3712 7¹⁰³
1094 3658 1121 3694 et
1136 3644 1181 3696 Sil.
1198 3645 1250 3698 ital.

210 3721 274 3787 ΧΠ,
297 3719 354 3787 114.
370 3718 456 3784 idern,
469 3720 544 3786 VlIl,
557 3717 623 3785 540:
642 3720 795 3788 -ntisenus,
815 3733 841 3773 et
855 3719 950 3774 ardens
967 3723 1021 3774 Ore
1035 3717 1162 3792 giganteo
1179 3722 1251 3776 sedes

112 3783 121 3798 ’
210 3799 336 3853 ithacesia
347 3799 433 3860 aaa„
446 3797 473 3849 id
483 3811 523 3851 est
532 3797 678 3869 sepulcrum
688 3800 762 3867 Boii,
774 3803 791 3852 i.
803 3819 825 3852 ε.
837 3801 917 3852 Basa.
928 3799 1036 3866 Strabo,
1047 3799 1093 3852 lib.
1105 3801 1137 3867 V,
1150 3821 1176 3873 p.
1193 3800 1249 3870 169:

209 3878 257 3938 Τὰ
268 3879 294 3934 h*
303 3879 374 3936 Baias
385 3876 518 3946 insipieus
530 3873 585 3932 siras
598 3877 690 3946 tipouos
703 3879 771 3932 Baiae
782 3882 825 3932 eoi
834 3877 966 3936 'ouantes
979 3879 1074 3950 isaim
1085 3881 1145 3938 rusie
1156 3903 1160 3913 ·
1175 3881 1203 3938 ὅς
1214 3879 1251 3932 ui
