2782 4486
405 303 536 369 LIBRI
561 303 736 384 QUINTI
761 303 1013 368 SILVARUM.
1161 307 1222 374 631

189 434 265 500 Quos
274 449 323 501 ego
333 447 421 482 versus
430 448 484 482 non
495 430 638 481 testimonii
647 447 726 480 causa
737 426 853 492 adduco,
866 427 911 480 sed
922 442 952 480 ut
961 430 1069 500 Virgilio
1079 432 1229 503 abjudicem

188 514 279 565 totum
292 530 346 563 non
358 529 453 563 suum:
473 522 566 580 preter
581 512 651 560 anim
666 507 740 579 quod
758 511 785 559 in
801 508 874 560 MSS.
892 509 1026 580 plerisque
1042 515 1227 570 vetustioribus

187 611 241 644 non
253 593 432 656 inveniantur,
446 601 558 642 testante
568 591 666 655 Pierio,
684 602 724 640 est
740 602 765 640 et
783 588 834 638 olis
851 591 916 640 ratio
930 608 981 660 qua
996 603 1069 662 patet
1085 594 1167 662 ignari
1182 613 1227 647 ou-

184 670 290 741 jusdam
305 682 331 722 et
346 667 451 720 barbari
459 667 656 737 interpolatoris
667 685 737 733 esse,
749 665 846 718 nedum
858 667 975 737 Virgitii;
988 688 1019 720 ex
1031 675 1226 726 constructione

187 749 301 816 scilicet,
313 767 370 820 quos
381 748 436 800 hec
446 765 501 800 esse
510 746 614 812 debuit,
624 758 705 818 prout
717 745 841 815 exemplis
854 745 975 798 adductis
987 747 1085 819 liquet:
1101 748 1171 802 «Ille
1181 771 1227 823 eqo

186 831 233 900 qui
245 828 378 901 quondam
390 825 538 878 modulatus
550 845 655 878 carmen
667 843 763 890 avena,
780 839 806 876 et
822 843 942 896 egressus
959 827 1027 878 silvis
1040 829 1111 903 coepi
1127 849 1187 881 arva
1199 843 1228 882 ut

186 922 308 980 parerent
320 907 432 974 colono,
446 925 516 958 nunc
528 923 601 958 arma
613 908 751 976 virumque
764 924 866 966 caston
884 925 938 958 non
951 917 979 958 at
990 927 1074 970 ηιιιιο,Ι
1091 908 1143 961 hoc
1158 913 1228 962 enim

186 988 266 1039 modo
280 1001 335 1039 tota
348 987 477 1040 sententia
490 985 666 1056 perturbatur.
682 985 760 1037 Mitto
775 985 894 1056 ineptum
908 986 1044 1058 epitheton
1059 990 1144 1040 vicina
1159 1011 1166 1040 .·
1186 992 1229 1042 cui

187 1069 256 1118 enim
269 1067 354 1118 vicino
366 1085 424 1118 arva
438 1065 577 1138 intelligit?
591 1083 624 1116 an
637 1066 721 1120 vicina
735 1061 823 1118 silvis?
840 1064 981 1118 ridiculum
997 1090 1002 1118 :
1021 1069 1096 1140 quasi
1115 1067 1148 1120 ad
1167 1088 1228 1122 arva

186 1157 288 1197 tontum
306 1145 377 1198 silvis
395 1145 482 1196 vicina
500 1147 662 1215 pertinerent
677 1145 777 1214 Virgilii
793 1145 941 1216 Georgicai
961 1165 994 1198 an
1011 1148 1128 1200 Mantum
1141 1150 1227 1200 vicina

186 1243 247 1276 arva
261 1221 361 1276 voluit?
375 1224 420 1276 sed
437 1237 463 1276 at
475 1222 525 1276 hoc
538 1244 611 1296 aeque
628 1224 780 1290 ridiculum,
794 1237 820 1276 et
831 1224 866 1276 oh
878 1225 996 1278 eamdem
1013 1228 1150 1280 rationem.
1167 1227 1226 1280 Seio

186 1303 249 1376 quid
261 1305 344 1358 dehis
356 1304 474 1358 versibus
486 1306 575 1358 dicant
588 1308 703 1372 Pierius,
715 1318 741 1358 et
752 1305 805 1358 tul.
818 1306 946 1378 Scaliger,
958 1311 1074 1362 Poetices
1086 1310 1130 1362 lih.
1144 1314 1180 1377 V,
1193 1312 1226 1364 ad

186 1383 278 1448 linem;
293 1385 339 1437 sed
356 1385 448 1451 nullm,
465 1387 631 1457 quantumvis
649 1405 764 1456 magnae,
782 1387 967 1454 auctoritates,
986 1390 1073 1440 sensui
1091 1389 1226 1442 communi

185 1464 386 1535 praeponderare
398 1464 504 1518 dehent.
523 1464 573 1518 Sed
586 1463 621 1516 sd
633 1483 742 1534 pensum
758 1488 763 1516 :
782 1485 797 1516 a
810 1485 862 1538 quo
876 1486 917 1518 sne
930 1467 1037 1519 abduxit
1050 1487 1124 1520 amor
1135 1483 1225 1520 vatum

183 1543 320 1615 principis.
333 1545 502 1596 Verissimum
511 1559 554 1596 est
566 1543 612 1596 ille
623 1562 669 1615 eqo
681 1562 730 1615 pro
740 1557 806 1596 certe
815 1565 878 1619 cyo5
891 1560 917 1598 et
927 1549 985 1618 pari
995 1549 1050 1599 lere
1060 1547 1140 1600 modo
1150 1568 1225 1601 com-

184 1636 320 1675 mutantur
330 1641 409 1676 voces
421 1634 486 1674 certe
498 1638 523 1675 et
537 1625 589 1694 ipse
601 1622 672 1693 opud
689 1623 764 1675 Ovid.
777 1625 847 1675 Fast.
859 1626 898 1689 ll,
913 1625 941 1691 5,
955 1624 1000 1676 ubi
1016 1645 1064 1697 pro
1080 1627 1161 1698 :lpse
1175 1646 1224 1700 ego

184 1719 230 1754 vos
242 1700 325 1753 habui
336 1703 426 1754 faciles
437 1701 465 1752 in
477 1721 566 1754 amore
577 1704 728 1769 ministros,
738 1725 749 1749 ι
764 1701 818 1753 duo
831 1702 937 1755 codices
949 1703 1049 1756 habent
1061 1707 1132 1758 Certe
1142 1725 1197 1779 eqo.

223 1867 262 1903 ta.
276 1853 338 1922 Quis
346 1851 471 1922 Apolline
482 1869 562 1903 merso
573 1851 676 1926 Fripido
687 1851 817 1904 damnate
827 1853 950 1924 produxit
960 1853 1050 1904 nubila
1061 1853 1157 1905 menti?
1166 1855 1223 1907 Nic.

183 1931 305 1983 lleinsius
316 1931 350 1984 ad
361 1932 405 1984 Sil.
415 1931 552 1996 italicum,
564 1931 602 1996 X,
615 1931 680 1996 411,
695 1948 745 2000 pro
757 1949 838 1983 otono
849 1931 912 2002 legit
925 1950 1007 1996 uerso,
1017 1931 1044 1983 id
1056 1947 1108 1998 est,
1120 1953 1224 1995 numo,-

183 2009 295 2079 optime:
307 2011 416 2077 Noster,
425 2008 509 2060 Theb.
522 2011 561 2074 X,
572 2025 621 2078 7o,
636 2031 646 2056 ι
657 2009 728 2078 Quid
743 2010 841 2060 faciat?
853 2012 902 2061 scit
913 2011 965 2062 lata
979 2015 1032 2063 suis
1044 2015 1174 2064 contraria
1185 2015 1224 2066 ls-

182 2089 229 2154 tis,
240 2092 421 2161 Aversumque
433 2092 525 2142 lovem
535 2109 564 2150 s·
578 2087 703 2155 Ovidius,
715 2093 804 2141 Amor.
817 2089 865 2156 111,
878 2106 925 2155 ta,
941 2105 986 2161 17:

366 2197 458 2243 Aversis
466 2199 553 2243 utinam
564 2196 686 2258 tetigissem
697 2197 797 2242 carmina
807 2195 895 2250 Musis,
956 2189 959 2202 '

397 2265 498 2315 thbus
507 2277 530 2312 et
538 2267 665 2329 inemptum
674 2265 814 2314 destituisset
824 2281 883 2330 opus
890 2283 901 2322 ς’

183 2363 228 2434 qui
245 2362 319 2416 locus
331 2363 417 2414 firmat
429 2359 641 2413 emendationem
657 2379 742 2412 meam
759 2379 855 2432 supra,
870 2359 962 2412 Glaoo.
975 2360 1078 2412 Melior.
1092 2379 1159 2414 vers.
1174 2367 1223 2430 26,

183 2444 337 2496 ulniaustus
351 2457 439 2509 tates,
452 2461 528 2494 verso
544 2459 601 2494 mea
615 2455 725 2513 pectora
740 2442 839 2493 Phoebo
854 2442 953 2512 Plango
965 2439 1056 2514 lyra3s
1071 2442 1149 2512 vulgo
1161 2443 1224 2514 legi-

180 2531 236 2586 tur,
253 2539 338 2574 «vexo
351 2541 407 2573 mea
419 2533 528 2590 pectora
540 2531 623 2571 tecum
633 2543 663 2582 μ
685 2535 734 2590 pro
752 2539 805 2591 quo
822 2525 906 2573 Parm.
923 2534 949 2572 et
965 2521 1040 2571 ttom.
1058 2539 1126 2574 uerso
1140 2544 1148 2572 :
1163 2525 1223 2576 vide

180 2617 236 2670 qua
250 2599 287 2649 ihi
302 2602 397 2650 notavi.
413 2600 533 2650 Diversus
547 2598 645 2669 Apollo
660 2598 754 2650 eodem
773 2619 853 2651 sensu
872 2600 945 2671 apud
959 2599 1130 2672 Calpurnium
1149 2603 1223 2654 Sicu-

180 2677 250 2742 lum,
264 2679 355 2748 Eclog.
367 2680 418 2742 lV,
432 2695 465 2746 9,
481 2701 493 2724 ι
505 2677 589 2729 Dulce
604 2677 710 2748 quidem
726 2697 850 2747 resonas,
868 2699 917 2732 nec
939 2694 964 2733 te
985 2681 1102 2733 diversus
1123 2681 1221 2752 Apollo

179 2761 310 2830 Respicit,
325 2777 341 2809 o
350 2759 487 2828 juvenis.»
503 2757 620 2823 Deinde,
635 2778 683 2829 pro
695 2759 834 2831 produxit,
849 2761 920 2812 idem
934 2761 1033 2814 ibidem
1046 2762 1108 2833 legit
1120 2765 1222 2834 predu-

178 2842 217 2892 xt‘t
224 2862 234 2902 ,·
246 2853 272 2892 et
282 2839 334 2892 hoc
346 2839 435 2892 itidem
448 2851 536 2891 recte:
550 2839 703 2910 metaphora
716 2855 801 2892 sumto
813 2857 851 2894 est
864 2861 879 2893 a
891 2861 918 2894 re
930 2842 1034 2895 militari
1046 2863 1092 2898 seu
1104 2844 1221 2896 ohsidio-

178 2921 249 2988 nsli,
258 2925 286 2974 in
299 2939 351 2992 qua
362 2923 431 2973 muri
443 2934 469 2973 et
481 2923 572 2988 fosete,
584 2934 609 2972 et
621 2921 693 2972 linea
703 2923 817 2994 proeduci
826 2923 963 2986 dicuntum
974 2925 1109 2992 Lucanus,
1119 2928 1162 2990 IV,
1173 2925 1221 2992 45,

180 3001 388 3073 sMunitumque
401 3001 469 3054 latus
484 3001 546 3052 lavo
562 2999 711 3071 praeducere
726 3020 828 3072 pyron
845 3017 871 3055 et
882 3021 919 3054 vs.
934 3003 1000 3068 264,
1018 3005 1112 3056 «Tunc
1126 3007 1220 3076 inopes

178 3079 255 3134 undte
268 3080 402 3153 praeducta
417 3083 521 3151 cingere
536 3082 607 3134 fossa
621 3082 707 3134 Cesar
722 3094 780 3132 aret
790 3103 818 3144 μ
839 3084 874 3133 ita
889 3081 1046 3152 legendum
1061 3084 1139 3153 vulgo
1152 3103 1221 3156 pne-

178 3171 255 3233 nspta
263 3161 344 3232 fossa.
357 3160 449 3214 Senec.
462 3160 497 3213 de
510 3162 565 3226 lta,
579 3163 602 3210 ll
610 3197 618 3226 ,
631 3162 666 3228 8,
679 3160 861 3232 :praeductam
873 3161 987 3214 obsessis
997 3163 1150 3232 parentibus
1161 3165 1219 3216 ios·

177 3257 273 3304 samu
288 3253 316 3294 et
329 3242 367 3293 ita
381 3243 487 3312 passim.
783 3249 785 3256 “

213 3391 257 3444 23.
272 3392 356 3446 Arati.
369 3394 479 3458 Aratus,
491 3389 657 3444 Athenodori
668 3389 736 3444 filios
748 3404 775 3442 et
786 3388 978 3461 Dolitophiles,
991 3411 1021 3444 ex
1033 3391 1128 3445 Sicilia.
1142 3393 1220 3447 Solus

178 3471 270 3524 urbem
282 3471 375 3524 hahuit
386 3474 516 3544 patriam,
531 3471 644 3524 natalem
662 3473 740 3522 etiam
758 3470 905 3543 Chrysippo
922 3472 1009 3524 Stoico
1028 3485 1054 3524 et
1073 3472 1219 3526 Philemoni

176 3563 262 3620 poetae
271 3554 382 3604 comico.
396 3555 535 3604 Rationem
548 3565 679 3604 astrorum
690 3553 793 3622 scripsit
804 3554 918 3604 carmine
931 3550 1002 3624 quod
1014 3565 1103 3612 exstat.
1119 3556 1216 3605 Doutr.

213 3691 254 3745 25.
275 3692 392 3745 Concilio
412 3693 516 3746 heroum
529 3697 623 3765 juxta,
642 3705 691 3743 etc.
712 3693 831 3745 Imitatur
845 3694 947 3747 huson.
962 3693 1090 3746 Parental.
1105 3695 1155 3758 lV,
1170 3710 1217 3760 29,

179 3773 235 3824 tEt
256 3772 335 3824 modo
357 3775 475 3827 conciliis
500 3776 647 3825 animorum
669 3775 747 3824 mixte
767 3776 871 3844 piarunt
886 3797 921 3828 s·
942 3776 978 3826 ita
995 3774 1150 3846 legendum,
1167 3793 1217 3844 pro

174 3852 292 3924 pionem,
307 3869 343 3906 sc.
363 3853 514 3917 hominum
533 3851 606 3924 quod
620 3851 720 3903 Gravia
737 3851 846 3926 placuit.

213 4021 254 4073 ²9·
269 4005 339 4058 Nam
352 4016 442 4058 meter
452 4004 564 4078 relapsas
572 4003 649 4070 coelo,
663 4015 751 4078 terque
760 4025 804 4058 ora
815 4016 926 4058 retexens
938 4006 1012 4058 Luna
1025 4004 1092 4056 uidet
1102 4001 1215 4056 residem.
