2858 4492
349 295 1047 492 sruvuuuu

447 673 634 760 LIBER
665 675 948 764 TERTIUS.

403 1205 624 1272 STATIUS
656 1208 854 1275 POLLIO
886 1209 985 1276 SUO

653 1392 727 1438 ΕΔΒ.

606 1648 766 1668 ’.θ’

169 1903 253 2004 Tm
274 1953 385 2019 certe,
406 1936 489 2005 Polli
507 1936 718 2020 dulcissime,
740 1954 774 2006 et
794 1939 875 2020 bac,
899 1940 954 2006 cui
976 1955 1046 2008 tam
1066 1939 1209 2010 fideliter

166 2047 328 2130 inbaeres,
351 2051 463 2144 quiete
480 2049 691 2142 dignissime,
710 2073 781 2118 non
799 2049 907 2118 habeo
925 2049 1134 2144 probandam
1150 2052 1208 2120 diu

165 2158 356 2227 libellorum
372 2161 513 2231 istorum
529 2162 769 2244 temeritatem,
791 2183 899 2254 quum
917 2162 1002 2230 scias
1023 2161 1148 2230 multos
1166 2185 1209 2230 ex

165 2267 230 2337 illis
241 2274 276 2337 in
289 2273 367 2338 sinu
378 2286 437 2338 tuo
449 2269 559 2338 subito
570 2288 682 2352 natos,
694 2286 728 2338 et
738 2271 827 2339 banc
836 2271 1010 2340 audaciam
1023 2271 1090 2339 stili
1101 2275 1209 2340 nostri

163 2379 358 2476 frequenter
371 2405 553 2482 expaueas,
566 2385 696 2477 quoties
708 2386 744 2450 in
754 2381 845 2450 illius
857 2381 1023 2450 faeundiae
1034 2398 1102 2451 tuae
1112 2407 1210 2478 pene·
1244 2403 1261 2456 5

163 2491 247 2559 trale
259 2490 433 2578 seductus,
451 2492 552 2562 altius
566 2492 678 2564 literas
692 2497 796 2578 intro,
817 2497 901 2562 etin
916 2517 1034 2563 omues
1050 2520 1071 2562 a
1085 2512 1119 2564 te
1136 2513 1206 2564 stu-
1230 2545 1237 2558 .

163 2599 298 2668 diorum
309 2605 404 2672 sinus
417 2602 534 2672 ducor.
555 2607 697 2673 Securus
713 2607 826 2701 itaque
837 2606 956 2671 tertius
972 2601 1027 2671 hic
1042 2603 1206 2673 Silvarum
1282 2599 1285 2604 ’

163 2727 357 2778 nostrarum
373 2712 458 2781 liber
470 2711 513 2782 ad
532 2729 565 2782 te
581 2716 735 2786 mittitur.
760 2712 931 2780 Habuerat
948 2711 1084 2806 quidem
1103 2729 1137 2781 et
1154 2737 1206 2781 se·

163 2819 298 2889 cundus
316 2839 452 2910 testem,
475 2824 534 2893 sed
553 2825 608 2894 hic
625 2825 726 2894 babet
745 2841 927 2893 auctorem.
954 2827 1039 2890 Nam
1057 2829 1205 2916 primum

161 2931 267 3003 limen
284 2931 356 3028 ejus
375 2936 536 3006 Hercules
556 2941 771 3008 Surrentinus
789 2938 914 3030 aperit,
936 2957 1038 3028 quem
1054 2938 1091 3002 in
1108 2933 1205 3003 litore
1227 2978 1257 3014 ,ο

505 3167 622 3213 vuum
645 3163 863 3212 unctiones.

199 3301 220 3334 ¹·
239 3285 370 3338 matter.
382 3287 451 3340 cod.
465 3292 523 3341 Par.
535 3291 564 3341 in
578 3308 659 3360 marg.
707 3286 758 3348 lia;
769 3283 842 3359 quod
850 3287 936 3336 verius
942 3296 1018 3355 puto.
1027 3281 1061 3334 Et
1070 3280 1131 3334 binc
1141 3302 1206 3354 quo·

155 3359 285 3430 foeiioiter.
305 3365 337 3416 A.
706 3386 758 3438 que
773 3365 912 3438 probabile
926 3376 967 3417 est
977 3364 1120 3417 Domitium
1134 3383 1205 3416 nun-

195 3440 220 3492 3.
238 3441 406 3496 libellorum.
421 3443 490 3497 Edit.
508 3445 591 3516 princ.
607 3447 660 3499 bel·
706 3465 784 3518 quam
795 3445 891 3498 vidisse
904 3444 1038 3516 exemplar
1049 3447 1203 3497 Parmense:

160 3517 252 3572 hrum.
273 3523 305 3574 A.
704 3525 797 3579 melius
816 3527 886 3579 enim
907 3523 940 3576 de
959 3542 990 3576 eo
1009 3526 1106 3596 opinor
1125 3543 1203 3596 quam

194 3599 218 3652 5.
236 3603 342 3671 Quoties
351 3601 379 3652 in
390 3601 598 3674 illiusfacundioe
607 3615 659 3658 tuoe
703 3621 733 3658 ut
744 3619 836 3677 putem
849 3604 923 3657 illum
937 3617 1105 3675 recepturum
1122 3603 1204 3655 fuisso

155 3681 289 3752 pennula
301 3679 426 3734 adiutus.
439 3682 526 3736 Fditio
539 3685 659 3738 Romana
701 3685 820 3755 ineptum
828 3682 898 3735 istud
902 3683 1056 3755 penetrasti,
1065 3684 1086 3735 si
1092 3699 1204 3755 usquam

156 3755 212 3830 pro'
220 3759 357 3830 mentale
373 3759 455 3814 babet
470 3766 626 3834 penetrasti:
642 3783 657 3816 a
702 3765 842 3816 invenisset
852 3761 1005 3832 penetralia.
1017 3792 1052 3802 —
1063 3761 1129 3814 Cod.
1143 3763 1201 3813 Par.

156 3855 211 3909 qua
223 3838 338 3892 lectione
348 3842 443 3892 merito
455 3839 577 3895 dissentit
587 3841 658 3894 Poli-
703 3841 731 3892 iu
740 3854 813 3894 textu
822 3840 917 3908 babet,
927 3841 1083 3914 penetmsti;
1094 3839 1128 3892 ad
1137 3857 1203 3892 mar·

154 3931 267 4048 :25:⁸3²
271 3923 348 3992 epist.
361 3922 413 4010 ῩῙ,
430 3921 569 4052 'iffi‘
576 3939 658 4051 pectunt-
702 3939 788 4052 {mim
797 3921 957 4052 ,Apenettula
973 3920 1020 3972 Ed.
1031 3921 1115 3993 princ.
1124 3936 1202 3989 pene*
1268 3961 1279 3970 .

222 4015 475 4050 ‚armeusrsexr
539 4017 590 4068 peu
648 4029 658 4039 ·
715 4017 833 4050 rasae‚.
