<?xml version="1.0" encoding="UTF-8"?>
<!DOCTYPE html PUBLIC "-//W3C//DTD XHTML 1.0 Transitional//EN"
    "http://www.w3.org/TR/xhtml1/DTD/xhtml1-transitional.dtd">
<html xmlns="http://www.w3.org/1999/xhtml" xml:lang="en" lang="en">
 <head>
  <title>
</title>
<meta http-equiv="Content-Type" content="text/html;charset=utf-8" />
  <meta name='ocr-system' content='tesseract 3.04.00' />
  <meta name='ocr-capabilities' content='ocr_page ocr_carea ocr_par ocr_line ocrx_word'/>
</head>
<body>
  <div class='ocr_page' id='page_1' title='image "./quexstantomniao03lemagoog_0296.png"; bbox 0 0 2858 4492; ppageno 0'>
   <div class='ocr_carea' id='block_1_1' title="bbox 195 307 1039 377">
    <p class='ocr_par' dir='ltr' id='par_1_1' title="bbox 195 307 1039 377">
     <span class='ocr_line' id='line_1_1' title="bbox 195 307 1039 377; baseline -0.004 0"><span class='ocrx_word' id='word_1_1' title='bbox 195 313 258 377; x_wconf 78' lang='lat' dir='ltr'>aiio</span> <span class='ocrx_word' id='word_1_2' title='bbox 387 307 521 373; x_wconf 84' lang='lat' dir='ltr'>NOTAE</span> <span class='ocrx_word' id='word_1_3' title='bbox 547 311 593 370; x_wconf 86' lang='lat' dir='ltr'>IN</span> <span class='ocrx_word' id='word_1_4' title='bbox 619 309 816 372; x_wconf 85' lang='lat' dir='ltr'><strong>CARMEN</strong></span> <span class='ocrx_word' id='word_1_5' title='bbox 840 307 1039 374; x_wconf 87' lang='lat' dir='ltr'>SEXTUM</span> 
     </span>
    </p>
   </div>
   <div class='ocr_carea' id='block_1_2' title="bbox 191 433 1238 670">
    <p class='ocr_par' dir='ltr' id='par_1_2' title="bbox 191 433 1238 670">
     <span class='ocr_line' id='line_1_2' title="bbox 192 433 1236 507; baseline 0.003 -19"><span class='ocrx_word' id='word_1_6' title='bbox 192 439 259 488; x_wconf 85' lang='lat' dir='ltr'>enirn</span> <span class='ocrx_word' id='word_1_7' title='bbox 277 436 384 490; x_wconf 82' lang='lat' dir='ltr'>rusticus</span> <span class='ocrx_word' id='word_1_8' title='bbox 399 435 487 487; x_wconf 83' lang='lat' dir='ltr'>Paris?</span> <span class='ocrx_word' id='word_1_9' title='bbox 501 453 594 486; x_wconf 79' lang='lat' dir='ltr'>rerum</span> <span class='ocrx_word' id='word_1_10' title='bbox 608 433 715 506; x_wconf 88' lang='lat' dir='ltr'>quidem</span> <span class='ocrx_word' id='word_1_11' title='bbox 733 448 772 486; x_wconf 86' lang='lat' dir='ltr'>est</span> <span class='ocrx_word' id='word_1_12' title='bbox 789 434 851 490; x_wconf 75' lang='lat' dir='ltr'>olim</span> <span class='ocrx_word' id='word_1_13' title='bbox 870 435 991 489; x_wconf 82' lang='lat' dir='ltr'>rusticum</span> <span class='ocrx_word' id='word_1_14' title='bbox 1006 436 1087 488; x_wconf 84' lang='lat' dir='ltr'>fuisse</span> <span class='ocrx_word' id='word_1_15' title='bbox 1100 438 1236 507; x_wconf 77' lang='lat' dir='ltr'><strong>Paridem,</strong></span> 
     </span>
     <span class='ocr_line' id='line_1_3' title="bbox 193 512 1235 590; baseline 0.001 -22"><span class='ocrx_word' id='word_1_16' title='bbox 193 517 302 590; x_wconf 91' lang='lat' dir='ltr'>quando</span> <span class='ocrx_word' id='word_1_17' title='bbox 315 515 416 568; x_wconf 85' lang='lat' dir='ltr'>scilicet</span> <span class='ocrx_word' id='word_1_18' title='bbox 426 525 557 588; x_wconf 77' lang='lat' dir='ltr'>pastorem</span> <span class='ocrx_word' id='word_1_19' title='bbox 569 527 671 586; x_wconf 81' lang='lat' dir='ltr'>ageret,</span> <span class='ocrx_word' id='word_1_20' title='bbox 685 526 711 568; x_wconf 86' lang='lat' dir='ltr'>et</span> <span class='ocrx_word' id='word_1_21' title='bbox 725 527 865 586; x_wconf 83' lang='lat' dir='ltr'>antequam</span> <span class='ocrx_word' id='word_1_22' title='bbox 880 517 944 588; x_wconf 73' lang='lat' dir='ltr'>repis</span> <span class='ocrx_word' id='word_1_23' title='bbox 950 512 1027 586; x_wconf 81' lang='lat' dir='ltr'>filius</span> <span class='ocrx_word' id='word_1_24' title='bbox 1037 532 1235 587; x_wconf 72' lang='lat' dir='ltr'>agnosceretur:</span> 
     </span>
     <span class='ocr_line' id='line_1_4' title="bbox 191 595 1238 670; baseline 0 -20"><span class='ocrx_word' id='word_1_25' title='bbox 191 598 238 651; x_wconf 89' lang='lat' dir='ltr'>sed</span> <span class='ocrx_word' id='word_1_26' title='bbox 249 617 305 649; x_wconf 88' lang='lat' dir='ltr'>nou</span> <span class='ocrx_word' id='word_1_27' title='bbox 317 596 436 662; x_wconf 73' lang='lat' dir='ltr'>misticus,</span> <span class='ocrx_word' id='word_1_28' title='bbox 449 595 556 666; x_wconf 88' lang='lat' dir='ltr'>quando</span> <span class='ocrx_word' id='word_1_29' title='bbox 567 595 658 667; x_wconf 75' lang='lat' dir='ltr'>dejecit</span> <span class='ocrx_word' id='word_1_30' title='bbox 668 597 696 646; x_wconf 85' lang='lat' dir='ltr'>iu</span> <span class='ocrx_word' id='word_1_31' title='bbox 708 613 811 670; x_wconf 81' lang='lat' dir='ltr'>oequora</span> <span class='ocrx_word' id='word_1_32' title='bbox 820 597 914 666; x_wconf 82' lang='lat' dir='ltr'>pinus:</span> <span class='ocrx_word' id='word_1_33' title='bbox 927 597 1027 668; x_wconf 90' lang='lat' dir='ltr'>quippe</span> <span class='ocrx_word' id='word_1_34' title='bbox 1037 599 1066 649; x_wconf 92' lang='lat' dir='ltr'>in</span> <span class='ocrx_word' id='word_1_35' title='bbox 1077 598 1164 651; x_wconf 86' lang='lat' dir='ltr'>aulam</span> <span class='ocrx_word' id='word_1_36' title='bbox 1174 601 1238 652; x_wconf 90' lang='lat' dir='ltr'>Tro·</span> 
     </span>
    </p>
   </div>
   <div class='ocr_carea' id='block_1_3' title="bbox 188 673 1237 825">
    <p class='ocr_par' dir='ltr' id='par_1_3' title="bbox 188 673 1237 825">
     <span class='ocr_line' id='line_1_5' title="bbox 188 673 1237 751; baseline -0.002 -20"><span class='ocrx_word' id='word_1_37' title='bbox 188 683 279 750; x_wconf 86' lang='lat' dir='ltr'>janam</span> <span class='ocrx_word' id='word_1_38' title='bbox 293 691 415 751; x_wconf 88' lang='lat' dir='ltr'>receptus</span> <span class='ocrx_word' id='word_1_39' title='bbox 427 677 526 741; x_wconf 86' lang='lat' dir='ltr'>fuerat,</span> <span class='ocrx_word' id='word_1_40' title='bbox 539 690 565 728; x_wconf 89' lang='lat' dir='ltr'>et</span> <span class='ocrx_word' id='word_1_41' title='bbox 579 676 745 728; x_wconf 76' lang='lat' dir='ltr'>rusticitatem</span> <span class='ocrx_word' id='word_1_42' title='bbox 759 673 854 747; x_wconf 90' lang='lat' dir='ltr'>procul</span> <span class='ocrx_word' id='word_1_43' title='bbox 866 674 950 727; x_wconf 90' lang='lat' dir='ltr'>dubio</span> <span class='ocrx_word' id='word_1_44' title='bbox 961 692 1077 730; x_wconf 84' lang='lat' dir='ltr'>exuerat.</span> <span class='ocrx_word' id='word_1_45' title='bbox 1092 679 1161 731; x_wconf 83' lang='lat' dir='ltr'>Audi</span> <span class='ocrx_word' id='word_1_46' title='bbox 1174 681 1237 730; x_wconf 79' lang='lat' dir='ltr'>Osi-</span> 
     </span>
     <span class='ocr_line' id='line_1_6' title="bbox 193 753 860 825; baseline -0.001 -16"><span class='ocrx_word' id='word_1_47' title='bbox 193 759 263 810; x_wconf 86' lang='lat' dir='ltr'>dium</span> <span class='ocrx_word' id='word_1_48' title='bbox 271 797 280 824; x_wconf 91' lang='lat'>,</span> <span class='ocrx_word' id='word_1_49' title='bbox 293 758 350 808; x_wconf 83' lang='lat' dir='ltr'>Art.</span> <span class='ocrx_word' id='word_1_50' title='bbox 363 757 422 807; x_wconf 81' lang='lat' dir='ltr'>Am.</span> <span class='ocrx_word' id='word_1_51' title='bbox 434 757 470 822; x_wconf 91' lang='lat' dir='ltr'>II,</span> <span class='ocrx_word' id='word_1_52' title='bbox 483 755 549 825; x_wconf 84' lang='lat'>369,</span> <span class='ocrx_word' id='word_1_53' title='bbox 562 753 594 806; x_wconf 90' lang='lat' dir='ltr'>de</span> <span class='ocrx_word' id='word_1_54' title='bbox 606 753 698 807; x_wconf 87' lang='lat' dir='ltr'>Paride</span> <span class='ocrx_word' id='word_1_55' title='bbox 711 768 737 807; x_wconf 87' lang='lat' dir='ltr'>et</span> <span class='ocrx_word' id='word_1_56' title='bbox 748 754 860 808; x_wconf 84' lang='lat' dir='ltr'>Helena:</span> 
     </span>
    </p>
   </div>
   <div class='ocr_carea' id='block_1_4' title="bbox 376 862 1035 981">
    <p class='ocr_par' dir='ltr' id='par_1_4' title="bbox 376 862 1035 981">
     <span class='ocr_line' id='line_1_7' title="bbox 376 862 1035 926; baseline 0.003 -18"><span class='ocrx_word' id='word_1_57' title='bbox 376 862 438 923; x_wconf 85' lang='lat' dir='ltr'><strong>Quid</strong></span> <span class='ocrx_word' id='word_1_58' title='bbox 446 863 528 909; x_wconf 83' lang='lat' dir='ltr'>faciat?</span> <span class='ocrx_word' id='word_1_59' title='bbox 538 863 573 906; x_wconf 88' lang='lat' dir='ltr'>vir</span> <span class='ocrx_word' id='word_1_60' title='bbox 582 862 660 918; x_wconf 84' lang='lat' dir='ltr'>abest,</span> <span class='ocrx_word' id='word_1_61' title='bbox 670 874 693 908; x_wconf 89' lang='lat' dir='ltr'>et</span> <span class='ocrx_word' id='word_1_62' title='bbox 702 862 767 909; x_wconf 80' lang='lat' dir='ltr'>adest</span> <span class='ocrx_word' id='word_1_63' title='bbox 775 877 823 908; x_wconf 90' lang='lat' dir='ltr'>uon</span> <span class='ocrx_word' id='word_1_64' title='bbox 832 863 931 910; x_wconf 85' lang='lat' dir='ltr'>rusticus</span> <span class='ocrx_word' id='word_1_65' title='bbox 939 862 1035 926; x_wconf 84' lang='lat' dir='ltr'>bospea;</span> 
     </span>
     <span class='ocr_line' id='line_1_8' title="bbox 409 933 847 981; baseline 0 -1"><span class='ocrx_word' id='word_1_66' title='bbox 409 937 437 980; x_wconf 87' lang='lat' dir='ltr'>Et</span> <span class='ocrx_word' id='word_1_67' title='bbox 446 936 511 980; x_wconf 86' lang='lat' dir='ltr'>timet</span> <span class='ocrx_word' id='word_1_68' title='bbox 520 936 545 980; x_wconf 78' lang='lat' dir='ltr'>In</span> <span class='ocrx_word' id='word_1_69' title='bbox 553 950 627 981; x_wconf 82' lang='lat' dir='ltr'>vacuo</span> <span class='ocrx_word' id='word_1_70' title='bbox 636 933 683 980; x_wconf 82' lang='lat' dir='ltr'>sola</span> <span class='ocrx_word' id='word_1_71' title='bbox 693 935 779 980; x_wconf 87' lang='lat' dir='ltr'>cubare</span> <span class='ocrx_word' id='word_1_72' title='bbox 787 947 847 981; x_wconf 91' lang='lat' dir='ltr'>toro.</span> 
     </span>
    </p>
   </div>
   <div class='ocr_carea' id='block_1_5' title="bbox 191 1033 1239 1740">
    <p class='ocr_par' dir='ltr' id='par_1_5' title="bbox 191 1033 1239 1740">
     <span class='ocr_line' id='line_1_9' title="bbox 192 1033 1237 1106; baseline 0 -20"><span class='ocrx_word' id='word_1_73' title='bbox 192 1036 319 1106; x_wconf 74' lang='lat' dir='ltr'>Agnoscis</span> <span class='ocrx_word' id='word_1_74' title='bbox 337 1033 456 1086; x_wconf 85' lang='lat' dir='ltr'>Paridem</span> <span class='ocrx_word' id='word_1_75' title='bbox 475 1051 529 1085; x_wconf 80' lang='lat' dir='ltr'>nota</span> <span class='ocrx_word' id='word_1_76' title='bbox 544 1033 673 1086; x_wconf 75' lang='lat' dir='ltr'>misticum.</span> <span class='ocrx_word' id='word_1_77' title='bbox 693 1034 834 1098; x_wconf 73' lang='lat' dir='ltr'>praterea,</span> <span class='ocrx_word' id='word_1_78' title='bbox 853 1035 895 1085; x_wconf 85' lang='lat' dir='ltr'>vix</span> <span class='ocrx_word' id='word_1_79' title='bbox 908 1049 948 1086; x_wconf 87' lang='lat' dir='ltr'>est</span> <span class='ocrx_word' id='word_1_80' title='bbox 961 1049 990 1086; x_wconf 94' lang='lat' dir='ltr'>ut</span> <span class='ocrx_word' id='word_1_81' title='bbox 1004 1035 1126 1086; x_wconf 65' lang='lat' dir='ltr'>naucum</span> <span class='ocrx_word' id='word_1_82' title='bbox 1140 1033 1237 1087; x_wconf 86' lang='lat' dir='ltr'>diceret</span> 
     </span>
     <span class='ocr_line' id='line_1_10' title="bbox 192 1111 1238 1186; baseline 0.001 -21"><span class='ocrx_word' id='word_1_83' title='bbox 192 1114 299 1186; x_wconf 90' lang='lat' dir='ltr'>quando</span> <span class='ocrx_word' id='word_1_84' title='bbox 314 1125 424 1185; x_wconf 90' lang='lat' dir='ltr'>propter</span> <span class='ocrx_word' id='word_1_85' title='bbox 429 1113 552 1184; x_wconf 79' lang='lat' dir='ltr'>fonnem</span> <span class='ocrx_word' id='word_1_86' title='bbox 568 1111 675 1165; x_wconf 87' lang='lat' dir='ltr'>laudare</span> <span class='ocrx_word' id='word_1_87' title='bbox 692 1114 866 1166; x_wconf 75' lang='lat' dir='ltr'>instituisset:</span> <span class='ocrx_word' id='word_1_88' title='bbox 885 1132 955 1167; x_wconf 71' lang='lat' dir='ltr'>nnec</span> <span class='ocrx_word' id='word_1_89' title='bbox 970 1127 1025 1165; x_wconf 87' lang='lat' dir='ltr'>tam</span> <span class='ocrx_word' id='word_1_90' title='bbox 1042 1115 1173 1167; x_wconf 83' lang='lat' dir='ltr'>formosos</span> <span class='ocrx_word' id='word_1_91' title='bbox 1187 1116 1238 1166; x_wconf 85' lang='lat' dir='ltr'>fuit</span> 
     </span>
     <span class='ocr_line' id='line_1_11' title="bbox 192 1191 1237 1266; baseline 0.001 -21"><span class='ocrx_word' id='word_1_92' title='bbox 192 1196 261 1246; x_wconf 82' lang='lat' dir='ltr'>Paris</span> <span class='ocrx_word' id='word_1_93' title='bbox 274 1195 423 1255; x_wconf 62' lang='lat' dir='ltr'>rusticum»</span> <span class='ocrx_word' id='word_1_94' title='bbox 441 1192 498 1244; x_wconf 78' lang='lat' dir='ltr'>hcc</span> <span class='ocrx_word' id='word_1_95' title='bbox 514 1194 583 1244; x_wconf 82' lang='lat' dir='ltr'>enim</span> <span class='ocrx_word' id='word_1_96' title='bbox 595 1191 761 1262; x_wconf 88' lang='lat' dir='ltr'>aliquatenus</span> <span class='ocrx_word' id='word_1_97' title='bbox 773 1211 802 1245; x_wconf 88' lang='lat' dir='ltr'>se</span> <span class='ocrx_word' id='word_1_98' title='bbox 816 1206 909 1246; x_wconf 88' lang='lat' dir='ltr'>mutuo</span> <span class='ocrx_word' id='word_1_99' title='bbox 922 1192 1027 1245; x_wconf 87' lang='lat' dir='ltr'>tollunt.</span> <span class='ocrx_word' id='word_1_100' title='bbox 1039 1193 1118 1259; x_wconf 86' lang='lat' dir='ltr'>Satis,</span> <span class='ocrx_word' id='word_1_101' title='bbox 1131 1197 1237 1266; x_wconf 82' lang='lat' dir='ltr'>opinor,</span> 
     </span>
     <span class='ocr_line' id='line_1_12' title="bbox 192 1270 1239 1345; baseline 0.001 -21"><span class='ocrx_word' id='word_1_102' title='bbox 192 1285 265 1342; x_wconf 86' lang='lat' dir='ltr'>patet</span> <span class='ocrx_word' id='word_1_103' title='bbox 279 1270 449 1342; x_wconf 74' lang='lat' dir='ltr'>depravati03</span> <span class='ocrx_word' id='word_1_104' title='bbox 469 1289 524 1323; x_wconf 89' lang='lat' dir='ltr'>nou</span> <span class='ocrx_word' id='word_1_105' title='bbox 539 1271 606 1324; x_wconf 84' lang='lat' dir='ltr'>adeo</span> <span class='ocrx_word' id='word_1_106' title='bbox 619 1271 705 1324; x_wconf 86' lang='lat' dir='ltr'>facilis</span> <span class='ocrx_word' id='word_1_107' title='bbox 718 1272 858 1325; x_wconf 87' lang='lat' dir='ltr'>medicina.</span> <span class='ocrx_word' id='word_1_108' title='bbox 876 1275 909 1326; x_wconf 87' lang='lat' dir='ltr'>Et</span> <span class='ocrx_word' id='word_1_109' title='bbox 922 1273 1017 1327; x_wconf 82' lang='lat' dir='ltr'>dixisse</span> <span class='ocrx_word' id='word_1_110' title='bbox 1031 1273 1135 1345; x_wconf 89' lang='lat' dir='ltr'>quidem</span> <span class='ocrx_word' id='word_1_111' title='bbox 1150 1278 1239 1345; x_wconf 91' lang='lat' dir='ltr'>potuit</span> 
     </span>
     <span class='ocr_line' id='line_1_13' title="bbox 191 1352 1237 1424; baseline 0.003 -22"><span class='ocrx_word' id='word_1_112' title='bbox 191 1352 316 1404; x_wconf 84' lang='lat' dir='ltr'>matribus</span> <span class='ocrx_word' id='word_1_113' title='bbox 326 1353 419 1404; x_wconf 83' lang='lat' dir='ltr'>inuisas</span> <span class='ocrx_word' id='word_1_114' title='bbox 429 1353 524 1422; x_wconf 84' lang='lat' dir='ltr'>pinus:</span> <span class='ocrx_word' id='word_1_115' title='bbox 537 1366 567 1404; x_wconf 91' lang='lat' dir='ltr'>ut</span> <span class='ocrx_word' id='word_1_116' title='bbox 581 1352 654 1424; x_wconf 91' lang='lat' dir='ltr'>apud</span> <span class='ocrx_word' id='word_1_117' title='bbox 666 1353 818 1420; x_wconf 83' lang='lat' dir='ltr'>Horatium,</span> <span class='ocrx_word' id='word_1_118' title='bbox 832 1353 902 1405; x_wconf 86' lang='lat' dir='ltr'>belia</span> <span class='ocrx_word' id='word_1_119' title='bbox 913 1355 1036 1407; x_wconf 81' lang='lat' dir='ltr'>matribus</span> <span class='ocrx_word' id='word_1_120' title='bbox 1048 1353 1181 1406; x_wconf 83' lang='lat' dir='ltr'>detestata:</span> <span class='ocrx_word' id='word_1_121' title='bbox 1197 1367 1237 1418; x_wconf 84' lang='lat' dir='ltr'>et,</span> 
     </span>
     <span class='ocr_line' id='line_1_14' title="bbox 192 1430 1236 1508; baseline 0.004 -24"><span class='ocrx_word' id='word_1_122' title='bbox 192 1430 324 1484; x_wconf 77' lang='lat' dir='ltr'>Hannibal</span> <span class='ocrx_word' id='word_1_123' title='bbox 332 1432 482 1504; x_wconf 83' lang='lat' dir='ltr'>parentibus</span> <span class='ocrx_word' id='word_1_124' title='bbox 492 1433 670 1485; x_wconf 71' lang='lat' dir='ltr'>abominabis.-</span> <span class='ocrx_word' id='word_1_125' title='bbox 686 1436 759 1486; x_wconf 91' lang='lat' dir='ltr'>etita</span> <span class='ocrx_word' id='word_1_126' title='bbox 773 1435 845 1508; x_wconf 87' lang='lat' dir='ltr'>apud</span> <span class='ocrx_word' id='word_1_127' title='bbox 857 1435 901 1488; x_wconf 89' lang='lat' dir='ltr'>Sil.</span> <span class='ocrx_word' id='word_1_128' title='bbox 914 1436 971 1488; x_wconf 86' lang='lat' dir='ltr'>Ital.</span> <span class='ocrx_word' id='word_1_129' title='bbox 984 1437 1032 1502; x_wconf 96' lang='lat' dir='ltr'>III,</span> <span class='ocrx_word' id='word_1_130' title='bbox 1045 1450 1091 1504; x_wconf 85' lang='lat'>70,</span> <span class='ocrx_word' id='word_1_131' title='bbox 1106 1433 1153 1485; x_wconf 90' lang='lat' dir='ltr'>nbi</span> <span class='ocrx_word' id='word_1_132' title='bbox 1166 1433 1236 1488; x_wconf 86' lang='lat' dir='ltr'>idem</span> 
     </span>
     <span class='ocr_line' id='line_1_15' title="bbox 193 1511 735 1586; baseline 0.007 -24"><span class='ocrx_word' id='word_1_133' title='bbox 193 1511 322 1566; x_wconf 81' lang='lat' dir='ltr'>HaunIbal</span> <span class='ocrx_word' id='word_1_134' title='bbox 337 1526 427 1567; x_wconf 86' lang='lat' dir='ltr'>natum</span> <span class='ocrx_word' id='word_1_135' title='bbox 442 1513 569 1566; x_wconf 86' lang='lat' dir='ltr'>infantem</span> <span class='ocrx_word' id='word_1_136' title='bbox 584 1512 735 1586; x_wconf 81' lang='lat' dir='ltr'>alloquitur,</span> 
     </span>
     <span class='ocr_line' id='line_1_16' title="bbox 539 1606 959 1670; baseline 0 -16"><span class='ocrx_word' id='word_1_137' title='bbox 539 1665 540 1670; x_wconf 15' lang='lat'>¹</span> <span class='ocrx_word' id='word_1_138' title='bbox 718 1606 893 1670; x_wconf 86' lang='lat' dir='ltr'>....ampli0r,</span> <span class='ocrx_word' id='word_1_139' title='bbox 904 1624 959 1662; x_wconf 90' lang='lat' dir='ltr'>oro,</span> 
     </span>
     <span class='ocr_line' id='line_1_17' title="bbox 378 1678 980 1740; baseline 0 -16"><span class='ocrx_word' id='word_1_140' title='bbox 378 1679 413 1724; x_wconf 82' lang='lat' dir='ltr'>Sia</span> <span class='ocrx_word' id='word_1_141' title='bbox 421 1679 498 1740; x_wconf 86' lang='lat' dir='ltr'>patrio</span> <span class='ocrx_word' id='word_1_142' title='bbox 507 1678 605 1734; x_wconf 86' lang='lat' dir='ltr'>decore,</span> <span class='ocrx_word' id='word_1_143' title='bbox 617 1691 640 1725; x_wconf 89' lang='lat' dir='ltr'>et</span> <span class='ocrx_word' id='word_1_144' title='bbox 650 1679 715 1726; x_wconf 85' lang='lat' dir='ltr'>factis</span> <span class='ocrx_word' id='word_1_145' title='bbox 725 1679 766 1724; x_wconf 87' lang='lat' dir='ltr'>tihi</span> <span class='ocrx_word' id='word_1_146' title='bbox 777 1679 870 1724; x_wconf 87' lang='lat' dir='ltr'>nomina</span> <span class='ocrx_word' id='word_1_147' title='bbox 880 1679 980 1736; x_wconf 82' lang='lat' dir='ltr'>condas,</span> 
     </span>
    </p>
   </div>
   <div class='ocr_carea' id='block_1_6' title="bbox 378 1747 1022 1868">
    <p class='ocr_par' dir='ltr' id='par_1_6' title="bbox 378 1747 1022 1868">
     <span class='ocr_line' id='line_1_18' title="bbox 378 1747 1022 1812; baseline -0.002 -17"><span class='ocrx_word' id='word_1_148' title='bbox 378 1750 450 1809; x_wconf 85' lang='lat' dir='ltr'>Queis</span> <span class='ocrx_word' id='word_1_149' title='bbox 458 1765 554 1812; x_wconf 85' lang='lat' dir='ltr'>superes</span> <span class='ocrx_word' id='word_1_150' title='bbox 562 1748 661 1797; x_wconf 75' lang='lat' dir='ltr'>bellator</span> <span class='ocrx_word' id='word_1_151' title='bbox 670 1765 737 1796; x_wconf 81' lang='lat' dir='ltr'>avum</span> <span class='ocrx_word' id='word_1_152' title='bbox 745 1783 751 1805; x_wconf 83' lang='lat'>,</span> <span class='ocrx_word' id='word_1_153' title='bbox 760 1751 855 1812; x_wconf 83' lang='lat' dir='ltr'>jamque</span> <span class='ocrx_word' id='word_1_154' title='bbox 865 1765 924 1811; x_wconf 67' lang='lat' dir='ltr'>aegra</span> <span class='ocrx_word' id='word_1_155' title='bbox 934 1747 1022 1796; x_wconf 83' lang='lat' dir='ltr'>timoris</span> 
     </span>
     <span class='ocr_line' id='line_1_19' title="bbox 379 1819 1001 1868; baseline 0 -4"><span class='ocrx_word' id='word_1_156' title='bbox 379 1822 450 1866; x_wconf 82' lang='lat' dir='ltr'>Iloma</span> <span class='ocrx_word' id='word_1_157' title='bbox 461 1833 513 1868; x_wconf 82' lang='lat' dir='ltr'>tuos</span> <span class='ocrx_word' id='word_1_158' title='bbox 524 1834 631 1868; x_wconf 84' lang='lat' dir='ltr'>numeret</span> <span class='ocrx_word' id='word_1_159' title='bbox 639 1819 792 1867; x_wconf 77' lang='lat' dir='ltr'>lacrimandos</span> <span class='ocrx_word' id='word_1_160' title='bbox 801 1819 912 1866; x_wconf 88' lang='lat' dir='ltr'>matribus</span> <span class='ocrx_word' id='word_1_161' title='bbox 921 1835 1001 1866; x_wconf 86' lang='lat' dir='ltr'>annos.</span> 
     </span>
    </p>
   </div>
   <div class='ocr_carea' id='block_1_7' title="bbox 185 1913 1243 2463">
    <p class='ocr_par' dir='ltr' id='par_1_7' title="bbox 185 1913 1243 2463">
     <span class='ocr_line' id='line_1_20' title="bbox 195 1913 1240 1989; baseline -0.001 -21"><span class='ocrx_word' id='word_1_162' title='bbox 195 1916 245 1968; x_wconf 85' lang='lat' dir='ltr'>Sed</span> <span class='ocrx_word' id='word_1_163' title='bbox 256 1915 307 1966; x_wconf 88' lang='lat' dir='ltr'>hoe</span> <span class='ocrx_word' id='word_1_164' title='bbox 320 1919 446 1968; x_wconf 90' lang='lat' dir='ltr'>nonsatis</span> <span class='ocrx_word' id='word_1_165' title='bbox 459 1917 567 1968; x_wconf 80' lang='lat' dir='ltr'>fuisset:</span> <span class='ocrx_word' id='word_1_166' title='bbox 581 1919 680 1989; x_wconf 85' lang='lat' dir='ltr'>quippe</span> <span class='ocrx_word' id='word_1_167' title='bbox 693 1916 844 1987; x_wconf 69' lang='lat' dir='ltr'>ambiguum</span> <span class='ocrx_word' id='word_1_168' title='bbox 856 1915 924 1968; x_wconf 90' lang='lat' dir='ltr'>foret</span> <span class='ocrx_word' id='word_1_169' title='bbox 937 1930 1025 1967; x_wconf 82' lang='lat' dir='ltr'>utrum</span> <span class='ocrx_word' id='word_1_170' title='bbox 1037 1913 1163 1967; x_wconf 86' lang='lat' dir='ltr'>matribus</span> <span class='ocrx_word' id='word_1_171' title='bbox 1178 1915 1240 1967; x_wconf 82' lang='lat' dir='ltr'>Tro·</span> 
     </span>
     <span class='ocr_line' id='line_1_21' title="bbox 185 1993 1240 2069; baseline 0 -24"><span class='ocrx_word' id='word_1_172' title='bbox 185 1997 299 2069; x_wconf 68' lang='lat' dir='ltr'>J&#39;nuisan</span> <span class='ocrx_word' id='word_1_173' title='bbox 310 1995 421 2046; x_wconf 66' lang='lat' dir='ltr'>homnis</span> <span class='ocrx_word' id='word_1_174' title='bbox 432 1993 479 2046; x_wconf 88' lang='lat' dir='ltr'>has</span> <span class='ocrx_word' id='word_1_175' title='bbox 489 2015 594 2068; x_wconf 82' lang='lat' dir='ltr'>puppes</span> <span class='ocrx_word' id='word_1_176' title='bbox 605 1999 699 2050; x_wconf 86' lang='lat' dir='ltr'>inuisas</span> <span class='ocrx_word' id='word_1_177' title='bbox 707 1995 970 2069; x_wconf 69' lang='lat' dir='ltr'>desipuerevoluerit,</span> <span class='ocrx_word' id='word_1_178' title='bbox 980 2014 1063 2066; x_wconf 89' lang='lat' dir='ltr'>quum</span> <span class='ocrx_word' id='word_1_179' title='bbox 1073 1995 1107 2046; x_wconf 86' lang='lat' dir='ltr'>ud</span> <span class='ocrx_word' id='word_1_180' title='bbox 1116 2010 1240 2068; x_wconf 86' lang='lat' dir='ltr'>utrasque</span> 
     </span>
     <span class='ocr_line' id='line_1_22' title="bbox 194 2072 1243 2146; baseline 0 -21"><span class='ocrx_word' id='word_1_181' title='bbox 194 2093 226 2125; x_wconf 85' lang='lat' dir='ltr'>cx</span> <span class='ocrx_word' id='word_1_182' title='bbox 239 2093 314 2146; x_wconf 83' lang='lat' dir='ltr'>:equo</span> <span class='ocrx_word' id='word_1_183' title='bbox 327 2075 495 2144; x_wconf 82' lang='lat' dir='ltr'>pertinerent.</span> <span class='ocrx_word' id='word_1_184' title='bbox 508 2075 567 2126; x_wconf 91' lang='lat' dir='ltr'>Sine</span> <span class='ocrx_word' id='word_1_185' title='bbox 580 2074 662 2126; x_wconf 90' lang='lat' dir='ltr'>dubio</span> <span class='ocrx_word' id='word_1_186' title='bbox 674 2075 798 2144; x_wconf 75' lang='lat' dir='ltr'>iutelligit</span> <span class='ocrx_word' id='word_1_187' title='bbox 803 2075 921 2146; x_wconf 80' lang='lat' dir='ltr'>feminas</span> <span class='ocrx_word' id='word_1_188' title='bbox 933 2075 1058 2145; x_wconf 69' lang='lat' dir='ltr'>Troianas</span> <span class='ocrx_word' id='word_1_189' title='bbox 1063 2112 1071 2139; x_wconf 91' lang='lat'>,</span> <span class='ocrx_word' id='word_1_190' title='bbox 1085 2072 1181 2146; x_wconf 89' lang='lat' dir='ltr'>quibus</span> <span class='ocrx_word' id='word_1_191' title='bbox 1191 2093 1243 2125; x_wconf 87' lang='lat' dir='ltr'>me-</span> 
     </span>
     <span class='ocr_line' id='line_1_23' title="bbox 194 2151 1241 2224; baseline 0 -20"><span class='ocrx_word' id='word_1_192' title='bbox 194 2156 245 2205; x_wconf 91' lang='lat' dir='ltr'>rito</span> <span class='ocrx_word' id='word_1_193' title='bbox 255 2154 343 2204; x_wconf 83' lang='lat' dir='ltr'>iuvisoe</span> <span class='ocrx_word' id='word_1_194' title='bbox 351 2151 470 2204; x_wconf 81' lang='lat' dir='ltr'>erauthae</span> <span class='ocrx_word' id='word_1_195' title='bbox 480 2171 597 2223; x_wconf 86' lang='lat' dir='ltr'>puppes,</span> <span class='ocrx_word' id='word_1_196' title='bbox 608 2165 701 2224; x_wconf 90' lang='lat' dir='ltr'>utpote</span> <span class='ocrx_word' id='word_1_197' title='bbox 712 2153 847 2206; x_wconf 90' lang='lat' dir='ltr'>mulierem</span> <span class='ocrx_word' id='word_1_198' title='bbox 857 2155 1022 2223; x_wconf 70' lang='lat' dir='ltr'>peregrinam</span> <span class='ocrx_word' id='word_1_199' title='bbox 1031 2154 1059 2204; x_wconf 86' lang='lat' dir='ltr'>In</span> <span class='ocrx_word' id='word_1_200' title='bbox 1068 2153 1241 2224; x_wconf 88' lang='lat' dir='ltr'>opprobrium</span> 
     </span>
     <span class='ocr_line' id='line_1_24' title="bbox 195 2230 1241 2305; baseline 0.002 -23"><span class='ocrx_word' id='word_1_201' title='bbox 195 2235 312 2304; x_wconf 88' lang='lat' dir='ltr'>ipsarum</span> <span class='ocrx_word' id='word_1_202' title='bbox 324 2233 479 2296; x_wconf 83' lang='lat' dir='ltr'>invecturae,</span> <span class='ocrx_word' id='word_1_203' title='bbox 492 2243 518 2282; x_wconf 91' lang='lat' dir='ltr'>et</span> <span class='ocrx_word' id='word_1_204' title='bbox 532 2232 693 2284; x_wconf 78' lang='lat' dir='ltr'>frustratura</span> <span class='ocrx_word' id='word_1_205' title='bbox 708 2251 782 2304; x_wconf 87' lang='lat' dir='ltr'>spem</span> <span class='ocrx_word' id='word_1_206' title='bbox 795 2251 873 2305; x_wconf 53' lang='lat' dir='ltr'>mam</span> <span class='ocrx_word' id='word_1_207' title='bbox 885 2235 947 2303; x_wconf 75' lang='lat' dir='ltr'>ipse</span> <span class='ocrx_word' id='word_1_208' title='bbox 958 2230 1058 2285; x_wconf 86' lang='lat' dir='ltr'>habere</span> <span class='ocrx_word' id='word_1_209' title='bbox 1069 2246 1194 2304; x_wconf 88' lang='lat' dir='ltr'>poteraut</span> <span class='ocrx_word' id='word_1_210' title='bbox 1208 2233 1241 2286; x_wconf 88' lang='lat' dir='ltr'>de</span> 
     </span>
     <span class='ocr_line' id='line_1_25' title="bbox 195 2311 1239 2385; baseline 0.001 -22"><span class='ocrx_word' id='word_1_211' title='bbox 195 2313 362 2364; x_wconf 86' lang='lat' dir='ltr'>matrimonio</span> <span class='ocrx_word' id='word_1_212' title='bbox 377 2311 489 2362; x_wconf 86' lang='lat' dir='ltr'>formosi</span> <span class='ocrx_word' id='word_1_213' title='bbox 503 2313 544 2363; x_wconf 87' lang='lat' dir='ltr'>sui</span> <span class='ocrx_word' id='word_1_214' title='bbox 557 2312 694 2385; x_wconf 88' lang='lat' dir='ltr'>popularis</span> <span class='ocrx_word' id='word_1_215' title='bbox 710 2312 823 2376; x_wconf 83' lang='lat' dir='ltr'>Paridis;</span> <span class='ocrx_word' id='word_1_216' title='bbox 838 2326 864 2364; x_wconf 90' lang='lat' dir='ltr'>et</span> <span class='ocrx_word' id='word_1_217' title='bbox 878 2313 913 2364; x_wconf 90' lang='lat' dir='ltr'>ob</span> <span class='ocrx_word' id='word_1_218' title='bbox 928 2313 1024 2365; x_wconf 88' lang='lat' dir='ltr'>multas</span> <span class='ocrx_word' id='word_1_219' title='bbox 1039 2311 1102 2365; x_wconf 84' lang='lat' dir='ltr'>alias</span> <span class='ocrx_word' id='word_1_220' title='bbox 1116 2316 1239 2365; x_wconf 83' lang='lat' dir='ltr'>rationes.</span> 
     </span>
     <span class='ocr_line' id='line_1_26' title="bbox 196 2390 724 2463; baseline 0 -19"><span class='ocrx_word' id='word_1_221' title='bbox 196 2396 269 2446; x_wconf 71' lang='lat' dir='ltr'>Iane</span> <span class='ocrx_word' id='word_1_222' title='bbox 281 2403 369 2444; x_wconf 85' lang='lat' dir='ltr'>certus</span> <span class='ocrx_word' id='word_1_223' title='bbox 380 2409 437 2443; x_wconf 87' lang='lat' dir='ltr'>sum</span> <span class='ocrx_word' id='word_1_224' title='bbox 449 2390 563 2443; x_wconf 77' lang='lat' dir='ltr'>Statium</span> <span class='ocrx_word' id='word_1_225' title='bbox 576 2394 724 2463; x_wconf 84' lang='lat' dir='ltr'>scripsisse,</span> 
     </span>
    </p>
   </div>
   <div class='ocr_carea' id='block_1_8' title="bbox 381 2498 877 2550">
    <p class='ocr_par' dir='ltr' id='par_1_8' title="bbox 381 2498 877 2550">
     <span class='ocr_line' id='line_1_27' title="bbox 381 2498 877 2550; baseline 0.01 -8"><span class='ocrx_word' id='word_1_226' title='bbox 381 2499 430 2544; x_wconf 81' lang='lat' dir='ltr'>Nee</span> <span class='ocrx_word' id='word_1_227' title='bbox 439 2499 502 2545; x_wconf 86' lang='lat' dir='ltr'>Paris</span> <span class='ocrx_word' id='word_1_228' title='bbox 510 2498 618 2545; x_wconf 84' lang='lat' dir='ltr'>OEbalios</span> <span class='ocrx_word' id='word_1_229' title='bbox 627 2499 677 2546; x_wconf 88' lang='lat' dir='ltr'>talis</span> <span class='ocrx_word' id='word_1_230' title='bbox 687 2501 777 2550; x_wconf 80' lang='lat' dir='ltr'>visurus</span> <span class='ocrx_word' id='word_1_231' title='bbox 787 2517 877 2547; x_wconf 85' lang='lat' dir='ltr'>amores</span> 
     </span>
    </p>
   </div>
   <div class='ocr_carea' id='block_1_9' title="bbox 382 2569 886 2635">
    <p class='ocr_par' dir='ltr' id='par_1_9' title="bbox 382 2569 886 2635">
     <span class='ocr_line' id='line_1_28' title="bbox 382 2569 886 2635; baseline 0.006 -22"><span class='ocrx_word' id='word_1_232' title='bbox 382 2569 479 2614; x_wconf 86' lang='lat' dir='ltr'>Troasin</span> <span class='ocrx_word' id='word_1_233' title='bbox 489 2570 573 2616; x_wconf 74' lang='lat' dir='ltr'>invitas</span> <span class='ocrx_word' id='word_1_234' title='bbox 582 2569 667 2632; x_wconf 85' lang='lat' dir='ltr'>dejecit</span> <span class='ocrx_word' id='word_1_235' title='bbox 675 2571 699 2616; x_wconf 91' lang='lat' dir='ltr'>in</span> <span class='ocrx_word' id='word_1_236' title='bbox 708 2587 800 2634; x_wconf 85' lang='lat' dir='ltr'>aequora</span> <span class='ocrx_word' id='word_1_237' title='bbox 810 2573 886 2635; x_wconf 88' lang='lat' dir='ltr'>pinus.</span> 
     </span>
    </p>
   </div>
   <div class='ocr_carea' id='block_1_10' title="bbox 193 2665 1250 4096">
    <p class='ocr_par' dir='ltr' id='par_1_10' title="bbox 193 2665 1250 4096">
     <span class='ocr_line' id='line_1_29' title="bbox 196 2665 1241 2743; baseline 0.002 -24"><span class='ocrx_word' id='word_1_238' title='bbox 196 2669 309 2730; x_wconf 80' lang='lat' dir='ltr'>Sensus,</span> <span class='ocrx_word' id='word_1_239' title='bbox 323 2681 353 2718; x_wconf 89' lang='lat' dir='ltr'>ut</span> <span class='ocrx_word' id='word_1_240' title='bbox 367 2665 430 2718; x_wconf 89' lang='lat' dir='ltr'>mihi</span> <span class='ocrx_word' id='word_1_241' title='bbox 442 2666 556 2734; x_wconf 87' lang='lat' dir='ltr'>videtur,</span> <span class='ocrx_word' id='word_1_242' title='bbox 570 2668 622 2720; x_wconf 92' lang='lat' dir='ltr'>hoc</span> <span class='ocrx_word' id='word_1_243' title='bbox 634 2669 765 2740; x_wconf 88' lang='lat' dir='ltr'>postulat;</span> <span class='ocrx_word' id='word_1_244' title='bbox 780 2689 829 2722; x_wconf 86' lang='lat' dir='ltr'>nec</span> <span class='ocrx_word' id='word_1_245' title='bbox 842 2670 920 2722; x_wconf 89' lang='lat' dir='ltr'>aliam</span> <span class='ocrx_word' id='word_1_246' title='bbox 932 2673 1098 2724; x_wconf 85' lang='lat' dir='ltr'>comminisci</span> <span class='ocrx_word' id='word_1_247' title='bbox 1108 2685 1184 2743; x_wconf 89' lang='lat' dir='ltr'>potes</span> <span class='ocrx_word' id='word_1_248' title='bbox 1196 2689 1241 2721; x_wconf 85' lang='lat' dir='ltr'>vo-</span> 
     </span>
     <span class='ocr_line' id='line_1_30' title="bbox 197 2743 1245 2822; baseline 0.003 -23"><span class='ocrx_word' id='word_1_249' title='bbox 197 2767 270 2813; x_wconf 86' lang='lat' dir='ltr'>cem,</span> <span class='ocrx_word' id='word_1_250' title='bbox 284 2743 398 2820; x_wconf 76' lang='lat' dir='ltr'>quse&#39;per</span> <span class='ocrx_word' id='word_1_251' title='bbox 408 2749 496 2799; x_wconf 89' lang='lat' dir='ltr'>omnia</span> <span class='ocrx_word' id='word_1_252' title='bbox 507 2762 560 2800; x_wconf 88' lang='lat' dir='ltr'>tarn</span> <span class='ocrx_word' id='word_1_253' title='bbox 571 2748 638 2820; x_wconf 76' lang='lat' dir='ltr'>bene</span> <span class='ocrx_word' id='word_1_254' title='bbox 648 2753 796 2802; x_wconf 87' lang='lat' dir='ltr'>conveniat.</span> <span class='ocrx_word' id='word_1_255' title='bbox 810 2751 922 2802; x_wconf 83' lang='lat' dir='ltr'>Causam</span> <span class='ocrx_word' id='word_1_256' title='bbox 932 2751 1053 2802; x_wconf 88' lang='lat' dir='ltr'>immanis</span> <span class='ocrx_word' id='word_1_257' title='bbox 1065 2748 1176 2822; x_wconf 84' lang='lat' dir='ltr'>hujusce</span> <span class='ocrx_word' id='word_1_258' title='bbox 1188 2770 1245 2802; x_wconf 90' lang='lat' dir='ltr'>mu·</span> 
     </span>
     <span class='ocr_line' id='line_1_31' title="bbox 198 2828 1246 2902; baseline 0 -22"><span class='ocrx_word' id='word_1_259' title='bbox 198 2831 305 2882; x_wconf 82' lang='lat' dir='ltr'>tationis</span> <span class='ocrx_word' id='word_1_260' title='bbox 317 2829 344 2880; x_wconf 92' lang='lat' dir='ltr'>in</span> <span class='ocrx_word' id='word_1_261' title='bbox 356 2829 458 2879; x_wconf 80' lang='lat' dir='ltr'>Praefat.</span> <span class='ocrx_word' id='word_1_262' title='bbox 475 2831 582 2898; x_wconf 86' lang='lat' dir='ltr'>aperui:</span> <span class='ocrx_word' id='word_1_263' title='bbox 596 2848 692 2899; x_wconf 87' lang='lat' dir='ltr'>nempe</span> <span class='ocrx_word' id='word_1_264' title='bbox 706 2830 797 2882; x_wconf 88' lang='lat' dir='ltr'>ultima</span> <span class='ocrx_word' id='word_1_265' title='bbox 812 2828 911 2902; x_wconf 73' lang='lat' dir='ltr'>syllaba</span> <span class='ocrx_word' id='word_1_266' title='bbox 924 2832 952 2881; x_wconf 85' lang='lat' dir='ltr'>in</span> <span class='ocrx_word' id='word_1_267' title='bbox 964 2833 1059 2882; x_wconf 88' lang='lat' dir='ltr'>amissa</span> <span class='ocrx_word' id='word_1_268' title='bbox 1073 2842 1129 2884; x_wconf 90' lang='lat' dir='ltr'>erat</span> <span class='ocrx_word' id='word_1_269' title='bbox 1140 2833 1167 2882; x_wconf 88' lang='lat' dir='ltr'>iu</span> <span class='ocrx_word' id='word_1_270' title='bbox 1181 2829 1246 2882; x_wconf 89' lang='lat' dir='ltr'>sub-</span> 
     </span>
     <span class='ocr_line' id='line_1_32' title="bbox 199 2907 1247 2983; baseline -0.002 -21"><span class='ocrx_word' id='word_1_271' title='bbox 199 2924 325 2983; x_wconf 86' lang='lat' dir='ltr'>sequente</span> <span class='ocrx_word' id='word_1_272' title='bbox 343 2907 452 2975; x_wconf 84' lang='lat' dir='ltr'>invisus,</span> <span class='ocrx_word' id='word_1_273' title='bbox 473 2922 503 2960; x_wconf 89' lang='lat' dir='ltr'>ut</span> <span class='ocrx_word' id='word_1_274' title='bbox 516 2927 584 2980; x_wconf 81' lang='lat' dir='ltr'>saepe</span> <span class='ocrx_word' id='word_1_275' title='bbox 598 2909 635 2960; x_wconf 84' lang='lat' dir='ltr'>fit.</span> <span class='ocrx_word' id='word_1_276' title='bbox 655 2909 757 2962; x_wconf 87' lang='lat' dir='ltr'>Deinde</span> <span class='ocrx_word' id='word_1_277' title='bbox 776 2929 826 2981; x_wconf 92' lang='lat' dir='ltr'>pro</span> <span class='ocrx_word' id='word_1_278' title='bbox 843 2921 909 2961; x_wconf 75' lang='lat' dir='ltr'>troas</span> <span class='ocrx_word' id='word_1_279' title='bbox 925 2910 1046 2962; x_wconf 89' lang='lat' dir='ltr'>feceruut</span> <span class='ocrx_word' id='word_1_280' title='bbox 1064 2911 1141 2974; x_wconf 80' lang='lat' dir='ltr'>ticus,</span> <span class='ocrx_word' id='word_1_281' title='bbox 1162 2928 1247 2981; x_wconf 86' lang='lat' dir='ltr'>quum</span> 
     </span>
     <span class='ocr_line' id='line_1_33' title="bbox 198 2985 1247 3059; baseline -0.001 -19"><span class='ocrx_word' id='word_1_282' title='bbox 198 2993 266 3041; x_wconf 89' lang='lat' dir='ltr'>iuter</span> <span class='ocrx_word' id='word_1_283' title='bbox 283 2989 335 3041; x_wconf 86' lang='lat' dir='ltr'>boo</span> <span class='ocrx_word' id='word_1_284' title='bbox 351 3002 377 3041; x_wconf 86' lang='lat' dir='ltr'>et</span> <span class='ocrx_word' id='word_1_285' title='bbox 392 2985 459 3040; x_wconf 89' lang='lat' dir='ltr'>illud</span> <span class='ocrx_word' id='word_1_286' title='bbox 476 3007 569 3059; x_wconf 86' lang='lat' dir='ltr'>parurn</span> <span class='ocrx_word' id='word_1_287' title='bbox 588 2991 621 3040; x_wconf 89' lang='lat' dir='ltr'>sit</span> <span class='ocrx_word' id='word_1_288' title='bbox 634 2988 790 3042; x_wconf 79' lang='lat' dir='ltr'>differentiae</span> <span class='ocrx_word' id='word_1_289' title='bbox 804 2991 832 3041; x_wconf 89' lang='lat' dir='ltr'>in</span> <span class='ocrx_word' id='word_1_290' title='bbox 848 2991 952 3041; x_wconf 87' lang='lat' dir='ltr'>minuto</span> <span class='ocrx_word' id='word_1_291' title='bbox 966 2988 1126 3041; x_wconf 77' lang='lat' dir='ltr'>charactere.</span> <span class='ocrx_word' id='word_1_292' title='bbox 1142 2987 1174 3038; x_wconf 85' lang='lat' dir='ltr'>Et</span> <span class='ocrx_word' id='word_1_293' title='bbox 1188 2992 1247 3059; x_wconf 75' lang='lat' dir='ltr'>J&#39;am</span> 
     </span>
     <span class='ocr_line' id='line_1_34' title="bbox 199 3066 1248 3141; baseline -0.001 -22"><span class='ocrx_word' id='word_1_294' title='bbox 199 3068 306 3122; x_wconf 76' lang='lat' dir='ltr'>obuium</span> <span class='ocrx_word' id='word_1_295' title='bbox 325 3082 382 3122; x_wconf 88' lang='lat' dir='ltr'>erat</span> <span class='ocrx_word' id='word_1_296' title='bbox 395 3070 550 3139; x_wconf 83' lang='lat' dir='ltr'>exscriptori</span> <span class='ocrx_word' id='word_1_297' title='bbox 564 3067 606 3120; x_wconf 88' lang='lat' dir='ltr'>vel</span> <span class='ocrx_word' id='word_1_298' title='bbox 621 3068 714 3121; x_wconf 86' lang='lat' dir='ltr'>lectori</span> <span class='ocrx_word' id='word_1_299' title='bbox 729 3069 863 3121; x_wconf 89' lang='lat' dir='ltr'>eruditulo</span> <span class='ocrx_word' id='word_1_300' title='bbox 882 3066 980 3120; x_wconf 89' lang='lat' dir='ltr'>addere</span> <span class='ocrx_word' id='word_1_301' title='bbox 998 3067 1125 3141; x_wconf 70' lang='lat' dir='ltr'>syllabam</span> <span class='ocrx_word' id='word_1_302' title='bbox 1143 3085 1201 3132; x_wconf 74' lang='lat' dir='ltr'>nis,</span> <span class='ocrx_word' id='word_1_303' title='bbox 1216 3081 1248 3119; x_wconf 89' lang='lat' dir='ltr'>ut</span> 
     </span>
     <span class='ocr_line' id='line_1_35' title="bbox 198 3148 1248 3222; baseline 0 -24"><span class='ocrx_word' id='word_1_304' title='bbox 198 3151 327 3219; x_wconf 73' lang='lat' dir='ltr'>integram</span> <span class='ocrx_word' id='word_1_305' title='bbox 340 3167 434 3201; x_wconf 81' lang='lat' dir='ltr'>vocem</span> <span class='ocrx_word' id='word_1_306' title='bbox 448 3149 553 3201; x_wconf 80' lang='lat' dir='ltr'>rusticus</span> <span class='ocrx_word' id='word_1_307' title='bbox 566 3149 679 3213; x_wconf 78' lang='lat' dir='ltr'>facere13</span> <span class='ocrx_word' id='word_1_308' title='bbox 695 3168 748 3220; x_wconf 86' lang='lat' dir='ltr'>qua</span> <span class='ocrx_word' id='word_1_309' title='bbox 762 3150 848 3222; x_wconf 89' lang='lat' dir='ltr'>pejor,</span> <span class='ocrx_word' id='word_1_310' title='bbox 865 3161 891 3200; x_wconf 86' lang='lat' dir='ltr'>et</span> <span class='ocrx_word' id='word_1_311' title='bbox 905 3149 995 3200; x_wconf 88' lang='lat' dir='ltr'>sensui</span> <span class='ocrx_word' id='word_1_312' title='bbox 1009 3148 1091 3218; x_wconf 72' lang='lat' dir='ltr'>magis</span> <span class='ocrx_word' id='word_1_313' title='bbox 1106 3149 1248 3219; x_wconf 87' lang='lat' dir='ltr'>opposita,</span> 
     </span>
     <span class='ocr_line' id='line_1_36' title="bbox 198 3226 1246 3300; baseline 0.002 -24"><span class='ocrx_word' id='word_1_314' title='bbox 198 3227 239 3276; x_wconf 86' lang='lat' dir='ltr'>vix</span> <span class='ocrx_word' id='word_1_315' title='bbox 254 3228 365 3277; x_wconf 81' lang='lat' dir='ltr'>inveniri</span> <span class='ocrx_word' id='word_1_316' title='bbox 379 3229 475 3299; x_wconf 88' lang='lat' dir='ltr'>potuit.</span> <span class='ocrx_word' id='word_1_317' title='bbox 490 3229 589 3280; x_wconf 88' lang='lat' dir='ltr'>Pariter</span> <span class='ocrx_word' id='word_1_318' title='bbox 603 3241 630 3280; x_wconf 90' lang='lat' dir='ltr'>et</span> <span class='ocrx_word' id='word_1_319' title='bbox 643 3231 671 3280; x_wconf 93' lang='lat' dir='ltr'>in</span> <span class='ocrx_word' id='word_1_320' title='bbox 684 3228 777 3281; x_wconf 88' lang='lat' dir='ltr'>eadem</span> <span class='ocrx_word' id='word_1_321' title='bbox 791 3248 856 3281; x_wconf 85' lang='lat' dir='ltr'>voce</span> <span class='ocrx_word' id='word_1_322' title='bbox 871 3226 1045 3300; x_wconf 75' lang='lat' dir='ltr'>depravatum</span> <span class='ocrx_word' id='word_1_323' title='bbox 1055 3227 1143 3280; x_wconf 87' lang='lat' dir='ltr'>Ovidii</span> <span class='ocrx_word' id='word_1_324' title='bbox 1156 3227 1246 3280; x_wconf 85' lang='lat' dir='ltr'>locum</span> 
     </span>
     <span class='ocr_line' id='line_1_37' title="bbox 198 3303 1247 3374; baseline 0.002 -20"><span class='ocrx_word' id='word_1_325' title='bbox 198 3303 308 3356; x_wconf 81' lang='lat' dir='ltr'>feliciter</span> <span class='ocrx_word' id='word_1_326' title='bbox 323 3309 435 3358; x_wconf 89' lang='lat' dir='ltr'>restituit</span> <span class='ocrx_word' id='word_1_327' title='bbox 450 3307 605 3374; x_wconf 85' lang='lat' dir='ltr'>Salmasius,</span> <span class='ocrx_word' id='word_1_328' title='bbox 620 3321 686 3361; x_wconf 87' lang='lat' dir='ltr'>teste</span> <span class='ocrx_word' id='word_1_329' title='bbox 698 3309 814 3360; x_wconf 88' lang='lat' dir='ltr'>Gronov.</span> <span class='ocrx_word' id='word_1_330' title='bbox 828 3309 937 3362; x_wconf 81' lang='lat' dir='ltr'>Obsers.</span> <span class='ocrx_word' id='word_1_331' title='bbox 952 3308 998 3372; x_wconf 95' lang='lat' dir='ltr'>III,</span> <span class='ocrx_word' id='word_1_332' title='bbox 1014 3307 1038 3359; x_wconf 89' lang='lat'>3.</span> <span class='ocrx_word' id='word_1_333' title='bbox 1054 3305 1142 3359; x_wconf 85' lang='lat' dir='ltr'>Verba</span> <span class='ocrx_word' id='word_1_334' title='bbox 1159 3306 1247 3359; x_wconf 85' lang='lat' dir='ltr'>Ovidii</span> 
     </span>
     <span class='ocr_line' id='line_1_38' title="bbox 197 3385 1246 3458; baseline 0.003 -25"><span class='ocrx_word' id='word_1_335' title='bbox 197 3396 273 3449; x_wconf 89' lang='lat' dir='ltr'>sunt,</span> <span class='ocrx_word' id='word_1_336' title='bbox 284 3385 393 3437; x_wconf 86' lang='lat' dir='ltr'>Heroid.</span> <span class='ocrx_word' id='word_1_337' title='bbox 404 3387 477 3453; x_wconf 85' lang='lat' dir='ltr'>XIII,</span> <span class='ocrx_word' id='word_1_338' title='bbox 492 3386 549 3456; x_wconf 84' lang='lat'>137,</span> <span class='ocrx_word' id='word_1_339' title='bbox 562 3389 639 3458; x_wconf 88' lang='lat' dir='ltr'>epist.</span> <span class='ocrx_word' id='word_1_340' title='bbox 650 3390 798 3443; x_wconf 72' lang='lat' dir='ltr'>Laodamia</span> <span class='ocrx_word' id='word_1_341' title='bbox 807 3389 963 3454; x_wconf 80' lang='lat' dir='ltr'>Protesilao,</span> <span class='ocrx_word' id='word_1_342' title='bbox 979 3411 990 3432; x_wconf 77' lang='lat' dir='ltr'>u</span> <span class='ocrx_word' id='word_1_343' title='bbox 999 3387 1117 3439; x_wconf 83' lang='lat' dir='ltr'>Troadas</span> <span class='ocrx_word' id='word_1_344' title='bbox 1128 3385 1246 3439; x_wconf 87' lang='lat' dir='ltr'>invideo:</span> 
     </span>
     <span class='ocr_line' id='line_1_39' title="bbox 198 3462 1248 3541; baseline 0.006 -27"><span class='ocrx_word' id='word_1_345' title='bbox 198 3481 256 3534; x_wconf 75' lang='lat' dir='ltr'>qun</span> <span class='ocrx_word' id='word_1_346' title='bbox 268 3466 289 3515; x_wconf 88' lang='lat' dir='ltr'>si</span> <span class='ocrx_word' id='word_1_347' title='bbox 299 3462 437 3518; x_wconf 88' lang='lat' dir='ltr'>lacrimosa</span> <span class='ocrx_word' id='word_1_348' title='bbox 448 3485 557 3519; x_wconf 90' lang='lat' dir='ltr'>suorum</span> <span class='ocrx_word' id='word_1_349' title='bbox 571 3469 674 3522; x_wconf 86' lang='lat' dir='ltr'>Funera</span> <span class='ocrx_word' id='word_1_350' title='bbox 684 3472 863 3541; x_wconf 90' lang='lat' dir='ltr'>conspicient,</span> <span class='ocrx_word' id='word_1_351' title='bbox 876 3485 945 3522; x_wconf 78' lang='lat' dir='ltr'>etc·</span> <span class='ocrx_word' id='word_1_352' title='bbox 959 3467 1004 3519; x_wconf 89' lang='lat' dir='ltr'>ubi</span> <span class='ocrx_word' id='word_1_353' title='bbox 1014 3467 1147 3538; x_wconf 75' lang='lat' dir='ltr'>vulgatam</span> <span class='ocrx_word' id='word_1_354' title='bbox 1159 3467 1248 3518; x_wconf 77' lang='lat' dir='ltr'>lectio</span> 
     </span>
     <span class='ocr_line' id='line_1_40' title="bbox 201 3543 1248 3620; baseline 0.003 -28"><span class='ocrx_word' id='word_1_355' title='bbox 201 3543 386 3597; x_wconf 77' lang='lat' dir='ltr'>nens&#39;Troadns</span> <span class='ocrx_word' id='word_1_356' title='bbox 395 3545 497 3598; x_wconf 82' lang='lat' dir='ltr'>invideo</span> <span class='ocrx_word' id='word_1_357' title='bbox 507 3547 638 3615; x_wconf 73' lang='grc' dir='ltr'><strong>σολοικίζω</strong></span> <span class='ocrx_word' id='word_1_358' title='bbox 647 3549 745 3620; x_wconf 88' lang='lat' dir='ltr'>probat</span> <span class='ocrx_word' id='word_1_359' title='bbox 756 3551 889 3600; x_wconf 84' lang='lat' dir='ltr'>Heinsius:</span> <span class='ocrx_word' id='word_1_360' title='bbox 901 3551 928 3600; x_wconf 92' lang='lat' dir='ltr'>in</span> <span class='ocrx_word' id='word_1_361' title='bbox 938 3547 1037 3600; x_wconf 89' lang='lat' dir='ltr'>Codice</span> <span class='ocrx_word' id='word_1_362' title='bbox 1048 3548 1182 3598; x_wconf 85' lang='lat' dir='ltr'>Puteaueo</span> <span class='ocrx_word' id='word_1_363' title='bbox 1193 3559 1248 3597; x_wconf 87' lang='lat' dir='ltr'>erat</span> 
     </span>
     <span class='ocr_line' id='line_1_41' title="bbox 200 3621 1249 3698; baseline 0.004 -27"><span class='ocrx_word' id='word_1_364' title='bbox 200 3621 280 3673; x_wconf 83' lang='lat' dir='ltr'>Troas</span> <span class='ocrx_word' id='word_1_365' title='bbox 293 3621 412 3675; x_wconf 83' lang='lat' dir='ltr'>invideo.-</span> <span class='ocrx_word' id='word_1_366' title='bbox 426 3622 509 3690; x_wconf 80' lang='lat' dir='ltr'>uude,</span> <span class='ocrx_word' id='word_1_367' title='bbox 522 3624 556 3693; x_wconf 68' lang='grc' dir='ltr'>τᾷ</span> <span class='ocrx_word' id='word_1_368' title='bbox 568 3628 596 3678; x_wconf 84' lang='lat' dir='ltr'>iu</span> <span class='ocrx_word' id='word_1_369' title='bbox 608 3629 755 3697; x_wconf 77' lang='lat' dir='ltr'>geminato,</span> <span class='ocrx_word' id='word_1_370' title='bbox 766 3626 909 3679; x_wconf 87' lang='lat' dir='ltr'>Salmasius</span> <span class='ocrx_word' id='word_1_371' title='bbox 922 3625 1069 3698; x_wconf 87' lang='lat' dir='ltr'>reponebat</span> <span class='ocrx_word' id='word_1_372' title='bbox 1083 3626 1193 3680; x_wconf 78' lang='lat' dir='ltr'>Troasin</span> <span class='ocrx_word' id='word_1_373' title='bbox 1206 3623 1249 3676; x_wconf 86' lang='lat' dir='ltr'>in·</span> 
     </span>
     <span class='ocr_line' id='line_1_42' title="bbox 199 3701 1250 3780; baseline 0.007 -30"><span class='ocrx_word' id='word_1_374' title='bbox 199 3701 279 3754; x_wconf 84' lang='lat' dir='ltr'>uideo.</span> <span class='ocrx_word' id='word_1_375' title='bbox 299 3701 372 3753; x_wconf 84' lang='lat' dir='ltr'>Nihil</span> <span class='ocrx_word' id='word_1_376' title='bbox 385 3707 489 3773; x_wconf 81' lang='lat' dir='ltr'>verius,</span> <span class='ocrx_word' id='word_1_377' title='bbox 508 3719 553 3756; x_wconf 86' lang='lat' dir='ltr'>aut</span> <span class='ocrx_word' id='word_1_378' title='bbox 573 3710 655 3780; x_wconf 77' lang='lat' dir='ltr'>magis</span> <span class='ocrx_word' id='word_1_379' title='bbox 670 3711 822 3780; x_wconf 88' lang='lat' dir='ltr'>appositum</span> <span class='ocrx_word' id='word_1_380' title='bbox 841 3705 904 3758; x_wconf 91' lang='lat' dir='ltr'>huic</span> <span class='ocrx_word' id='word_1_381' title='bbox 918 3725 981 3759; x_wconf 78' lang='lat' dir='ltr'>mee</span> <span class='ocrx_word' id='word_1_382' title='bbox 995 3705 1174 3760; x_wconf 88' lang='lat' dir='ltr'>emendationi</span> <span class='ocrx_word' id='word_1_383' title='bbox 1193 3723 1250 3758; x_wconf 85' lang='lat' dir='ltr'>essc</span> 
     </span>
     <span class='ocr_line' id='line_1_43' title="bbox 193 3783 1249 3858; baseline 0.002 -25"><span class='ocrx_word' id='word_1_384' title='bbox 193 3785 293 3855; x_wconf 88' lang='lat' dir='ltr'>potuit.</span> <span class='ocrx_word' id='word_1_385' title='bbox 311 3783 417 3835; x_wconf 83' lang='lat' dir='ltr'>Troasin</span> <span class='ocrx_word' id='word_1_386' title='bbox 430 3803 491 3835; x_wconf 81' lang='lat' dir='ltr'>vcro</span> <span class='ocrx_word' id='word_1_387' title='bbox 504 3798 534 3836; x_wconf 88' lang='lat' dir='ltr'>ut</span> <span class='ocrx_word' id='word_1_388' title='bbox 545 3787 697 3858; x_wconf 74' lang='lat' dir='ltr'>Ilydiyasm</span> <span class='ocrx_word' id='word_1_389' title='bbox 707 3802 733 3840; x_wconf 85' lang='lat' dir='ltr'>et</span> <span class='ocrx_word' id='word_1_390' title='bbox 744 3787 942 3857; x_wconf 73' lang='lat' dir='ltr'>Hamadryasin</span> <span class='ocrx_word' id='word_1_391' title='bbox 952 3786 1026 3858; x_wconf 87' lang='lat' dir='ltr'>apud</span> <span class='ocrx_word' id='word_1_392' title='bbox 1035 3789 1151 3857; x_wconf 74' lang='lat' dir='ltr'>Propera.</span> <span class='ocrx_word' id='word_1_393' title='bbox 1165 3787 1191 3850; x_wconf 89' lang='lat'>1,</span> <span class='ocrx_word' id='word_1_394' title='bbox 1202 3801 1249 3848; x_wconf 79' lang='lat' dir='ltr'>ao,</span> 
     </span>
     <span class='ocr_line' id='line_1_44' title="bbox 198 3863 1250 3934; baseline 0.001 -20"><span class='ocrx_word' id='word_1_395' title='bbox 198 3881 247 3916; x_wconf 81' lang='lat' dir='ltr'>vsa.</span> <span class='ocrx_word' id='word_1_396' title='bbox 264 3879 308 3931; x_wconf 82' lang='lat' dir='ltr'>ta,</span> <span class='ocrx_word' id='word_1_397' title='bbox 323 3865 373 3924; x_wconf 74' lang='lat'>323</span> <span class='ocrx_word' id='word_1_398' title='bbox 389 3863 537 3918; x_wconf 58' lang='lat' dir='ltr'>&amp;maincia</span> <span class='ocrx_word' id='word_1_399' title='bbox 555 3885 602 3919; x_wconf 88' lang='lat' dir='ltr'>seu</span> <span class='ocrx_word' id='word_1_400' title='bbox 622 3867 767 3932; x_wconf 84' lang='lat' dir='ltr'>Lemniasi,</span> <span class='ocrx_word' id='word_1_401' title='bbox 789 3866 865 3921; x_wconf 76' lang='lat' dir='ltr'>ovid.</span> <span class='ocrx_word' id='word_1_402' title='bbox 887 3869 943 3918; x_wconf 82' lang='lat' dir='ltr'>Art.</span> <span class='ocrx_word' id='word_1_403' title='bbox 960 3869 1047 3917; x_wconf 85' lang='lat' dir='ltr'>Amat.</span> <span class='ocrx_word' id='word_1_404' title='bbox 1068 3865 1250 3934; x_wconf 77' lang='lat' dir='ltr'>111‚672,ex</span> 
     </span>
     <span class='ocr_line' id='line_1_45' title="bbox 200 3942 1249 4016; baseline -0.004 -20"><span class='ocrx_word' id='word_1_405' title='bbox 200 3942 385 3998; x_wconf 80' lang='lat' dir='ltr'>emendatione</span> <span class='ocrx_word' id='word_1_406' title='bbox 395 3947 493 3998; x_wconf 87' lang='lat' dir='ltr'>Heinsii</span> <span class='ocrx_word' id='word_1_407' title='bbox 502 3964 550 4016; x_wconf 92' lang='lat' dir='ltr'>pro</span> <span class='ocrx_word' id='word_1_408' title='bbox 562 3947 688 3998; x_wconf 59' lang='lat' dir='ltr'>&amp;maias</span> <span class='ocrx_word' id='word_1_409' title='bbox 704 3947 769 3998; x_wconf 86' lang='lat' dir='ltr'>Vide</span> <span class='ocrx_word' id='word_1_410' title='bbox 778 3946 882 3998; x_wconf 84' lang='lat' dir='ltr'>locum:</span> <span class='ocrx_word' id='word_1_411' title='bbox 896 3945 934 3997; x_wconf 90' lang='lat' dir='ltr'>ibi</span> <span class='ocrx_word' id='word_1_412' title='bbox 949 3945 1020 3997; x_wconf 87' lang='lat' dir='ltr'>enim</span> <span class='ocrx_word' id='word_1_413' title='bbox 1029 3943 1106 4016; x_wconf 88' lang='lat' dir='ltr'>plnra</span> <span class='ocrx_word' id='word_1_414' title='bbox 1117 3943 1249 4013; x_wconf 79' lang='lat' dir='ltr'>exempla.</span> 
     </span>
     <span class='ocr_line' id='line_1_46' title="bbox 199 4024 1047 4096; baseline 0.001 -22"><span class='ocrx_word' id='word_1_415' title='bbox 199 4025 249 4076; x_wconf 84' lang='lat' dir='ltr'>I‘ro</span> <span class='ocrx_word' id='word_1_416' title='bbox 265 4027 373 4092; x_wconf 77' lang='lat' dir='ltr'>inus&#39;sns,</span> <span class='ocrx_word' id='word_1_417' title='bbox 388 4024 520 4077; x_wconf 82' lang='lat' dir='ltr'>uounullae</span> <span class='ocrx_word' id='word_1_418' title='bbox 535 4025 661 4076; x_wconf 87' lang='lat' dir='ltr'>editiones</span> <span class='ocrx_word' id='word_1_419' title='bbox 677 4045 815 4096; x_wconf 87' lang='lat' dir='ltr'>perperam</span> <span class='ocrx_word' id='word_1_420' title='bbox 829 4027 929 4081; x_wconf 84' lang='lat' dir='ltr'>habent</span> <span class='ocrx_word' id='word_1_421' title='bbox 945 4024 1047 4076; x_wconf 77' lang='lat' dir='ltr'>inuitas.</span> 
     </span>
    </p>
   </div>
   <div class='ocr_carea' id='block_1_11' title="bbox 0 0 1448 4492">
    <p class='ocr_par' dir='ltr' id='par_1_11' title="bbox 0 0 1448 4492">
     <span class='ocr_line' id='line_1_47' title="bbox 0 0 1448 4492; baseline 0 0"><span class='ocrx_word' id='word_1_422' title='bbox 0 0 1448 4492; x_wconf 95' lang='lat' dir='ltr'> </span> 
     </span>
    </p>
   </div>
  </div>
 </body>
</html>
