2824 4488
372 305 501 372 LlBRl
525 305 695 370 TERTll
720 306 969 372 SILVARUM.
1123 311 1187 398 397

335 432 400 478 lleu!
410 447 470 478 nuuc
479 430 516 477 illa
526 433 580 477 terit
589 430 660 478 riduo
669 429 734 494 quod
742 429 789 476 sola
799 429 869 477 cubili

335 505 387 552 Otia
396 505 402 550 !
412 517 459 550 tam
468 501 571 566 pulchrae
580 503 642 565 perit
650 501 774 548 inlecunda
781 504 883 564 juventae
893 519 898 548 z

151 619 177 657 et
195 620 249 656 non
270 599 374 652 dubitat
395 599 534 670 Papinium
552 600 588 649 ita
607 595 752 668 reliquisse.
771 600 913 670 Postquam
930 611 1018 651 tamen
1036 601 1190 672 inspexisset

150 680 229 736 codd.
243 678 330 732 llbod.
350 691 376 732 et
394 677 486 730 Salish.
502 689 528 728 et
546 675 608 729 edit.
626 678 719 728 Venet.
740 677 785 747 qui
803 694 893 728 omnes
909 679 937 727 in
949 679 1033 748 priori
1047 697 1123 732 versu
1139 699 1189 753 pro

152 763 209 814 terit
219 758 321 812 hahent
335 767 404 810 tenet
413 755 456 828 (st
469 757 507 809 ita
519 756 665 808 Parmensis
678 755 816 828 quoque),
830 757 857 809 in
867 753 951 826 Reliq.
965 755 999 807 ud
1009 756 1070 809 Silv.
1082 757 1190 830 ambigit

154 861 186 894 111
201 843 298 907 fuerit,

336 947 386 992 lieu
396 960 458 991 nunc
466 945 503 992 illa
513 957 593 993 teneus
604 945 698 992 viduum
708 944 773 1008 quod
782 942 830 991 1011
839 945 915 991 cubile

337 1017 388 1064 Otia
398 1029 444 1062 tarn
453 1016 554 1079 pululat-te
565 1019 618 1065 terit
626 1017 750 1064 infecunda
757 1018 859 1080 juventu
869 1018 874 1062 !

153 1117 185 1168 lit
204 1132 267 1168 sane
284 1112 336 1166 lroc
351 1114 502 1185 speciosum
515 1116 577 1168 satis
595 1114 712 1167 videtur:
733 1126 759 1166 et
770 1113 902 1166 secundus
917 1132 1025 1182 versus,
1044 1119 1123 1170 «Otia
1139 1131 1192 1171 tam

153 1194 269 1268 pulchras
278 1195 339 1245 terit
349 1191 490 1244 infecunda
499 1195 648 1263 jurentae,·
661 1196 718 1246 sius
729 1192 810 1244 dubio
820 1194 857 1245 ita
869 1212 884 1245 1
895 1192 976 1246 Statio
988 1195 1125 1265 proiectus
1137 1212 1191 1250 est:

153 1275 213 1329 licet
226 1275 262 1326 ibi
275 1291 381 1346 quoque
393 1275 540 1326 Parmensis
551 1273 649 1327 haheat
661 1283 743 1334 tenet,·
758 1271 832 1345 quod
842 1272 964 1326 librarius
976 1294 992 1327 a
1002 1278 1091 1347 priore
1103 1297 1193 1345 versu,

153 1370 183 1407 nt
193 1373 263 1426 saepe
271 1352 315 1420 lit,
325 1354 453 1424 repetivit.
467 1353 533 1405 Tam
541 1353 776 1426 palcbroejuventoe
785 1367 814 1404 ut
825 1366 878 1406 tam
889 1367 974 1408 tenero
984 1355 1052 1408 collo
1062 1360 1191 1430 Protrept.

154 1435 280 1506 Crispini,
291 1452 316 1485 v.
331 1433 388 1484 130.
404 1434 465 1484 osia
476 1433 547 1498 terit,
560 1445 590 1484 ut
600 1435 678 1486 Herc.
690 1434 809 1505 Epitrap.
821 1453 846 1485 v.
859 1452 889 1500 2,
904 1457 915 1480 ι
926 1454 1006 1506 quum
1018 1436 1114 1508 patulis
1126 1452 1194 1490 ters-

154 1533 208 1566 rem
221 1530 303 1583 sagus
318 1513 372 1563 otia
385 1513 504 1582 Septim
522 1511 614 1583 virgil.
631 1513 688 1563 AEn.
705 1512 751 1578 lV,
770 1530 837 1582 271:
856 1514 948 1581 «Quid
963 1516 1061 1568 struis?
1080 1531 1126 1569 aut
1142 1534 1193 1588 qua

154 1611 202 1664 spe
215 1591 319 1664 Libycis
335 1593 396 1642 teris
410 1593 463 1642 otia
475 1592 590 1642 terrisis
604 1590 688 1643 Tacit.
703 1593 770 1645 llist.
786 1594 824 1658 ll,
839 1593 888 1659 342
906 1595 1067 1646 «transitum
1080 1594 1144 1649 Padi
1157 1599 1193 1648 si-

154 1671 300 1735 mulantes,
322 1669 446 1724 adsersus
465 1672 614 1742 oppositam
633 1669 811 1740 gladiatorum
829 1691 951 1738 manum,
972 1692 1003 1726 ac
1023 1693 1057 1726 ne
1075 1677 1193 1747 ipsorum

154 1750 228 1803 utiles
242 1768 322 1820 segne
334 1749 416 1800 otium
431 1745 528 1800 tereret
537 1767 565 1809 ς»
580 1747 670 1800 Senec.
684 1750 766 1819 Epist.
786 1749 850 1816 113,
867 1753 945 1802 ellac
956 1751 1098 1804 subtilitate
1111 1755 1194 1806 effici·

154 1849 228 1894 mus,
244 1828 329 1882 Lucili
344 1830 492 1891 carissime,
507 1841 537 1878 ut
554 1846 674 1881 exercere
687 1829 823 1900 ingenium
838 1831 907 1881 inter
922 1832 992 1883 irrita
1009 1831 1154 1899 videamur,
1168 1847 1194 1886 et

155 1907 377 1981 disputationibus
392 1905 459 1958 nihil
471 1907 618 1976 profuturis
633 1909 720 1959 otium'
731 1919 850 1968 terere;·
869 1909 967 1962 Lucan.
982 1913 1019 1978 ll,
1036 1911 1105 1978 488:
1123 1912 1194 1964 «hac

155 1989 237 2042 bostis
251 1988 323 2040 lenta
337 2000 404 2040 terat
416 1988 470 2038 otiu
481 1989 549 2057 ripa.
561 2011 572 2034 1
586 1989 667 2040 llecte
680 1989 759 2058 igitur
773 1988 831 2039 terit
841 1990 911 2050 otio,·
928 2004 955 2043 et
965 1992 1017 2044 otia
1027 1993 1144 2065 pulchrae
1147 1997 1194 2066 ju·

155 2081 237 2121 uento
248 2079 279 2120 ut
290 2066 377 2132 infra,
390 2083 457 2120 vers.
472 2065 521 2130 85,
536 2067 590 2119 otio
601 2065 692 2120 desidis
706 2065 772 2118 nitoe.
785 2068 815 2118 ln
825 2069 914 2138 priore
924 2087 1002 2121 versu
1012 2069 1132 2141 paullum
1143 2070 1194 2122 ad-

156 2148 250 2201 dubito
267 2167 301 2200 an
320 2158 403 2198 teum
417 2145 502 2198 cubile
517 2145 586 2199 bene
600 2146 653 2200 dici
666 2160 758 2218 posset
774 2146 831 2199 haec
846 2148 961 2201 Claudite
977 2149 1047 2217 fllia,
1065 2169 1122 2223 quo
1139 2149 1194 2203 solu

157 2229 288 2296 cubabat,
299 2241 325 2281 et
334 2228 422 2279 munia
432 2228 565 2298 comparis
576 2227 693 2279 nondum
703 2229 879 2291 sustinuerut;
891 2228 967 2281 aliam
978 2232 1048 2282 enim
1059 2232 1195 2283 notionem

156 2309 289 2362 ueteribus
301 2308 404 2360 videtur
418 2309 574 2378 expressisse
588 2307 643 2360 baec
655 2307 758 2379 phrasis
773 2318 857 2359 unere
873 2307 1019 2361 thalamum
1035 2327 1082 2361 seu
1095 2310 1195 2373 cubile,-

157 2407 253 2461 nempe
264 2385 297 2440 de
310 2405 341 2440 ea
353 2404 426 2459 quus,
443 2386 494 2438 alia
511 2384 635 2457 expulsa,
654 2387 709 2458 ipss
722 2388 748 2438 in
761 2385 850 2438 10011111
862 2389 919 2457 ejus
934 2402 1104 2441 successerat.
1117 2387 1194 2441 ovid.

156 2468 265 2522 blesam.
279 2468 331 2532 lll,
346 2465 410 2533 1451

248 2575 305 2636 Qun
314 2573 425 2635 quoniam
433 2571 556 2627 adventat,
566 2572 740 2634 properandum
747 2571 882 2636 aliquidque
892 2571 1025 2618 novandum
1035 2583 1083 2627 est,
1118 2589 1122 2594 ·

250 2647 310 2692 llum
319 2643 386 2700 licet,
399 2655 422 2689 et
431 2641 535 2690 noudum
544 2641 656 2690 thalamos
664 2653 728 2688 tenet
736 2642 808 2690 altera
816 2653 914 2688 nostros.

158 2744 214 2796 Val.
233 2743 321 2795 Flacc.
336 2744 374 2808 ll,
393 2739 455 2811 159:
474 2763 486 2785 ι
496 2737 542 2792 sed
561 2757 603 2791 me
618 2756 724 2811 quoque
740 2737 844 2809 pulsarn
858 2740 937 2790 Fama
952 2741 1023 2790 viro:
1040 2751 1197 2812 nostrosque

158 2838 230 2876 toros
240 2825 341 2894 virgata
352 2820 452 2873 tenebit
461 2821 494 2872 Et
506 2818 624 2892 plaustro
636 2817 747 2890 derepta
758 2835 849 2869 nurus.
861 2841 871 2865 1
885 2817 983 2869 Nescio
993 2835 1028 2869 su
1040 2820 1198 2889 suspicioni-

159 2901 208 2955 bus
221 2903 332 2955 uimium
343 2901 482 2973 inquietor,
495 2916 578 2970 quum
590 2895 695 2954 credam
707 2915 722 2948 a
735 2897 816 2949 Statio
829 2897 925 2961 fuisse,

342 3011 395 3056 11111
403 3025 466 3056 nunc
475 3007 512 3054 illa
518 3007 600 3068 jacens
609 3005 680 3052 riduc
690 3005 753 3069 quod
762 3003 811 3052 sola
821 3003 891 3052 cubili

343 3083 395 3128 Otia
404 3095 450 3128 tum
459 3079 561 3143 pulcbrae
572 3078 625 3124 terit
634 3077 757 3124 iulecurrda
764 3077 867 3139 juvente
876 3076 882 3121 l

159 3179 226 3232 Vide
238 3194 328 3232 tanuen
342 3179 438 3252 quibus
450 3175 652 3231 auctoritatibus
666 3195 708 3229 me
719 3173 872 3227 delendum.
886 3172 1012 3242 Ovidius,
1030 3171 1137 3226 lleroid.
1148 3175 1198 3241 lll,

164 3278 226 3332 ¹¹7²
248 3263 362 3315 «Tutius
379 3275 419 3314 est
433 3263 549 3331 jacuisse
567 3271 642 3326 toro,
661 3259 776 3310 tenuisse
795 3255 947 3331 puellam·
962 3258 995 3322 V,
1015 3254 1078 3308 106:
1100 3257 1199 3310 «Nunc
1228 3291 1230 3300 ,

157 3341 227 3410 jacet
244 3343 272 3393 in
286 3340 368 3394 viduo
384 3339 508 3394 credulus
521 3338 566 3392 ille
582 3353 678 3400 101ομ
696 3338 772 3403 XVI,
788 3336 856 3404 315,
872 3354 904 3388 ex
923 3352 976 3406 quo
990 3333 1051 3386 loco
1065 3334 1109 3388 hic
1125 3337 1200 3390 Statii

160 3420 229 3474 forte
241 3426 397 3494 cipressus,

345 3527 398 3576 8011
403 3531 469 3592 jaces
477 3527 547 3574 ridno
557 3539 604 3572 tam
612 3526 682 3588 longa
692 3537 760 3572 nocte
769 3524 853 3579 eubili;

375 3601 403 3645 lu
412 3598 484 3645 viduo
489 3600 558 3661 jaceo
567 3597 630 3644 solos
639 3597 719 3659 etipse
728 3607 795 3651 toros

162 3693 215 3744 hrt.
234 3694 322 3746 Amat.
339 3695 379 3757 ll,
398 3693 466 3765 370,
486 3695 539 3746 «Et
555 3695 629 3744 timet
646 3693 674 3744 iu
693 3709 777 3743 vacuo
795 3689 851 3742 1011
866 3688 963 3742 cubare
979 3702 1075 3753 toro;s
1093 3688 1200 3741 11111111.

162 3774 250 3825 Amor.
258 3791 283 3824 r.
294 3789 361 3844 770,
372 3795 383 3820 1
393 3777 476 3847 luque
486 3791 534 3825 suo
542 3772 626 3824 solam
634 3769 712 3823 crede
718 3773 807 3841 jacere
817 3781 876 3821 toro
885 3791 892 3833 ς
902 3792 913 3816 ι
923 3766 1036 3821 Martial.
1043 3767 1200 3833 xlma:

164 3875 176 3898 1
185 3855 218 3906 lit
228 3857 300 3923 jacet
314 3856 342 3906 in
354 3855 440 3907 medio
455 3857 524 3907 sicca
538 3851 625 3926 puella
643 3865 740 3913 1010;ι
756 3850 858 3902 Lucan.
869 3849 942 3913 Vlll,
956 3846 1069 3915 404,110
1084 3846 1200 3899 Parthisr

165 3933 290 4001 :jacuere
304 3952 409 3986 sorores
423 3937 452 3986 ln
466 3935 578 3985 fratrum
596 3931 735 3997 thalamis,
750 3941 907 4000 sociataque
923 3941 1031 3999 pectora
1051 3939 1198 3984 matrum·

163 4013 198 4064 ita
211 4010 352 4083 legendum
367 4031 418 4085 pro
431 4013 543 4085 piqnora
554 4023 686 4071 matrums
700 4023 772 4082 patet
787 4029 817 4062 eu
832 4026 911 4062 1011111
926 4021 951 4058 11
965 4005 1141 4077 sequentibus.
1157 4003 1203 4055 Se·
