2804 4490
205 315 735 348 mmmm

596 519 803 628 NOTAE

226 697 282 842 ui
308 761 528 862 creusa
555 717 813 882 ausurus:
838 757 986 833 usui
1013 755 1167 832 :mur
1266 711 1270 719 ’

212 905 218 926 ·
572 955 821 1022 SILVARUM.

176 1409 338 1496 ''Bsnumu
351 1441 457 1495 Claudii
466 1441 575 1494 Etrusci.
593 1439 666 1494 istud
679 1460 778 1492 nomen
793 1439 912 1509 Claudii,
930 1437 1003 1513 quod
1016 1440 1043 1492 in
1057 1434 1220 1492 editionibus

177 1521 387 1590 desiderabatur,
402 1541 433 1575 ex
444 1521 517 1574 MSS.
530 1533 601 1572 recte
611 1517 714 1572 addidit
724 1523 889 1574 Gronovius:
905 1531 932 1573 et
942 1518 994 1571 hoc
1005 1518 1142 1571 confirmat
1153 1521 1220 1571 Prte-

177 1604 242 1655 fatio
263 1601 325 1655 libri
337 1625 342 1655 :
368 1604 456 1655 «Nam
475 1598 578 1653 Claudii
598 1600 701 1652 Etrusci
721 1602 903 1653 testimonium
922 1612 1022 1666 exstet,
1042 1601 1089 1670 qui
1106 1598 1222 1652 Bulneo·

177 1681 247 1751 lum,
260 1695 344 1744 θεας·
357 1696 383 1735 et
394 1700 452 1734 mos
462 1681 656 1733 Rornanorum:
673 1697 755 1731 «nam
766 1683 827 1751 quia
837 1679 964 1733 Claudius
975 1699 1033 1731 eum
1045 1682 1145 1750 primus
1156 1696 1220 1750 pro-

176 1766 259 1830 vexit,
272 1782 371 1815 nomen
383 1759 471 1814 abillo
481 1774 595 1832 patrono
609 1761 743 1830 accepit.»
758 1759 846 1812 Verba
856 1774 918 1813 sunt
927 1761 1068 1824 Gronovii‚
1077 1763 1123 1832 qui
1133 1774 1221 1811 tamen

176 1845 204 1895 in
215 1856 328 1896 coerrat
341 1841 414 1915 quod
425 1840 572 1894 confundet
584 1838 656 1891 bunc
667 1839 807 1894 Etruscam
814 1838 907 1913 silium
919 1855 980 1892 enm
987 1849 1080 1912 petre:
1096 1857 1150 1892 non
1161 1857 1221 1890 eum

178 1924 248 1974 enim
254 1959 264 1988 ,
277 1923 325 1974 sed
333 1933 435 1996 patrem
446 1923 498 1994 ejus
508 1923 628 1992 provexit
637 1919 773 1986 Claudius.
788 1919 857 1972 Edit.
871 1938 979 1992 quoque
991 1923 1076 1972 Parra.
1090 1919 1159 1972 clare
1171 1917 1221 1970 ha-

176 1999 235 2066 bet,
251 2000 356 2053 Claudii
370 1999 474 2052 Etrusci
486 1997 624 2051 Balneum.
639 1999 701 2052 Non
715 1999 827 2051 multum
839 2018 903 2050 vero
918 1999 1043 2052 molestis:
1054 1999 1132 2052 nobis
1149 1996 1222 2051 exhi-

177 2079 250 2132 bebit
263 2077 316 2133 ltoc
329 2081 473 2133 Balneum:
489 2091 515 2131 et
528 2078 596 2131 bene
616 2097 693 2141 sano:
713 2099 769 2132 non
784 2081 854 2132 enim
869 2080 937 2132 inter
956 2079 1030 2132 Statii
1044 2081 1152 2150 optima.
1171 2077 1222 2132 Sed

177 2177 233 2212 non
244 2163 320 2213 venie
332 2173 447 2228 tantum,
460 2160 645 2212 verumetiam
658 2157 738 2211 laude
751 2159 847 2230 diguus
861 2157 1011 2211 censendus
1025 2172 1079 2224 est,
1091 2161 1137 2230 qui
1147 2160 1222 2228 inge·

178 2241 223 2291 nio
234 2251 288 2292 tam
297 2253 392 2312 parato
402 2240 467 2308 luit,
474 2250 504 2291 ut
514 2240 582 2290 intra
592 2255 671 2292 coenoe
680 2248 779 2311 tempus
787 2237 840 2290 hoc
850 2255 958 2308 poema,
972 2236 1157 2310 qualecunque
1168 2251 1222 2304 est,

178 2316 309 2371 excudere
324 2321 452 2391 potuerit:
469 2321 496 2370 in
514 2336 567 2389 quo
581 2335 741 2390 quamquam
754 2334 808 2369 uon
822 2317 917 2369 Omnia
933 2317 1004 2369 clare
1020 2316 1117 2384 niteat,
1132 2329 1223 2370 tamen

177 2416 281 2469 gemma
291 2401 369 2452 unies
379 2400 462 2465 inest,
471 2397 613 2470 splendore
622 2412 649 2452 et
659 2397 790 2470 elegantia
797 2397 873 2450 Statii
880 2395 1047 2468 diamant:
1057 2413 1087 2448 es
1097 2408 1137 2448 est
1144 2414 1169 2449 v.
1177 2398 1223 2463 31,

178 2476 212 2531 de
223 2478 431 2533 fabricaberunt
443 2476 616 2532 Balnearum:

365 2612 370 2623 .
381 2612 386 2623 .
397 2611 403 2623 .
414 2575 480 2639 ,lpse
490 2591 572 2623 manas
581 2576 657 2624 tenuit
665 2572 779 2640 Cytherea
788 2575 864 2621 mariti

362 2647 548 2711 Monesi-uritque
556 2659 632 2696 artes:
642 2663 689 2696 nen
698 2645 748 2696 ulie
755 2645 847 2699 flamma
856 2647 958 2693 censium

362 2719 457 2776 Ureret,
466 2720 515 2782 ipss
524 2719 587 2766 laces
596 2718 716 2767 volueram
726 2717 847 2766 succendit
854 2720 974 2766 Amorum.

178 2807 240 2859 Non
252 2805 421 2861 temnendum
434 2821 460 2860 et
470 2805 542 2860 istud
554 2827 578 2860 v.
592 2808 641 2876 48:

429 2934 430 2942 κ
519 2941 525 2952 .
536 2940 542 2952 .
553 2941 558 2952 .
570 2917 680 2968 ¹urgento
689 2903 746 2952 felix
753 2905 893 2968 propellitur
901 2904 964 2952 unde

362 2977 511 3041 &gemeque
521 2975 595 3034 cedit,
605 2977 723 3039 labrisque
734 2977 863 3023 nitentibus
872 2977 954 3022 instat'

362 3044 463 3094 Delicias
472 3047 552 3092 :nirata
562 3061 628 3103 suas,
639 3057 662 3093 et
672 3045 736 3091 abire
746 3057 847 3098 recusat.

177 3127 216 3180 De
228 3128 344 3201 reliquo,
354 3131 382 3181 in
394 3129 447 3184 hoe
459 3147 554 3204 peceat
564 3146 644 3206 poeta
658 3129 731 3204 qnod
743 3130 882 3183 dimidium
893 3129 1024 3200 poematis
1038 3127 1186 3181 absumitur
1196 3131 1224 3180 in

177 3204 322 3339 Appapatu.
342 3211 467 3264 Praeiatnr
478 3214 549 3266 enim
560 3231 644 3285 usque
657 3211 690 3266 ed
701 3231 725 3264 v·
739 3211 782 3264 3ο.
797 3211 858 3277 Quo
869 3221 965 3280 pacto,
978 3209 1073 3258 attium
1086 3219 1173 3277 aequat
1185 3208 1226 3294 ip·-

179 3302 236 3337 sam
268 3305 366 3339 ornam.

211 3418 237 3486 l·
259 3420 352 3494 Tuque
369 3425 476 3479 inimica
489 3426 570 3496 ferse,
590 3426 695 3479 volucer
713 3426 829 3498 Teqcoee,
847 3437 945 3475 sonora
965 3420 1226 3492 Terpapremas.1ta

174 3502 284 3555 Domitii
296 3503 411 3559 codices.
423 3503 570 3559 Politienus
583 3519 670 3558 tamen
682 3505 765 3576 Epist.
780 3505 829 3570 Vl,
847 3519 870 3570 t,
885 3500 963 3570 legit,
979 3501 1021 3552 Tu
1034 3517 1140 3570 quoque
1151 3513 1226 3552 santa

170 3579 253 3652 feroe,·
267 3595 293 3634 et
307 3582 340 3636 de
353 3583 405 3637 hae
424 3583 612 3638 emendatione
631 3599 741 3636 nonest
760 3580 955 3649 dubitandum,
973 3582 1060 3652 inquit
1076 3580 1224 3632 Geras-tius.

70 3665 73 3672 '
175 3659 243 3714 Mihi
253 3673 340 3716 tamen
350 3663 527 3732 multomagis
540 3661 638 3714 arridet
649 3661 769 3730 Metelli,
782 3661 822 3716 Tu
834 3679 943 3734 quoque
955 3659 1128 3732 amicaferae:
1140 3661 1226 3712 minor

175 3743 245 3792 enim
258 3756 299 3796 est
309 3746 419 3796 mutatio
431 3745 459 3795 in
472 3741 571 3807 verbis,
588 3761 680 3796 sensus
693 3761 767 3814 seque
778 3741 895 3817 probus:
912 3755 938 3794 et
951 3741 1037 3792 multo
1049 3740 1152 3792 facilius
1164 3758 1226 3810 pro·

174 3819 267 3874 cedere
281 3823 367 3894 potuit
380 3821 436 3873 hae
451 3839 529 3892 quarn
543 3820 626 3875 altera
638 3823 807 3894 depravatio:
823 3825 924 3896 quippe
935 3841 986 3874 vox
1001 3839 1104 3895 quoque
1114 3824 1150 3872 ita
1163 3821 1227 3872 seri-

71 3931 79 3941 -
173 3896 246 3952 bitur
259 3920 307 3973 qq,
319 3897 425 3976 virgulis
437 3919 484 3972 per
499 3901 613 3956 mediam
625 3900 730 3957 literam
743 3903 918 3958 transductis:
932 3901 1019 3968 unde,
1035 3901 1132 3954 omissa
1144 3897 1225 3952 altera

172 3978 292 4047 q‚lecile
302 3990 327 4031 et
339 3978 445 4032 obvium
455 3994 511 4034 erut
520 3979 629 4035 librario
638 4002 689 4057 pro
701 3986 759 4057 Tuq
771 3975 863 4038 amicd
869 3997 1021 4055 supponere
1034 3981 1090 4051 qu
1101 3977 1224 4042 inimica,
