2784 4484
399 261 530 326 nient
556 264 701 328 numu
722 227 972 336 sincidunt.
1162 299 1203 367 29

162 396 221 466 qni·
238 392 310 444 enim
322 387 469 459 intelligere
482 401 572 460 potest
589 388 653 462 quid
667 393 700 444 sit
716 395 812 445 servire
825 399 953 467 perpensis
965 398 1051 471 frenis
1063 411 1143 474 atque
1158 408 1206 457 uni

161 474 315 526 astronom
324 488 389 524 rero
401 467 544 539 intelliges,
556 467 639 522 modo
651 470 722 541 legas
733 484 759 524 et
770 472 925 544 distinguas,

120 545 132 568 ¹
395 565 496 614 ...hic
505 567 593 614 domini
602 584 723 633 nunquam
732 570 831 617 mutabit
839 570 941 621 huheoos

346 641 476 702 Perpetuus
484 638 570 694 fernim
582 650 651 704 atque
661 641 702 686 nni
711 642 797 688 serviet
805 653 880 688 nuo:

162 742 298 807 perpetuus
315 731 414 796 frenis,
432 733 449 781 i.
469 749 492 782 e.
510 733 561 782 tuis
573 731 668 797 frenis,
682 729 730 784 tibi
744 743 874 804 perpetuo
888 735 1072 805 inserviturus,
1090 753 1115 792 et
1125 741 1206 794 semel

164 817 273 866 insertas
288 831 342 863 non
357 823 508 862 mutaturus
521 809 652 878 habenas,
667 824 697 863 ut
709 811 742 863 de
753 831 782 865 se
796 810 929 883 loquitur,
947 835 1026 869 carm.
1040 816 1075 870 ad
1083 819 1204 873 Uxorem.

164 893 315 946 Graesismus
327 890 432 962 elegans
444 892 602 961 interpretes
616 888 719 943 fefellit.
732 893 771 942 lta
787 891 848 944 silv.
860 893 910 964 111,
926 912 956 961 a,
968 914 992 946 v.
1006 895 1055 961 463
1070 899 1207 968 Manilius,

165 972 200 1036 V,
210 971 272 1040 41³3
283 969 421 1022 Claudien.
434 971 463 1021 in
474 971 583 1042 Eutrop.
595 970 631 1036 11,
644 969 710 1041 409²
1011 977 1014 984 “

348 1067 447 1114 Pulcher
455 1068 485 1122 it,
495 1067 589 1114 urhunae
599 1068 696 1128 cupieos
705 1071 818 1116 exercitus
828 1071 927 1126 umbra,

348 1139 460 1188 Assiduus
468 1138 528 1185 ludis
537 1152 543 1183 :

169 1227 222 1281 scil.
235 1227 366 1280 mucius.
378 1228 418 1278 lte
430 1224 585 1296 legendum
598 1225 678 1298 vulgo
690 1228 746 1280 sine
758 1246 836 1280 sensu
847 1240 893 1279 ant
906 1228 991 1294 exitu,
1003 1228 1117 1299 pulcher
1128 1241 1154 1282 et
1163 1225 1207 1285 ur-

169 1307 255 1359 hnoe:
265 1304 326 1357 ride
333 1305 430 1358 locum.
439 1304 683 1370 Noster,Thehaid.
692 1309 717 1372 l,
727 1324 776 1378 7⁰²
786 1329 793 1358 s
807 1329 818 1354 ι
828 1306 959 1360 assiduam
968 1307 1063 1380 pelago
1073 1327 1128 1362 non
1139 1329 1208 1382 que-

168 1404 223 1438 rere
233 1385 328 1438 Delon.
339 1408 350 1432 ι
367 1384 400 1436 Et
411 1384 455 1450 IV,
468 1383 529 1454 751,
544 1403 626 1438 novio
639 1383 761 1439 thalamis
774 1398 803 1438 ut
814 1398 952 1460 perpetitur
961 1385 1054 1458 freed.
1068 1389 1169 1442 Multus
1181 1392 1208 1442 in

168 1464 218 1518 hoc
233 1464 365 1538 eleguntie
378 1465 485 1517 Tacitus
498 1486 504 1515 :
518 1462 613 1517 Annal.
628 1467 668 1531 Η,
684 1483 743 1537 cup.
762 1466 815 1536 78:
835 1465 935 1518 «Haud
950 1484 1045 1538 mogus
1062 1466 1132 1520 mole
1148 1471 1208 1521 Piso
1288 1451 1303 1476 ⁸

169 1557 306 1616 promptus
320 1543 452 1595 ferocibus
465 1545 494 1596 in
507 1545 663 1596 sententiam
675 1543 796 1596 trahitur.
807 1566 818 1592 ι
832 1544 873 1595 Sic
883 1543 975 1614 facilis
987 1545 1106 1598 inanibus
1117 1545 1210 1599 eodem

170 1620 248 1690 libro,
263 1621 297 1674 de
312 1625 409 1674 Druso.
423 1624 463 1673 lta
477 1621 570 1674 nudus
586 1625 685 1674 maritis
700 1622 815 1695 ignibus,
830 1620 959 1674 Thebaid.
973 1624 1035 1689 Vll,
1050 1623 1116 1692 298;
1130 1641 1212 1676 novus

173 1699 294 1768 lacrimis,
305 1703 407 1755 &neca
415 1699 513 1753 Troad.
523 1721 547 1752 v.
560 1700 609 1771 67;
621 1699 709 1753 surdae
721 1699 824 1764 timori,
841 1699 886 1752 Sil.
901 1699 983 1751 italic.
996 1701 1047 1766 xl,
1060 1700 1213 1774 35d;·osper

171 1780 243 1850 psci,
254 1782 313 1847 ΧΗ,
324 1779 390 1847 348;
403 1777 523 1852 difficilis
535 1779 662 1845 lacrimis,
674 1780 764 1832 Senec.
776 1779 852 1832 llere.
865 1781 926 1831 Fur.
938 1799 962 1831 r.
974 1778 1040 1850 5783
1051 1779 1110 1832 vilis
1121 1783 1211 1848 morti,

173 1858 280 1924 Florus,
290 1860 326 1924 ll,
337 1859 369 1926 6,
382 1873 408 1910 et
420 1861 556 1911 innumera
566 1859 593 1911 id
605 1876 699 1930 genus.
714 1858 768 1910 Uni
777 1869 843 1910 astro
854 1859 959 1925 serviet,
972 1859 1019 1911 tihi
1029 1872 1145 1929 tantum,
1156 1881 1211 1914 non

173 1935 290 2006 dnobus,
303 1940 341 1990 uti
352 1937 484 2011 Cyllarus,
500 1940 544 2009 qui
555 1939 658 1991 Castori
671 1951 697 1990 et
708 1936 810 1990 Polluci
821 1938 947 1990 inserviit.
959 1939 1078 1992 lmitetnr
1088 1939 1159 1992 hune
1172 1940 1211 1993 lo·

175 2035 233 2069 cum
243 2017 380 2070 madan.
391 2020 426 2070 IV
438 2017 518 2070 Cons.
532 2019 657 2086 Honorii,
668 2037 693 2070 r.
707 2015 767 2085 554.

176 2153 251 2302 &⁵7-
267 2154 358 2246 Supter
366 2153 477 2208 anhelat
489 2154 580 2208 humus
592 2169 632 2208 cst
645 2173 676 2207 ex
688 2156 817 2224 Homero,
830 2153 904 2209 Iliad.
915 2156 947 2224 β,
960 2155 994 2226 95
1008 2179 1014 2208 r
1030 2153 1076 2209 ort
1088 2153 1115 2208 tt
1128 2176 1211 2210 oris*

218 2253 253 2288 m
263 2253 332 2300 pm.

208 2361 250 2428 64.
271 2363 412 2416 Continuus
424 2373 518 2435 septem
529 2382 578 2435 per
590 2362 707 2418 culmina
718 2374 817 2418 montes
829 2364 849 2416 it
857 2363 959 2438 smper.
972 2361 1031 2413 Vox
1041 2374 1140 2414 montes
1153 2364 1211 2415 sine

175 2439 255 2494 dubio
266 2441 426 2514 depravata:
438 2455 540 2513 septem
549 2447 619 2494 enim
629 2443 746 2496 culmina
755 2445 866 2498 Romam
876 2443 1004 2495 denotant
1013 2455 1039 2493 et
1048 2440 1091 2493 hic
1102 2455 1128 2493 et
1137 2440 1212 2505 alibi;

175 2521 239 2573 odeo
252 2537 282 2573 ut
293 2541 487 2594 supervacuum
500 2525 532 2575 sit
540 2522 612 2574 istud
623 2533 729 2575 montes.
742 2524 863 2576 liamhius
877 2522 983 2575 duobus
994 2520 1078 2573 modis
1090 2523 1215 2585 tentavit;

178 2624 190 2646 ι
200 2615 301 2672 reptem
315 2621 364 2672 per
377 2603 493 2654 culmine
509 2615 612 2655 montes
628 2605 663 2654 cit
681 2604 806 2674 fragon·
828 2605 901 2674 atqui
915 2601 968 2654 hoc
985 2614 1040 2669 est,
1059 2601 1149 2669 fragor
1167 2620 1216 2673 per

179 2693 280 2752 septem
287 2694 590 2753 montesmoretseptem
598 2695 730 2736 montes.»
743 2682 805 2750 Vel,
816 2706 826 2729 ι
837 2685 977 2736 continuos
985 2692 1099 2751 septem,
1110 2680 1217 2752 perful-

181 2759 263 2823 mine,
271 2772 371 2811 montes
380 2763 414 2811 cit
423 2761 539 2832 fregona
554 2762 628 2832 atqui
639 2761 690 2814 hoc
701 2763 780 2815 modo
789 2782 840 2815 vox
849 2764 984 2816 continuos
993 2758 1125 2826 ubundat,
1135 2778 1217 2830 quum

183 2840 249 2890 satis
262 2837 347 2888 luerat
357 2839 459 2907 dixisse,
473 2842 563 2910 fragor
574 2859 624 2912 par
633 2841 741 2896 fulmine
753 2857 841 2896 movet
852 2853 948 2913 septem
960 2851 1069 2892 montes.
1081 2841 1158 2889 Mitto
1169 2858 1220 2910 par

173 2915 300 2989 fitlmiue
310 2936 360 2990 pro
366 2917 486 2990 fulmini.
501 2920 649 2973 Gronovius
663 2941 719 2974 nou
731 2922 836 2974 dubitat
849 2921 959 2974 Statium
972 2916 1125 2986 reliquisse:
1141 2931 1219 2990 step-

177 3009 231 3049 tem
242 3015 292 3069 prr
302 2997 413 3050 culmina
427 2999 520 3052 Mortis
532 3001 552 3052 it
566 3001 665 3070 fragor.
677 3025 688 3049 s
702 3003 795 3052 Martis
806 3002 875 3051 enim
891 2997 949 3050 urbs
965 3010 992 3048 et
1008 2995 1107 3046 Martia
1122 2996 1217 3064 Roma,

175 3091 206 3136 ut
218 3080 295 3149 pueri
306 3079 404 3143 sciunt,
421 3079 505 3150 inquit
520 3078 571 3131 ille.
587 3082 667 3152 Atqui
682 3078 774 3131 hocin
788 3078 857 3131 idem
871 3077 962 3128 vitium
975 3073 1091 3126 recidere
1103 3075 1218 3138 videtum

174 3157 266 3210 adhuc
278 3159 349 3208 enim
359 3168 454 3230 septem
464 3158 584 3211 culmina
595 3161 705 3211 Romam
717 3157 845 3210 denotant
858 3157 913 3208 sine
925 3154 1104 3207 additamento
1116 3156 1219 3209 Martis.

172 3240 207 3291 Et
222 3237 332 3309 quidem
348 3237 466 3289 culmina
481 3239 575 3290 Martis
589 3259 638 3310 pro
652 3239 713 3290 urbe
728 3237 823 3290 Mortis
836 3251 907 3288 recte
921 3234 972 3287 dici
989 3254 1044 3287 non
1056 3238 1220 3306 negaverim

171 3317 221 3372 scd
234 3316 403 3369 vehementer
413 3315 521 3381 dubito,
534 3336 567 3369 an
580 3320 718 3390 quisquam
730 3317 824 3369 dixerit
834 3326 928 3388 septem
939 3315 1057 3367 culmina
1068 3333 1114 3366 seu
1125 3327 1221 3387 septem

171 3407 275 3450 montes
287 3397 396 3458 Martis5
409 3399 536 3467 quoniam
547 3400 728 3469 unusquisque
741 3399 795 3449 fere
805 3416 836 3449 ex
848 3409 948 3467 septem
961 3393 1075 3446 collibus
1088 3411 1165 3446 suum
1177 3394 1220 3446 ha-

171 3475 232 3530 huit
253 3476 416 3549 peculiarem
436 3475 534 3542 deum,
552 3479 594 3528 cui
613 3495 688 3530 sacer
706 3492 777 3540 erot3
795 3477 832 3528 sic
849 3478 976 3547 Tarpeius
995 3475 1070 3540 lovi,
1088 3473 1221 3526 Palatinus

173 3555 309 3628 Apollini,
321 3556 466 3608 Aventinus
478 3555 585 3622 Dione,
598 3554 743 3624 Quirinalis
755 3557 879 3625 Quirino,
892 3553 1044 3607 ianiculum
1054 3554 1122 3606 leno
1134 3551 1219 3607 oderit.

173 3635 243 3688 vide
257 3635 351 3689 Silium
365 3635 500 3701 Italicum,
514 3637 574 3702 xli,
590 3637 650 3705 718,
666 3635 711 3687 ubi
724 3649 786 3709 post
798 3635 863 3687 alios
875 3633 940 3686 deos
951 3647 1123 3702 memoratos,
1136 3632 1220 3686 addit:

362 3734 422 3779 Hinc
432 3734 506 3778 lanus
515 3743 592 3777 moret
601 3747 662 3777 arma
672 3747 755 3790 mauu,
765 3745 844 3779 movet
851 3729 905 3777 inde
914 3730 1037 3791 Quirinus,

363 3805 469 3866 Quisque
480 3818 523 3848 suo
533 3801 562 3849 de
572 3801 628 3850 colle
639 3803 709 3850 deus:

169 3892 205 3946 ad
217 3891 420 3948 defendendam
433 3911 531 3963 nempe
541 3895 653 3945 Romam
663 3907 755 3946 contro
768 3893 950 3947 Hannibalem.
962 3891 1023 3942 Non
1035 3889 1114 3958 igitur
1123 3895 1224 3955 septem

168 3973 291 4027 culmina
304 3977 396 4028 Mortis
409 3986 483 4030 recte
496 3973 548 4025 dici
559 3987 685 4046 possunt:
698 3973 736 4028 illi
748 3977 818 4027 enim
828 3991 876 4027 sua
888 3973 966 4025 stetin
978 3970 1005 4019 in
1019 3970 1116 4035 Campo
1128 3981 1223 4034 cogno·
