2858 4492
176 343 1217 370 “mmmmmmmmmfflmm

596 545 803 649 NOTAE

237 806 286 880 IN
306 803 508 880 CARMEN
526 801 786 880 'SEPTIMUM
803 805 934 881 LIBRI
955 805 1169 883 SECUNDI

575 1018 829 1086 sthvsttust.

186 1525 263 1578 vus.
279 1539 318 1574 ιο.
332 1489 447 1574 (irrisu
459 1493 566 1586 consite,
576 1523 766 1593 eattdidamque
776 1531 867 1574 vestem
878 1522 1048 1592 Persuadent
1055 1525 1134 1577 edesse
1145 1543 1229 1576 recess-

188 1605 269 1655 tiores.
282 1601 424 1671 Cujusnam
436 1620 498 1654 usus
510 1603 542 1653 sit
552 1601 626 1652 edero
637 1603 664 1651 in
675 1599 1000 1673 restibusperfimdeudis,
1009 1603 1049 1654 vel
1060 1603 1123 1673 quid
1133 1607 1166 1656 sit
1173 1622 1231 1675 per-

182 1681 298 1752 fundere
307 1693 406 1732 vestem
416 1681 490 1731 edera
500 1681 608 1732 omnino
618 1692 707 1732 tacent
716 1681 887 1750 interpretem
898 1693 923 1731 et
934 1681 1076 1751 perdoctus
1086 1685 1119 1735 sit
1126 1696 1232 1755 oportet

188 1763 234 1833 qui
241 1759 295 1812 haec
304 1759 435 1831 explicare
442 1762 534 1831 possit.
549 1759 678 1835 Colliqere
685 1759 791 1832 quidem
799 1761 868 1811 sinus
876 1759 949 1810 edera
959 1763 1079 1828 invenio,
1091 1761 1230 1814 Achilleid.

189 1841 232 1892 lib.
246 1844 271 1907 l,
287 1858 354 1892 vers.
369 1840 436 1909 609:
453 1841 511 1891 sUt
522 1859 584 1891 vero
601 1839 704 1892 a'tereti
720 1839 824 1892 demisit
839 1835 955 1892 Nebrida
971 1839 1041 1892 collo
1054 1843 1231 1913 Errantesque
1249 1883 1252 1891 .

189 1923 260 1973 sinus
272 1919 350 1972 edera
365 1917 487 1989 collegit,
497 1934 547 1971 etc.
559 1942 570 1965 ι
586 1920 619 1970 Et
631 1918 712 1993 liqare
722 1918 793 1970 sinus
804 1917 879 1970 edera
891 1919 947 1970 Val.
958 1919 1045 1972 Flacc.
1057 1920 1103 1972 lib.
1116 1924 1154 1986 ll,
1168 1921 1232 1978 268,

189 1999 221 2051 tle
233 1995 377 2072 Hypsipyle
387 2007 490 2068 patrem
502 1995 624 2048 'lltoanta
637 2009 748 2049 ornante
760 1999 786 2047 in
799 1999 914 2067 speciem
926 1997 1029 2050 Bacchi.
1042 1997 1080 2049 Ex
1089 1997 1185 2071 quibus
1194 1999 1232 2049 lo-

190 2079 226 2131 cis
237 2083 352 2151 primum
364 2078 518 2149 suspinaltar
528 2076 561 2129 de
571 2079 657 2129 ciuem
668 2075 737 2146 (non
748 2075 914 2149 perfusione)
926 2079 998 2130 vestis
1009 2076 1063 2130 hate
1074 2079 1147 2132 Statii
1157 2079 1234 2130 intel·

188 2158 295 2231 ligentla
312 2173 369 2212 esse
387 2179 393 2207 :
414 2173 519 2210 omnem
538 2175 599 2209 mox
618 2156 771 2229 scrupulum
790 2159 898 2208 remouit
918 2157 1039 2210 Sidonius
1058 2157 1233 2230 Apollinaris,

190 2255 336 2310 perpetuus
350 2240 424 2292 Statii
438 2239 567 2299 imitator,
582 2239 657 2308 epist.
670 2237 743 2302 Vlll,
760 2253 804 2287 rt:

406 2346 512 2406 Spartam
521 2343 607 2403 stringe
617 2357 705 2386 comam
715 2341 803 2386 virente
813 2341 867 2386 vitta
876 2356 885 2403 ².

407 2415 434 2458 Et
443 2429 512 2474 rugas
521 2413 562 2458 tibi
572 2413 677 2476 syrmatis
687 2409 798 2472 profundi

408 2485 546 2546 Succingant
555 2482 630 2528 edesse
641 2479 801 2544 expeditiores.

192 2586 252 2636 llaec
262 2582 297 2634 ad
308 2581 416 2634 verbum
429 2579 505 2635 'statii
518 2585 591 2655 quasi
601 2581 645 2632 lilo
656 2581 774 2646 ducunt,
785 2601 795 2625 a
805 2579 911 2631 Criuem
922 2581 1033 2646 comite,
1045 2579 1236 2651 candidamque

192 2676 292 2716 vestem
310 2663 470 2733 Precingant
489 2663 573 2716 edere
591 2663 793 2716 recentiorem
814 2678 869 2711 non
886 2658 1055 2729 perfundant.
1078 2663 1238 2736 Precinqere

195 2763 246 2814 pro
256 2741 352 2793 vincire
364 2761 408 2794 seu
422 2742 503 2817 liuore
514 2745 613 2795 senties
626 2744 745 2794 occurrit
753 2739 829 2810 sputi
844 2739 966 2792 Ovidium
977 2753 1008 2804 ¹ot
1019 2739 1093 2792 alios.
1109 2742 1236 2812 Proeposi-

194 2823 284 2872 tiones
294 2836 353 2889 prr,
363 2837 415 2890 pre
424 2835 450 2873 et
458 2840 523 2892 pro,
537 2821 629 2873 eodem
640 2819 720 2890 ruodo
729 2821 757 2870 in
768 2818 838 2871 MSS.
852 2819 1003 2888 signantem
1016 2817 1087 2870 unde
1095 2821 1237 2890 sepissime

193 2897 404 2953 confunduntur.

232 3043 273 3110 td.
293 3043 330 3096 Et
339 3045 361 3096 si
369 3063 420 3117 qua
430 3052 515 3117 patet,
527 3053 575 3096 aut
584 3040 654 3095 diem
667 3046 762 3116 recepit
772 3043 850 3097 Sertis
861 3042 985 3096 mollibus
995 3041 1131 3115 expleatur
1140 3045 1237 3095 umbra.

193 3123 304 3176 Nullum
317 3142 385 3196 opus
397 3122 555 3196 disjunctiva
569 3125 697 3199 particula
709 3133 770 3192 out,
791 3143 873 3196 quom
891 3143 932 3176 res
951 3123 1044 3176 eudem
1061 3126 1239 3194 exprimatur3

196 3205 295 3278 quippe
300 3215 391 3276 patere
399 3219 423 3256 et
430 3205 499 3257 diem
508 3207 618 3279 recipere
625 3203 694 3257 idem
705 3219 779 3269 sunt;
791 3224 873 3278 quum
883 3203 975 3257 umbra
986 3223 1043 3276 quas
1053 3216 1143 3276 pateat
1152 3225 1242 3260 neces-

197 3287 264 3336 sario
277 3287 357 3337 etiam
369 3283 437 3338 diem
449 3287 563 3357 recipiat.
576 3285 671 3338 Melius
683 3287 773 3357 itaque
784 3287 805 3337 si
817 3283 923 3337 dixisset
932 3295 1005 3356 patet
1016 3297 1041 3338 et
1052 3287 1119 3337 diem
1132 3289 1241 3357 recepit.-

198 3381 252 3432 quo
266 3373 362 3433 pacto,
373 3363 400 3413 rs*
413 3359 473 3415 riori
485 3363 525 3416 bis
538 3371 640 3418 tantum
653 3359 800 3425 diceretur3
814 3361 886 3436 quod
902 3378 985 3435 poete
999 3365 1047 3416 sibi
1059 3361 1189 3416 interdum
1202 3366 1243 3416 itt-

198 3437 315 3513 dulgent.
327 3443 382 3493 lito
391 3452 454 3493 tero
465 3442 559 3510 modo,
569 3455 641 3516 patet
649 3456 696 3496 aut
705 3443 772 3498 diem
783 3440 890 3514 recepit,
901 3441 1088 3513 disjunctivam
1098 3444 1244 3495 ostritiose

200 3529 357 3590 usurpatur:
369 3529 505 3593 uunqua'ut
517 3520 585 3573 enim
596 3521 783 3593 'disJ'unguntur
792 3523 842 3574 nisi
851 3521 930 3572 verba
940 3535 985 3572 aut
996 3541 1037 3574 res
1048 3521 1154 3574 diversae
1167 3523 1245 3592 signi·

198 3595 344 3652 litationis:
360 3599 470 3652 ridicule
486 3603 554 3653 'onim
569 3601 684 3666 diceres,
699 3621 752 3655 non
765 3620 881 3671 possiam,
895 3613 941 3652 out
955 3601 1052 3668 libere,
1061 3612 1107 3652 aut
1119 3601 1245 3674 liquorem

202 3676 310 3729 haurire.
326 3680 458 3732 Domitius
470 3684 532 3732 satis
545 3679 657 3732 absurde
669 3679 767 3746 edidit,
782 3680 834 3728 «Et
846 3681 868 3729 si
885 3697 936 3749 qua
952 3691 1069 3752 pateram
1086 3679 1154 3730 diem
1172 3697 1245 3730 reee-

201 3757 241 3828 pit
251 3777 257 3806 ι
269 3779 282 3804 ι
306 3756 380 3830 quod
390 3771 478 3810 tamen
491 3761 574 3830 magis
586 3757 700 3812 absurde
712 3761 913 3828 interpretatur,
928 3779 938 3803 s
951 3760 977 3811 Si
989 3759 1083 3829 aliquis
1094 3778 1122 3810 su
1135 3757 1246 3810 contulit

202 3839 230 3885 in
247 3834 366 3889 umbram
383 3837 410 3887 in
427 3835 497 3890 diem
513 3853 542 3890 ut
559 3853 675 3910 pateram
693 3835 767 3889 daret
782 3835 942 3909 voluptatis
958 3841 996 3890 Ex
1011 3839 1083 3890 MSS.
1097 3855 1161 3888 vero
1177 3835 1246 3886 hanc

202 3912 341 3968 lectionem
354 3916 475 3970 hausisse
485 3918 630 3971 Domitium
644 3917 705 3968 hinc
717 3915 828 3986 colligo,
842 3917 913 3988 quod
926 3916 1007 3968 editio
1019 3916 1178 3976 Parmensis,
1191 3930 1248 3980 qua·

203 3991 308 4046 duobus
329 3997 405 4048 annis
427 3995 568 4050 editionem
590 3998 698 4051 Domitii
719 3999 868 4066 praecessit,
887 3993 966 4047 habet
985 4005 1058 4066 potet
1075 4006 1144 4043 aut.-
1167 4007 1247 4060 quarn
