2784 4484
395 277 525 351 LIBRI
549 277 691 341 PRlMl
715 275 966 344 SILVARUM.
1154 283 1192 348 31

153 413 205 464 lsoe
215 419 260 462 ant
269 402 346 458 nihil.
356 400 410 470 in
421 417 484 454 vero
493 398 550 452 lieri
559 410 647 473 potest
657 409 686 449 ut
696 395 787 468 pulsus
796 401 852 451 reris
860 401 976 453 imitetur
985 403 1071 470 varia,
1082 403 1201 472 diversa,

154 509 219 561 sagn
229 502 364 540 murmura
377 495 404 534 et
415 481 541 551 strepitus
553 479 660 530 Ilomsel
670 478 740 549 Lege
751 479 893 532 certissima
906 481 1104 552 emendatione,

337 584 367 627 Et
374 593 463 639 magne
472 577 544 622 vincit
552 590 609 636 vaga
619 589 737 620 murmura
747 577 838 620 Romu:

156 697 243 737 tantus
255 681 284 734 lit
296 681 404 748 fragor,
413 687 445 726 ut
459 673 539 726 etiem
551 689 688 724 murmura
704 684 731 723 et
742 673 883 743 strepitus,
896 673 940 743 qui
953 673 980 726 in
991 675 1057 728 urbe
1071 673 1151 744 flunt,
1162 679 1197 731 ab

154 763 207 816 hoo
219 771 379 834 superentur
392 766 419 807 et
430 771 486 804 non
500 751 681 804 exaudientur.
696 753 807 806 Vincere
817 749 870 803 hac
884 753 1072 823 significatione
1085 759 1199 811 usitatis·

157 847 257 897 rimnm.
269 837 410 902 Manilius,
419 834 452 899 V,
464 831 531 899 625,
542 829 575 884 de
586 833 618 883 iis
631 833 677 903 qui
688 829 738 884 sub
749 829 920 883 Andromeda
932 835 987 885 nati
997 850 1074 888 sunt:

338 932 505 994 Carnificisque
513 931 578 977 venit
586 942 684 978 mortem
692 929 804 976 vincentis
813 930 902 992 imago:

157 1040 194 1090 ita
205 1035 317 1107 optimam
328 1028 419 1084 Codex
430 1023 644 1080 Gemblacensis:
659 1024 774 1098 Scaliger
786 1040 875 1079 tamen
888 1025 971 1080 edidit
981 1041 1090 1082 mortem
1102 1032 1199 1084 duern-

158 1118 204 1182 u's,
217 1132 293 1169 sensu
305 1129 361 1164 non
375 1107 438 1162 satis
451 1103 532 1160 salvo.
547 1107 638 1176 Imago
652 1105 782 1159 carnificis
794 1120 908 1158 mortem
920 1108 1060 1176 vincentis,
1073 1123 1126 1178 est,
1140 1129 1200 1164 can

158 1197 228 1248 nile:
239 1204 323 1245 morte
334 1186 489 1249 terribilior;
502 1197 531 1236 nt
542 1187 570 1237 in
581 1183 641 1237 loco
653 1185 757 1238 Senecae
770 1204 847 1257 quem
861 1184 906 1238 ille
918 1185 1039 1256 adducit,
1053 1212 1064 1236 s
1074 1202 1101 1241 et
1112 1201 1197 1244 morte

158 1278 223 1328 tristi
239 1273 338 1327 mistim
352 1268 446 1320 mortis
459 1265 557 1319 locus»
576 1265 671 1338 (quem
686 1279 776 1317 temen
789 1268 919 1319 memorise
936 1269 1014 1321 nimis
1032 1269 1116 1324 fidens
1129 1271 1196 1323 male

158 1360 232 1419 citat;
245 1366 286 1406 est
299 1352 369 1404 enim
382 1349 460 1400 llere.
474 1348 535 1400 Fur.
547 1365 572 1398 v.
589 1345 655 1416 706:
673 1348 806 1417 alpssque
817 1359 901 1398 morte
915 1350 990 1420 pejor
1001 1363 1042 1404 est
1052 1354 1144 1404 mortis
1157 1351 1197 1403 lo-

158 1435 255 1506 eus);
268 1435 304 1484 ita
319 1425 440 1500 oedipo,
451 1446 476 1480 v.
492 1427 557 1480 180:
575 1429 620 1480 ⁸0
635 1424 691 1477 dira
707 1426 770 1477 novi
785 1426 866 1479 facies
882 1425 928 1478 leti
940 1431 1045 1498 gravior
1060 1429 1151 1498 leto,·
1167 1431 1196 1484 itl

157 1531 208 1583 est,
219 1516 323 1567 vinem
330 1509 421 1562 letum.
431 1509 538 1559 Putares
549 1505 710 1576 Scaligerum
720 1507 900 1575 conjecturam
912 1524 985 1559 snum
995 1506 1198 1579 labefactatum,

157 1613 182 1648 et
191 1595 333 1647 lectionem
347 1586 448 1640 codicis
460 1605 539 1658 qnsm
553 1585 653 1656 spernit
666 1583 811 1638 stabilitum
822 1586 869 1636 ire.
882 1585 993 1653 Noster,
1001 1587 1085 1639 Theb.
1096 1590 1121 1655 1,
1132 1587 1198 1656 520,

159 1673 285 1744 esVngil
304 1666 406 1722 AEneid.
422 1669 447 1733 1,
463 1665 527 1736 730,
545 1665 623 1734 sill,
641 1681 683 1733 77.
698 1662 823 1734 Exempla
838 1663 947 1734 ubique.
965 1668 1004 1717 lta
1020 1668 1099 1716 etiam
1115 1667 1198 1720 Greci

159 1755 226 1823 ιιιᾷι.
239 1753 328 1808 Vrnm't
338 1745 494 1823 profugit.-
505 1747 529 1796 V
542 1745 611 1796 euim
624 1758 651 1797 et
661 1747 682 1797 F
693 1763 761 1816 saepe
774 1755 971 1795 commutantur
982 1745 1008 1796 in
1020 1746 1090 1799 MSS.
1104 1749 1142 1798 Its
1154 1766 1197 1819 ap.

157 1839 224 1907 virg.
238 1829 341 1887 AEneid.
356 1830 406 1895 111,
418 1825 485 1881 316:
503 1826 558 1878 «Ns
568 1823 675 1892 dubita,
688 1844 751 1878 nem
762 1841 821 1876 vers
837 1821 939 1890 vides‚»
955 1823 1016 1877 olim
1031 1829 1197 1896 conjeceram

156 1916 206 1988 legi
215 1913 313 1968 debere
322 1928 384 1962 rrum
396 1903 541 1980 confides,
553 1917 646 1976 utpote
657 1905 740 1957 multo
751 1904 896 1975 elegantius
908 1917 934 1956 et
946 1903 1036 1975 phrasi
1047 1908 1132 1978 poetis
1144 1909 1198 1960 nsi·

156 1997 289 2048 samsima.
300 1987 471 2043 Confirmavit
482 1983 537 2040 MS.
549 1985 692 2052 Petreium,
705 1985 750 2057 qui
762 1984 831 2036 clare
843 1981 1044 2056 exhibuitfidcr.
1058 1985 1127 2040 Alibi
1137 1985 1198 2042 illu·

156 2073 253 2127 strabo.
267 2075 371 2124 Interea
383 2067 427 2118 vix
438 2082 507 2117 nnus
522 2076 548 2116 et
560 2063 625 2116 alter
638 2063 760 2128 accedet5
772 2066 842 2116 scio:
856 2061 920 2116 mihi
931 2078 1019 2118 tamen
1033 2069 1198 2138 persuasissi-

156 2173 228 2206 mum
240 2165 276 2205 eet
286 2147 423 2222 Virgilium
435 2147 471 2198 ita
484 2145 627 2216 scripsisse.
640 2147 676 2196 lta
688 2143 753 2198 viros
766 2143 894 2216 proferas
905 2143 975 2216 apud
987 2147 1077 2198 Munil.
1090 2148 1122 2215 V,
1138 2150 1196 2210 181;

159 2233 357 2303 Veneremque
364 2226 455 2300 feras:
469 2226 506 2276 ita
519 2226 589 2276 enim
599 2222 740 2296 legendum
753 2237 835 2295 puto;
847 2222 927 2296 vulgo
940 2225 1014 2278 viros.
1030 2228 1068 2279 De
1079 2227 1102 2280 G
1114 2245 1165 2298 pro
1176 2227 1198 2280 C

156 2313 214 2366 vide
226 2314 363 2367 Curionem
375 2306 410 2360 ad
423 2304 510 2358 Vsler.
524 2303 610 2356 llaec.
626 2306 651 2372 I,
667 2321 732 2376 729,
748 2317 775 2356 et
788 2307 885 2376 passim
897 2305 1016 2377 exempla
1029 2305 1157 2360 habemus
1168 2307 1197 2358 in

154 2391 194 2448 his
205 2391 290 2446 Silvis.
299 2420 335 2430 -
344 2385 390 2441 Ille
401 2387 490 2457 fragor
501 2401 566 2454 vaga
578 2381 811 2458 murmurvfinpit,
824 2383 850 2436 h.
865 2402 887 2437 e.
901 2397 988 2436 movet
1000 2397 1025 2437 et
1037 2385 1197 2452 moderatur,

154 2477 188 2527 ita
200 2487 229 2526 nt
242 2489 312 2524 novo
324 2484 433 2542 quoqne
444 2483 569 2537 percussu
580 2482 666 2516 novus
677 2482 726 2534 per
735 2463 826 2516 urbem
839 2483 929 2518 rumor
941 2477 997 2531 sat,
1010 2465 1149 2518 multitudo
1162 2464 1197 2519 ad

153 2551 289 2608 visendum
302 2559 457 2612 concurrat,
468 2544 535 2598 alins
549 2543 592 2596 elii
606 2557 709 2610 narret,
724 2555 751 2594 et
761 2545 859 2614 possim
871 2561 950 2596 voces
962 2557 1018 2596 tum
1033 2545 1196 2614 mirantium,

154 2629 382 2684 tnmlandantiurn
389 2623 540 2678 audientur.
546 2621 813 2694 Wnnusne-Scripu
819 2623 879 2675 libri
887 2641 987 2690 omnes,
996 2627 1075 2676 etiam
1083 2639 1197 2698 quotuor

155 2711 293 2775 Vaticani,
301 2701 513 2780 praebentfinpit,
525 2705 595 2756 etita
606 2701 734 2756 editiones
744 2705 856 2774 antiqua
865 2717 959 2776 praeter
968 2706 1128 2778 principem,
1139 2724 1197 2777 quse

159 2789 244 2842 babet
250 2785 320 2861 fiqit.
333 2787 414 2838 Nemo
425 2785 452 2835 in
466 2781 518 2835 hoc
531 2779 590 2834 loco
601 2781 677 2835 hesit
690 2795 749 2834 ante
760 2784 792 2834 N.
801 2784 945 2850 lleinsium,
959 2787 1015 2856 qui,
1027 2785 1055 2836 in
1067 2783 1198 2837 Adversa·

159 2871 207 2924 riis
218 2889 247 2942 p.
260 2865 323 2933 334,
337 2863 478 2916 emendavit
490 2861 571 2914 os'ucr't
584 2882 649 2937 sapa
660 2882 804 2916 murmura.
817 2862 856 2914 lbi
871 2863 950 2914 affert
961 2864 1063 2915 Horatii
1074 2862 1156 2914 Serm.
1171 2863 1197 2929 l,

157 2948 189 3016 6,
196 2949 249 3018 ᾼᾷι
261 2969 274 2992 ι
283 2961 376 3015 magna
386 2941 488 2996 sonabit
498 2961 612 3008 cornua,
623 2939 696 3013 quod
703 2942 844 3012 vincatque
854 2941 939 2992 tubas.
951 2965 962 2987 s
972 2943 1002 2992 In
1013 2938 1116 2991 ineditis
1126 2938 1196 2992 hac:

159 3051 171 3076 ι
181 3025 339 3081 maritimis-a
348 3021 371 3076 Il
374 3061 383 3089 ,
395 3023 425 3091 6,
436 3039 461 3092 7,
471 3025 570 3095 majora
583 3020 665 3073 vincit
675 3017 757 3093 pluqa
768 3021 868 3080 mium,-
878 3019 971 3089 Vir-gil.
983 3015 1085 3070 AEneid.
1095 3020 1120 3085 1,
1132 3037 1195 3092 7²7²

150 3107 262 3181 funalia
274 3106 382 3157 vincunt
392 3111 492 3156 noctem
498 3124 509 3164 ,-
519 3099 647 3154 Thebaid.
660 3099 723 3165 XII,
739 3098 787 3164 242
798 3120 805 3149 ε
816 3097 958 3172 politiorque
964 3095 1053 3169 facem
1067 3099 1147 3152 vicere
1159 3111 1196 3152 te·

156 3189 252 3250 seim
263 3182 383 3240 Juvenal.
395 3183 449 3236 Sat.
462 3183 534 3247 XIII,
550 3199 596 3234 ιη
607 3205 613 3233 :
626 3181 725 3232 vincere
736 3188 766 3230 ut
776 3177 896 3230 Stentora
905 3177 998 3250 possis,·
1009 3179 1102 3230 Horat.
1113 3181 1195 3252 Epist.

154 3269 190 3332 11,
201 3286 224 3334 r,
234 3283 299 3320 ooo:
308 3262 456 3337 pervincere
463 3279 542 3314 voca.
553 3283 564 3307 s
579 3263 743 3312 Burmannus
753 3277 814 3311 vero
824 3277 875 3330 pro
884 3257 988 3330 vulgata
999 3256 1112 3312 lectione
1122 3257 1197 3312 addi-

156 3346 272 3400 diihoee:
286 3368 298 3392 ι
308 3340 434 3414 fingit,id
445 3341 586 3406 ruralem,
601 3339 714 3394 simulat.
726 3338 783 3392 Val.
796 3339 882 3392 Flsoc.
895 3341 930 3405 11,
945 3339 1002 3392 ι3ο.
1015 3338 1073 3390 Vid.
1086 3337 1121 3390 sd
1132 3341 1195 3392 Luc.

156 3429 188 3494 V,
196 3427 255 3498 392.
263 3449 276 3474 ι
286 3423 327 3477 lbi
339 3423 459 3494 scripsit:
472 3421 612 3473 slleinsius
622 3417 772 3489 corrigebat
780 3419 872 3488 vincit,
883 3419 956 3491 quod
966 3433 993 3471 et
1003 3417 1159 3472 llarlslsndo
1169 3420 1199 3469 in

159 3519 265 3560 mentem
282 3506 363 3558 venit.
383 3500 435 3554 Sed
453 3503 509 3553 sine
525 3499 598 3554 libris
611 3500 668 3554 sola
684 3499 842 3552 emendandi
858 3499 942 3552 libido
957 3500 1018 3552 talis
1032 3499 1115 3569 fingit.
1129 3497 1195 3568 Quis

159 3589 222 3638 enim
234 3585 374 3650 librarius,
388 3585 411 3636 si
428 3581 510 3634 vincit
522 3582 677 3646 invenisset,
690 3579 752 3632 inde
763 3577 971 3652 iecissetfinqit,
987 3575 1061 3650 qnod
1074 3576 1197 3630 moendi-

157 3667 227 3718 tior-is
239 3678 422 3730 orassemus,
436 3680 487 3736 pro
502 3675 583 3734 captu
597 3660 752 3713 scribarum.
766 3683 777 3708 s
799 3661 880 3716 Hero.

189 3825 230 3878 66.
248 3827 306 3898 Ipse
317 3823 371 3876 loci
379 3832 471 3875 custos.
481 3822 521 3874 Dc
532 3822 623 3876 Curtio
633 3821 701 3872 iuter
710 3818 784 3872 divos
793 3816 876 3871 relato
886 3831 912 3870 et
922 3815 955 3869 de
966 3813 1026 3868 lacu
1036 3817 1127 3870 Curtio
1137 3813 1197 3866 vide

153 3907 259 3958 Varron.
271 3907 305 3959 de
314 3905 392 3977 Ling.
404 3903 450 3956 lat.
463 3901 750 3968 W,32;Livium,v11‚
762 3900 792 3960 6;
805 3899 912 3951 Sueton.
925 3897 992 3968 Aug.
1006 3895 1050 3964 57,
1060 3893 1149 3962 ibique
1160 3893 1197 3941 in·

151 3999 285 4060 terpretes
296 3984 426 4042 Barthius
435 3985 464 4036 in
473 3981 577 4036 ineditis
587 3981 708 4052 scripsit:
718 3981 790 4032 Fert.
800 3981 843 4032 rui
849 3981 906 4048 ios,-
918 3995 991 4031 suern
1001 3971 1125 4045 paludem
1135 3986 1196 4022 mox
