2824 4488
187 301 251 388 390
319 299 354 360 r.
372 301 408 360 r.
426 295 547 362 srnr.
565 294 679 358 srnu
696 293 784 356 nin.
802 292 875 372 111,
893 293 1034 356 nunu.
1052 293 1091 354 v.

232 430 301 492 Nec
312 423 434 492 desunt
444 423 543 490 variae
555 424 680 490 circum
692 417 911 488 oblectamine
923 420 1016 486 vitae:
1189 429 1222 499 9⁵

234 539 306 604 Sive
316 529 764 625 soporiferamblundissima
776 528 1015 611 litorn,Bnias‚

232 645 360 714 Enthes
371 643 513 711 fatidicae
525 665 585 710 seu
598 644 703 709 visere
713 656 800 708 tecta
810 638 943 731 Sibyllae

233 753 337 822 Dulce
349 755 409 836 sit,
423 752 589 845 Iliacoque
596 749 718 844 jugum
729 747 944 816 memorabile
955 769 1066 828 remo;

234 867 296 934 seu
309 863 368 930 tihi
381 861 517 930 Bacchei
529 865 638 928 vineta
653 857 820 928 madentia
830 860 933 926 Gauri

234 972 484 1067 Teleboumque
496 970 779 1064 domos,trepidis
791 969 850 1037 nbi
861 967 972 1038 dulcia
983 968 1093 1036 nautis
1177 997 1226 1033 ιοο

234 1086 375 1150 Lumina
386 1086 570 1174 noctivagos
581 1081 668 1150 tollit
679 1083 807 1150 Pharus
819 1080 939 1150 aemula
948 1079 1057 1162 lune,

234 1199 384 1288 Curaque
396 1218 463 1262 non
476 1194 569 1262 molli
577 1193 658 1287 juga
670 1194 863 1263 Surrentina
876 1196 994 1284 Lyaeo,

235 1309 423 1391 Quaemeus
435 1322 511 1374 ante
521 1305 604 1372 elios
616 1304 783 1372 habitator
795 1301 918 1370 Pollius
929 1316 1047 1393 angen

236 1415 442 1508 AEnnriaeque
452 1412 545 1482 leons
557 1413 718 1494 medicos,
731 1414 940 1504 Statinnsque
950 1425 1093 1478 renatas.

282 1521 374 1592 Mille
385 1524 446 1592 tibi
456 1540 580 1592 nostrae
592 1523 731 1592 referam
744 1520 873 1590 telluris
884 1541 1034 1588 amores:
1178 1528 1224 1580 105

237 1633 300 1704 Sed
312 1637 392 1703 sotis
404 1635 483 1718 boc,
497 1635 617 1728 conjux
628 1689 636 1718 ,
649 1636 727 1703 satis
739 1632 804 1700 hoc
816 1633 951 1712 dixisse,
963 1632 1088 1697 creavit

236 1751 293 1815 Me
305 1748 381 1828 tibi,
393 1772 448 1816 me
461 1751 588 1820 socium
600 1746 718 1839 longos
730 1745 907 1814 adstrinxit
918 1746 953 1812 in
964 1765 1089 1810 annos:

236 1861 354 1923 Nonne
363 1856 435 1924 haec
446 1857 623 1926 amborum
634 1859 792 1948 genitrix,
805 1855 968 1949 altrixque
979 1852 1085 1920 videri

236 1970 365 2058 Digna?
377 1968 434 2034 sed
446 1971 596 2060 ingratus
609 1971 666 2062 qui
677 1966 775 2060 plura
787 1965 945 2046 adnecto,
957 1965 1091 2056 tuisque

235 2075 386 2144 Moribus
398 2075 569 2144 indubito:
584 2080 713 2158 venies,
727 2079 897 2144 carissima
909 2073 1050 2166 conjux,
1179 2101 1226 2138 uo

206 2264 208 2274 y
237 2188 488 2279 Proeveniesque
500 2189 597 2252 etiarn
611 2211 618 2250 :
631 2188 703 2253 sine
714 2209 769 2253 me
780 2185 840 2252 tibi
852 2185 972 2251 ductor
983 2205 1148 2277 aquarum

236 2289 374 2386 Tybris,
387 2309 420 2362 et
430 2295 577 2362 armiferi
589 2291 773 2368 sordebunt
784 2312 872 2363 tecta
883 2295 1023 2378 Quirini.

189 2453 683 2525 noniusGraia5pnterexopposirione.
730 2476 790 2530 que,
803 2455 872 2507 etad
886 2475 967 2527 marg.
983 2455 1140 2507 Termarum.
1153 2451 1223 2504 Edit.

190 2529 313 2583 Similiter
322 2529 412 2582 Sidon.
423 2531 596 2604 Apollinaris,
605 2551 685 2584 carm.
729 2554 769 2606 pr.
783 2535 957 2608 AEnan'oeque.
976 2535 1007 2584 A.

190 2605 291 2673 xxm,
312 2621 362 2678 99,
384 2611 532 2682 «rigorque
551 2611 686 2662 Romanus
770 2613 825 2678 106.
845 2613 897 2666 Sed
906 2614 965 2666 saris
977 2613 1037 2677 lioc,
1048 2613 1159 2683 conjux,
1169 2611 1229 2662 satis

190 2689 240 2740 fuir
251 2687 339 2741 Attico
351 2692 377 2742 in
390 2689 488 2762 lepore.
500 2715 511 2738 ι
525 2691 564 2744 De
574 2711 689 2745 commu·
733 2689 780 2742 loc
790 2691 886 2743 dixisse.
894 2693 931 2742 lta
941 2689 1019 2762 vulgo
1030 2690 1132 2762 legitur.
1143 2689 1226 2742 Parin.

190 2769 289 2820 tatione
301 2767 397 2820 herum
410 2788 504 2822 vocum
519 2769 572 2822 dixi
588 2769 688 2842 aliquid
735 2768 805 2823 used
827 2771 889 2821 satis
911 2767 967 2820 haec
987 2771 1085 2840 conjux
1105 2771 1168 2820 satis
1190 2779 1229 2819 est

192 2845 225 2899 nd
241 2843 301 2901 silv.
319 2847 358 2916 ll,
376 2866 406 2915 n,
418 2867 442 2899 v.
457 2847 508 2918 96,
526 2849 571 2900 ubi
584 2869 632 2920 pur
646 2869 688 2901 er·
732 2848 833 2902 dixisse.
843 2873 854 2896 ι
866 2851 940 2900 Rom.
955 2847 1025 2900 ·sed
1034 2849 1096 2899 satis
1106 2847 1157 2900 hoc
1167 2865 1229 2899 con·

192 2945 248 2994 ror,
259 2944 337 2998 supra
346 2964 354 2991 ,
364 2945 423 2998 pag.
437 2929 495 2980 218.
507 2958 542 2968 -
551 2927 618 2980 Cod.
630 2930 687 2980 Per.
729 2929 776 2998 jux
789 2927 850 2978 saris
863 2925 965 2977 dixisse.
977 2948 988 2971 n
1005 2925 1116 2996 Vulgata
1128 2927 1226 2994 optime

192 3005 254 3058 edit.
264 3009 349 3082 princ.
357 3019 432 3081 yrata
441 3007 687 3061 licentinmiseet.d.
733 3018 787 3069 est;
801 3005 854 3071 its,
867 3008 1006 3076 Propemp.
1021 3003 1103 3054 Celer.
1119 3021 1143 3054 v.
1163 3019 1230 3072 129,

231 3085 287 3150 104.
308 3087 357 3138 Pro
377 3087 559 3160 ans-iisque,
581 3087 689 3138 Domitii
736 3105 747 3127 u
758 3085 814 3134 Hoc
830 3101 894 3148 nos,
911 3081 964 3134 hoc
980 3083 1073 3139 iteruin
1087 3091 1187 3132 stantes
1203 3082 1228 3130 in

191 3158 687 3237 nodhabebantTanammque3Pam,
732 3158 808 3212 litore
825 3179 914 3213 versos
932 3163 1075 3214 Cernemus
1095 3157 1226 3219 fluctuem·

190 3235 380 3313 Denarumque.
398 3241 615 3292 Emendationem
633 3241 689 3291 Do-
733 3238 779 3290 ubi
790 3238 847 3290 ride
859 3258 915 3310 quc
926 3241 1024 3292 notari.
1041 3270 1077 3279 -
1093 3238 1157 3293 Cod.
1171 3239 1228 3290 Par.

191 3319 257 3368 midi
271 3319 408 3370 confirmat
422 3318 535 3382 Plinius,
549 3321 613 3370 Hist.
626 3321 687 3369 Nat.
733 3317 775 3370 ed.
784 3339 821 3391 pr.
834 3317 975 3372 «Sedsnds
982 3318 1037 3372 hmo
1044 3321 1159 3392 conjunx
1168 3320 1229 3370 satis

191 3391 278 3462 XXX,
291 3409 321 3448 22
338 3397 387 3448 «lu
398 3397 501 3448 AEnnria
511 3394 594 3448 insula
605 3396 689 3449 calcu·
733 3411 780 3449 est.
792 3420 803 3443 n
824 3399 855 3449 A.

189 3471 687 3546 losismederiproduntursquae.»Bone
771 3491 827 3526 110.
847 3477 896 3526 Pro
911 3477 1054 3543 can'ssima,
1072 3473 1131 3527 eod.
1147 3475 1229 3528 Paris.

190 3555 268 3622 igitur
277 3551 347 3604 lacus
358 3551 475 3603 medicor.
487 3555 587 3606 Auctor
600 3567 687 3606 tamen
733 3565 758 3604 et
771 3553 811 3606 ed.
824 3574 864 3626 pr.
874 3556 1027 3628 qratissima.
1044 3555 1077 3606 A.

191 3629 688 3700 AEmae‚v.428,producirsecundam
771 3649 827 3683 111.
847 3636 896 3684 Pro
919 3635 1109 3704 pruveniesque
1134 3633 1230 3694 eriam,-

190 3705 307 3761 AE'norioe
320 3707 445 3782 syllabam
457 3732 463 3760 :
482 3732 492 3756 ι
503 3713 605 3764 Dicitur
620 3711 688 3764 indi·
732 3714 845 3776 sioome,
857 3727 907 3764 etc.
917 3713 1001 3764 Pnrm.
1008 3714 1139 3783 pervenies
1146 3715 1232 3764 elsine

189 3790 235 3841 ciis
244 3785 468 3860 flagransissnnriu
481 3789 624 3861 quondam.
634 3815 688 3837 n-
733 3810 773 3841 me
779 3813 787 3851 ;
803 3791 876 3842 Rom.
889 3793 1030 3865 pervenies.
1043 3823 1079 3831 -
1089 3791 1157 3844 Cod.
1174 3793 1230 3843 Par.

189 3863 254 3920 cod.
268 3867 347 3918 Paris.
363 3867 390 3916 in
405 3877 547 3932 contextu,
561 3867 687 3920 AEuarr'oe·
732 3881 757 3920 et
770 3867 811 3920 ed.
825 3888 864 3938 pr.
880 3871 1065 3946 Perveniesque
1076 3888 1098 3921 e.
1112 3889 1130 3922 r.
1145 3891 1180 3921 m.
1199 3873 1230 3922 A.

601 3995 818 4032 -..ooo-Q
876 4047 879 4054 Ι
