2782 4486
204 339 1250 378 wmummwmumwwuumnnmmummmw

621 585 829 688 NOTAE

235 858 289 933 IN
315 855 537 934 CARMEN
563 857 820 960 QUINTUM
845 860 992 936 LIBRI
1019 862 1217 962 QUINTI

599 1093 851 1158 SILVARUM.

207 1633 217 1656 ⁶
228 1598 382 1684 Eucmsou
394 1645 421 1682 ttt
429 1645 534 1684 nunu!
543 1644 621 1682 suun.
634 1630 788 1702 Epicedinm
799 1642 839 1682 est
850 1631 877 1682 in
888 1647 1016 1702 puerum,
1028 1649 1108 1704 quem
1119 1635 1246 1687 infantem

210 1711 310 1778 amisit,
322 1729 405 1782 quum
417 1709 582 1782 adoptasset,
595 1710 672 1762 simul
681 1729 711 1762 ac
720 1723 799 1764 natus
808 1724 856 1763 est.
867 1711 963 1763 Dourr.

241 1879 318 1930 vm.
350 1889 372 1926 ι.
393 1876 485 1949 Neque
503 1875 573 1927 euim
592 1875 673 1928 ontis
687 1873 830 1927 solennibus
848 1873 906 1926 ullu
925 1875 1074 1946 Incipiam,
1094 1893 1142 1926 nee
1165 1875 1248 1928 caste

208 1956 267 2024 lioe,
285 1969 335 2010 etc.
360 1958 440 2009 Recte
458 1970 619 2009 monuerunt
634 1958 683 2008 riri
700 1955 843 2008 doctissimi
860 1958 929 2007 Petr.
949 1957 1090 2008 Scriverius
1107 1970 1133 2008 et
1149 1957 1246 2008 uectus

208 2038 342 2086 Pomanus
358 2033 527 2085 scribendum
542 2051 615 2100 esse,
636 2050 742 2105 sueque
760 2035 829 2085 enim
842 2032 928 2086 verbis
942 2032 1095 2085 solennibus
1108 2032 1161 2085 ulla
1179 2034 1247 2086 luci-

207 2115 278 2185 piam
293 2131 363 2164 nunc
371 2149 380 2176 ‚
396 2111 530 2179 Custelioe,
546 2126 596 2165 etc.
608 2136 619 2158 ι
639 2114 771 2165 referente
788 2112 936 2178 Gronorio,
950 2113 1032 2164 Distr.
1045 2111 1093 2178 60,
1108 2112 1155 2164 ubi
1168 2114 1245 2163 etiam

207 2204 281 2243 notet
301 2189 439 2243 artificium
457 2191 574 2261 Papinii,
594 2188 667 2260 quod
685 2193 712 2242 in
730 2191 883 2260 grauissimo
901 2189 974 2242 luctu
992 2189 1129 2261 suspendit
1143 2209 1246 2244 versum

207 2269 268 2336 illc,
284 2267 417 2340 Incipiam
431 2286 517 2334 nuuc,
531 2270 608 2338 qussi
620 2267 738 2339 singultu
751 2272 942 2341 interstinguut.
957 2270 1125 2322 Verissimum
1138 2269 1204 2321 boc:
1218 2283 1244 2320 et

208 2347 298 2401 similis
307 2367 349 2401 urs
359 2362 398 2401 est
407 2345 467 2401 Silr.
477 2345 551 2414 11,6,
564 2363 609 2414 η,
619 2365 676 2419 sqq.
686 2347 733 2400 ubi
743 2367 834 2402 versus
846 2351 925 2401 etium
937 2349 1054 2420 singultit
1065 2363 1092 2401 et
1101 2351 1243 2418 frangitur:

657 2486 679 2500 ..
690 2487 695 2497 .
705 2487 711 2499 .
720 2469 750 2499 nc
760 2455 885 2518 comprime
895 2454 976 2510 fletus,

391 2525 427 2570 tte
436 2523 537 2585 pudent:
547 2535 640 2586 rumpas
648 2524 726 2570 frenos
736 2523 804 2571 dolor
812 2527 867 2581 iste3
879 2527 979 2585 (Deisne

394 2595 450 2641 IIei!
461 2605 507 2642 taut
517 2593 576 2640 dure
584 2593 704 2657 placenti)
713 2593 832 2641 hominem
841 2597 924 2657 pomis,
937 2595 988 2659 (hei
998 2595 1066 2642 milri!
1075 2595 1150 2644 subdo

289 2715 295 2729 1
392 2665 445 2725 Ipse
454 2664 528 2724 lueet)
539 2663 668 2721 hominem,
677 2665 750 2720 Urse,
759 2676 826 2712 tuum
834 2667 872 2711 uui
882 2665 951 2714 dulce
960 2663 1046 2713 volenti

392 2735 524 2781 Servitium.

209 2833 239 2884 ln
253 2828 293 2882 his
309 2829 449 2882 aflectibus
464 2827 654 2901 exprimendis,
667 2830 766 2880 nemini
780 2841 936 2900 poetarum,
950 2841 980 2881 ut
994 2829 1058 2882 mihi
1071 2827 1188 2894 ridetur,
1205 2841 1248 2880 c'e·

210 2907 249 2960 dit
259 2909 366 2962 Statius.
380 2909 431 2960 Pro
444 2906 515 2975 ullu,
531 2906 653 2960 Barthius
667 2907 749 2960 voluit
763 2907 830 2960 ultra
837 2932 847 2970 ,·
862 2908 907 2962 sed
922 2909 1051 2962 refellitur
1065 2929 1081 2961 e
1091 2928 1155 2961 socc
1167 2927 1246 2961 nunc.

248 3070 287 3123 13.
306 3069 366 3121 Huc
380 3079 465 3139 patres
476 3079 502 3119 et
512 3078 601 3140 aperto
610 3081 713 3140 pectore
723 3080 816 3122 matres
829 3069 1003 3136 Conveniunt,
1014 3070 1160 3142 cineresque
1170 3067 1250 3122 oeulis

209 3159 235 3199 et
245 3150 363 3200 cumina
368 3148 446 3219 ferte.
462 3148 680 3216 Corruptissimus
691 3147 774 3199 locus.
792 3149 825 3199 Et
839 3149 969 3218 primunt,
985 3165 1034 3218 pro
1049 3159 1138 3220 aperto
1150 3158 1250 3219 pectore

210 3227 279 3278 lorte
289 3225 430 3297 legendnm
441 3228 536 3296 apertu
544 3237 664 3298 pectora,
674 3237 704 3276 ut
712 3224 784 3296 spud
790 3225 914 3278 Ovidium
924 3242 1002 3296 equo
1011 3225 1068 3277 hec
1079 3239 1163 3278 sumto
1174 3239 1249 3292 tunt,

210 3307 316 3358 Metam.
330 3305 406 3375 XIII,
417 3305 468 3376 687
482 3319 574 3376 etseq.

395 3415 456 3459 Ante
465 3411 547 3458 urbem
557 3412 683 3474 emeqniu,
693 3409 833 3472 mulque,
843 3413 969 3473 anetque‚
978 3411 1088 3472 rogique,

394 3484 524 3546 Elinsaeqne
534 3499 625 3539 comas,
635 3495 658 3529 et
667 3495 751 3545 operte
760 3495 852 3546 pectore
861 3495 946 3529 mutt‘es
952 3502 959 3540 ς

210 3579 272 3631 licet
287 3589 375 3649 aperto
390 3592 492 3653 pectore
508 3579 578 3632 idem
591 3578 701 3646 dixerit,
712 3581 781 3631 Fest.
799 3583 848 3645 111,
871 3579 919 3646 15,
939 3603 950 3625 ·
960 3582 1038 3632 Fessa
1051 3576 1150 3632 resedit
1162 3578 1251 3645 humi,

211 3671 357 3730 ventosque
372 3660 475 3730 accepit
487 3674 579 3731 aperto
591 3661 738 3725 Pectore;»
758 3672 784 3710 et
800 3661 837 3711 itu
853 3658 916 3711 alibi
932 3677 1009 3732 sepe.
1026 3659 1099 3711 Nihil
1115 3659 1192 3726 igitur
1209 3657 1251 3710 hic

212 3737 485 3804 mutendun1‚contra
498 3744 585 3794 omnia
596 3742 761 3812 exemplaria.
775 3743 891 3794 Monstra
901 3753 991 3794 eutem
1002 3753 1062 3793 sunt
1072 3759 1128 3812 quse
1141 3757 1252 3810 sequun-

213 3835 269 3890 tur,
285 3823 430 3892 cineresque
445 3818 527 3874 oculis
540 3833 565 3874 et
579 3823 697 3874 carmina
709 3823 789 3894 ferte.
809 3821 951 3887 Quomodo
963 3824 1033 3875 enim
1044 3822 1148 3893 ferrem
1159 3821 1252 3871 cineres

213 3899 313 3955 oculis?
323 3921 356 3953 un
367 3918 492 3953 execrare
504 3920 549 3952 eos
560 3900 644 3954 voluit
656 3902 774 3955 Statius?
785 3904 880 3955 eineres
890 3901 996 3972 quidem
1006 3904 1080 3976 penis
1091 3915 1116 3952 et
1128 3897 1252 3972 capitibus

214 3993 314 4048 gesture
327 3980 417 4033 solitus
429 3993 528 4033 veteres
540 3983 566 4034 in
578 3980 656 4033 rebus
669 3980 796 4034 luctuosis
810 3983 974 4034 itotissimurn
988 3997 1041 4038 est:
1059 3981 1118 4032 ride
1132 3997 1188 4051 que
1205 3997 1252 4028 no-
