2824 4488
191 306 256 374 366
344 305 451 369 NOT.
471 305 521 368 IN
539 303 681 368 CARM.
703 305 759 368 Ill
779 304 867 368 LIB.
886 305 944 368 Ill
963 305 1078 370 SIL'V.

189 437 227 486 lta
238 450 333 504 supra,
345 451 368 481 ν.
383 447 426 499 77,
438 447 488 500 pro
498 430 582 482 maior
592 429 708 482 dimissas
720 428 748 480 ia
758 445 847 494 axem,
859 431 945 480 Parm.
956 428 1039 481 habet
1049 431 1159 501 paritor.
1172 432 1231 484 Dixi

188 531 282 583 supra,
293 511 328 563 ml
337 510 429 562 Giano.
440 509 540 574 Atedii,
551 527 576 560 r.
586 524 635 577 90,
646 507 692 562 ubi
699 528 750 580 pro
760 509 844 561 maior
852 508 958 574 Peleus,
967 509 1080 581 probari
1090 509 1231 580 legendnm

188 612 243 646 esse
255 591 355 664 partitor
368 589 469 644 Peleus.

133 797 137 804 .
225 753 284 804 21&
306 750 358 802 Hic
375 767 446 802 sacra
466 747 550 800 litabit
567 750 703 809 Manibus‚·
722 768 786 821 eque
799 761 844 801 tcta
863 749 994 802 tumulum
1016 750 1107 802 tellure
1125 749 1228 802 levabit.

187 835 272 903 ispe,
288 855 300 878 a
311 831 392 901 inqua
408 843 452 881 tua
470 826 617 894 tumulum,
633 841 708 880 etam
723 828 820 882 Sensus
838 843 894 882 est:
913 829 972 893 hic,
990 832 1018 882 in
1035 829 1125 896 italia,
1145 828 1231 882 litabit

187 913 312 966 Manibus
323 913 391 973 tuin
405 924 431 962 et
443 907 632 980 cenotaphium
645 909 692 964 tibi
704 923 820 963 exstruet
832 911 859 964 in
872 922 917 962 aaa
929 909 1031 978 tellure,
1045 913 1169 983 Smyrna,
1182 924 1229 962 tuo

187 992 277 1065 gentili
290 991 356 1044 solo.
369 992 456 1042 Notus
467 1003 586 1042 veterum
599 1009 656 1042 mor
668 989 829 1061 cenotaphia
843 991 1022 1044 constituendi
1032 992 1123 1043 amicis
1134 990 1231 1042 defan-

187 1075 252 1135 ctis;
266 1075 301 1124 ita
315 1075 409 1124 AEnees
423 1068 582 1140 Deiphobo,
596 1067 685 1140 virgil.
699 1071 757 1121 AEn.
770 1073 820 1136 vl,
835 1069 902 1124 50⁵:
918 1073 1015 1124 r'Tunc
1026 1083 1132 1141 egomet
1141 1084 1230 1121 tumu-

187 1153 242 1204 lum
259 1151 368 1204 Rhoeteo
385 1149 503 1202 inlitora
519 1151 625 1200 inanem
639 1151 808 1211 constitum
826 1149 1013 1203 Andromache
1027 1151 1150 1214 Hectori,
1169 1151 1227 1202 AEn.

188 1235 237 1298 111,
249 1232 317 1298 304ς
330 1233 430 1282 Procne
444 1227 609 1294 Philomelae,
622 1228 698 1282 Ovid.
711 1233 820 1282 Metam.
833 1233 884 1296 Vl,
898 1231 963 1283 5682

371 1337 404 1380 Ut
411 1335 508 1382 lacrima
517 1333 594 1379 iecere
605 1333 687 1390 iidem,
697 1335 810 1382 velamina
820 1338 909 1382 Procm

371 1409 461 1469 Deripit
470 1421 498 1452 cx
507 1405 608 1451 humeris
618 1421 676 1451 auro
685 1405 799 1468 fulgentia
806 1405 865 1462 lero,

371 1479 522 1541 luduiturque
531 1490 593 1524 atras
602 1489 690 1534 restes,
700 1491 723 1525 et
733 1481 802 1525 inrue
811 1479 941 1542 sepulcrum

372 1551 509 1606 Quarum,
518 1548 628 1612 falsisque
637 1549 728 1612 piacula
737 1550 846 1597 Manibus
855 1549 936 1596 infert:

185 1654 222 1703 ita
236 1649 375 1721 legendnm
389 1661 415 1700 ct
426 1646 655 1718 distinguendum
669 1645 764 1717 vulgo,
781 1669 793 1692 ι
803 1649 836 1699 Εῐ
848 1646 960 1699 lacrimae
973 1645 1061 1696 iecere
1076 1644 1169 1696 lidcrn:
1181 1665 1227 1696 rc·

186 1730 298 1794 lamina,
313 1741 386 1781 etc.»
403 1727 449 1780 sed
459 1730 516 1797 jam
531 1726 609 1778 video
625 1727 761 1778 Heinsinm
776 1729 845 1778 curis
859 1726 981 1779 secundis
998 1724 1050 1776 hoc
1066 1743 1225 1796 occupasse:

186 1813 303 1861 Priamus
316 1811 426 1872 AEsaco,
438 1809 502 1858 Met.
517 1807 580 1873 Xll,
593 1825 616 1858 a.
630 1806 696 1858 Vide
708 1809 850 1875 Nostrum,
861 1807 946 1858 Theb.
962 1806 1025 1871 ΧΠ,
1041 1805 1098 1858 ¹60·
1115 1805 1226 1875 Elegans

186 1892 213 1940 in
225 1889 294 1941 hanc
307 1905 363 1940 rem
376 1889 544 1957 Epigramma
561 1899 643 1939 exstat
657 1884 833 1955 Antholopia,
850 1888 901 1951 ΠΙ,
915 1903 961 1938 ra:
975 1884 1024 1936 Nci
1039 1884 1133 1951 unca
1146 1905 1226 1955 ‹rapo-

185 1969 244 2022 sira
251 2006 259 2029 ,
275 1981 324 2020 etc.

222 2129 281 2180 215.
296 2128 389 2179 Nostra
401 2141 504 2197 qaoque
514 2125 632 2197 exemplo
645 2126 741 2178 meritis
752 2127 798 2178 tibi
809 2127 927 2178 cannino
937 2126 1028 2178 sancit.
1039 2123 1135 2177 Nullus
1147 2127 1174 2178 in
1184 2123 1224 2175 lais

184 2227 285 2260 sensus.
300 2207 465 2269 Gronovius,
479 2207 562 2257 Diatr.
577 2221 600 2255 c.
614 2203 665 2271 33,
683 2211 851 2278 conjecerat,
864 2206 984 2279 exempla
995 2207 1114 2273 meritus,
1128 2205 1155 2258 itl
1170 2219 1224 2271 est,

185 2289 301 2340 carmina
315 2304 371 2358 quae
384 2284 505 2355 exemplo
517 2285 622 2355 pictatis
636 2305 688 2338 suar
700 2289 807 2353 meruit,
821 2287 922 2340 anobis
934 2287 1039 2351 elicuit3
1052 2301 1137 2339 recte:
1150 2289 1224 2338 etita

184 2371 272 2420 inveni
282 2368 309 2418 in
318 2367 459 2418 Parmensi.
472 2365 513 2418 Sic
522 2366 549 2415 in
562 2363 663 2418 Phileto
673 2368 749 2434 Ursi,
761 2387 784 2418 v.
796 2385 845 2438 97,
860 2368 996 2420 «Eximius
1007 2367 1067 2418 licet
1078 2366 1120 2418 ille
1129 2367 1222 2429 animi,

185 2451 346 2520 meritusque
360 2444 495 2511 dolorem,
507 2443 619 2497 Solvisti.
632 2469 642 2494 r
659 2447 710 2496 Pro
722 2448 820 2514 sancit,
836 2467 886 2519 ego
899 2449 1063 2516 conjeceram
1076 2445 1173 2511 sanxit,
1192 2457 1222 2496 ut

185 2531 302 2600 ejusdem
315 2531 347 2582 sit
358 2529 481 2600 temporis
492 2546 545 2601 quo
556 2526 583 2578 ri
596 2528 702 2582 danaae
711 2548 787 2582 versu
799 2531 932 2602 sequenti;
946 2544 972 2582 et
982 2529 1035 2582 hoc
1044 2546 1149 2601 quoquc
1161 2546 1223 2578 con-

184 2609 268 2661 firmat
281 2605 443 2675 Parmensis,
458 2627 514 2682 quas
531 2607 601 2662 clare
615 2608 696 2662 habet
709 2612 802 2664 sanxit.
821 2611 848 2662 si
864 2612 1010 2681 scripsisset
1025 2611 1120 2674 sancit,
1131 2607 1224 2660 debuit

184 2689 262 2740 etiarn
274 2687 382 2754 donam,
394 2705 449 2737 non
461 2687 573 2740 dome
586 2687 644 2738 Hoc
655 2687 785 2759 sepulcro,
797 2687 825 2738 id
839 2701 895 2754 est,
910 2688 958 2740 lroc
971 2688 1067 2741 honoro
1078 2683 1222 2760 sepulcrali.

183 2764 336 2838 Sepulcrum
355 2777 433 2816 vocat
451 2765 548 2822 Statius
567 2765 694 2839 quicquid
711 2767 739 2817 in
756 2766 886 2818 honorem
904 2769 1002 2819 mortui
1020 2765 1171 2843 perfinitum
1188 2766 1224 2815 ita

182 2844 266 2898 raes.
280 2845 332 2911 n,
347 2844 413 2898 5632

499 2984 504 2994 .
515 2985 520 2995 .
531 2987 536 2996 .
547 2987 552 2996 .
562 2952 639 2997 reniet
647 2952 720 2996 cineri
730 2951 812 3008 decus,
824 2963 847 2996 et
856 2967 910 2998 suus
920 2950 978 2996 ordo

368 3021 490 3068 Manibus:
500 3021 588 3068 interea
599 3023 670 3082 justos
680 3023 734 3068 dum
745 3023 862 3070 reddimus
871 3024 947 3085 ignes,

367 3094 417 3138 Hor
425 3091 487 3139 ultor
495 3095 617 3156 Capaneus
626 3095 701 3155 operit
710 3105 750 3139 tm
759 3093 861 3140 membra
870 3091 993 3155 sapuimus

183 3186 230 3238 nbi
244 3185 297 3238 hoc
308 3187 452 3257 sepalamm
464 3189 530 3241 nihil
547 3189 618 3241 aliud
630 3191 681 3241 fuit
694 3207 772 3259 quam
791 3207 863 3241 arma
882 3192 1001 3262 Hypseos
1014 3207 1071 3260 quse
1083 3189 1223 3260 Capaneus

184 3267 288 3322 tenebat
302 3286 381 3344 super
393 3271 509 3322 occisum
521 3271 745 3343 Hippomedonta.
760 3273 802 3324 Sic
814 3271 926 3325 Geneth.
941 3276 1039 3326 Lucan.
1051 3291 1076 3322 v.
1091 3289 1139 3342 70:

458 3379 494 3428 Ta
504 3377 616 3424 Pelusiaci
625 3375 699 3424 scelus
709 3378 799 3440 Canopi

458 3447 559 3496 Deflehis
568 3448 633 3514 pius,
643 3460 667 3494 ct
676 3448 752 3494 Plraro
762 3459 857 3496 cruenta

458 3517 567 3578 Pompeio
576 3517 641 3564 dabis
651 3517 716 3565 altius
725 3517 870 3581 sepulcrum

180 3614 280 3666 Lucani
289 3613 454 3666 Pharsaliam
461 3611 689 3684 rocetsepalcrum
697 3615 824 3687 Pompeii
833 3615 971 3670 Claudiam.
980 3617 1062 3689 Epist.
1072 3614 1106 3668 ad
1114 3614 1221 3667 Adrion.

180 3712 203 3743 v.
220 3710 259 3762 17,
274 3693 307 3746 de
320 3691 483 3747 Alexandro:

365 3833 369 3840 .
381 3831 385 3840 .
397 3831 402 3840 .
412 3830 417 3840 .
426 3795 522 3839 Darium
531 3795 621 3842 famulis
630 3799 736 3844 manibus
745 3799 845 3845 doluisse
854 3814 984 3861 peremtum

363 3867 459 3920 Fertur,
471 3867 592 3930 etingenti
601 3867 686 3917 colatur
695 3871 741 3918 latr
751 3870 865 3933 sepuloea.

445 4033 947 4070 »umanum-*m-
