2850 4488
209 297 1248 328 ἉΜΜΜΜΜΜΜΨΜΜΜΜΜΜΜΜΜΛΜ

624 518 831 623 NOTAE

231 777 286 852 IN
305 773 527 854 CARMEN
548 773 822 878 QUARTUM
841 779 989 856 LIBRI
1008 778 1220 882 QUARTl

596 992 852 1059 SILVARUM.

202 1543 212 1567 ’
226 1507 283 1596 An
295 1547 327 1598 V.
341 1547 519 1612 Minentur,
534 1559 583 1597 etc·
605 1547 643 1598 Ex
655 1545 815 1616 Campania,
833 1563 888 1617 quo
902 1564 950 1618 per
967 1559 1081 1600 testatem
1092 1564 1243 1604 secesserat

200 1625 308 1694 ludens,
318 1646 423 1681 carmen
434 1625 466 1678 ad
475 1627 622 1678 Victorium
631 1625 786 1678 Marcellum
795 1625 875 1676 mittit
880 1625 895 1692 ‚¹
900 1644 978 1696 quem
988 1627 1126 1681 discedens
1137 1632 1165 1682 in
1176 1631 1243 1684 urbe

199 1707 350 1779 reliquerat
364 1705 415 1758 Sed
423 1708 479 1775 jam
490 1717 567 1775 putat
577 1723 636 1756 eum
649 1723 756 1775 quoque
768 1705 906 1758 secessisse
916 1706 1030 1776 aliquem
1042 1710 1069 1760 in
1080 1707 1169 1761 locum
1181 1729 1243 1763 curu

199 1784 277 1838 Gallo
293 1788 386 1838 amico.
398 1786 464 1848 llio,
477 1784 632 1854 imperatori
642 1784 795 1836 Domitiano
807 1801 901 1850 carus,
914 1784 1014 1837 Latium
1027 1789 1080 1838 Vise
1097 1775 1243 1841 sternenda

197 1881 289 1916 curam
302 1874 462 1933 susceperat.
475 1861 601 1933 Papinius
613 1879 678 1934 opes
690 1865 747 1934 ejus
758 1860 864 1928 laudat,
876 1875 903 1914 et
913 1863 980 1915 vires
992 1875 1068 1935 aptas
1079 1863 1163 1917 bellis.
1176 1868 1242 1919 Poe·

197 1957 285 1997 tarum
297 1962 360 1996 vero
374 1945 495 1995 inertiam
506 1943 658 2006 miseratur;
673 1944 717 1996 cui
728 1944 848 1996 facinora
862 1943 984 1997 militaria
995 1944 1073 2018 longe
1086 1949 1242 2017 anteponit,

196 2038 227 2077 ut
240 2022 391 2076 blandiatur
399 2023 541 2076 Marcello:
556 2023 672 2095 denique
685 2027 721 2077 ait
733 2043 760 2078 se
771 2025 921 2096 per-senisse
931 2024 967 2076 ad
978 2027 1074 2078 exitum
1084 2026 1241 2096 Thebaidis,

196 2117 223 2156 ct
238 2101 359 2157 meditari
372 2103 560 2169 Achilleidam3
577 2103 626 2158 sibi
639 2123 696 2158 esse
707 2105 736 2157 iu
747 2106 833 2157 animo
846 2103 960 2158 scribere
970 2119 1044 2180 gesta
1055 2109 1224 2179 Imperatoris
1231 2128 1239 2170 ς

196 2183 246 2238 sed
257 2183 410 2238 Marcellum
421 2185 550 2254 consulit,
564 2205 598 2239 an
610 2187 643 2238 ait
654 2205 704 2259 par
715 2198 789 2240 tanto
801 2185 905 2258 bonuti.
925 2189 1023 2240 Donrr.

230 2329 307 2381 Vsus.
326 2345 347 2380 ι.
362 2328 490 2382 Euboicos
501 2329 710 2401 campos.Virgil.
720 2329 833 2396 AEnv1,
847 2347 875 2393 ²3
890 2329 1012 2381 Euboicis
1021 2329 1072 2381 oris
1083 2329 1238 2398 Cumarum,

196 2409 257 2479 quia
277 2409 388 2462 Cumani
406 2408 440 2461 ab
457 2406 577 2461 Euboica
594 2407 720 2461 Chalcide
740 2409 867 2478 originem
887 2405 1005 2460 trahunt.
1020 2406 1080 2459 Vid.
1102 2420 1166 2460 tom.
1188 2411 1239 2475 ΠΙ,

197 2505 259 2560 pag.
276 2487 599 2555 101,Editionisnostrae.
612 2490 660 2540 En.

229 2627 255 2679 6.
274 2629 357 2700 lydia
374 2631 439 2700 ripa.
458 2630 584 2697 Designat
602 2627 712 2680 domum
730 2627 865 2695 Marcelli,
885 2647 943 2700 quse
958 2630 1033 2698 juxta
1053 2627 1237 2682 naumachiam

193 2717 252 2757 erat
261 2706 420 2758 Domitiani:
432 2722 465 2756 es
476 2716 564 2758 autem
576 2718 632 2756 erat
639 2708 715 2776 juxta
726 2704 850 2756 Tiberim.
870 2707 966 2768 Dorum.

229 2845 272 2899 23.
285 2845 454 2918 Metalliferoe
462 2847 550 2898 Lunoe.
560 2845 649 2910 Luna,
659 2846 768 2897 Etruriae
778 2844 923 2917 oppidum,
933 2847 1032 2918 ingenti
1043 2860 1135 2917 portu,
1144 2849 1172 2898 in
1182 2865 1235 2918 quo

192 2941 250 2982 erat
260 2927 458 3000 receptaculum
468 2927 586 2978 omnium
596 2926 678 2977 ferme
690 2926 736 2997 qui
747 2943 819 2977 mare
831 2926 994 2996 Ligusticum
1005 2924 1178 2996 navigabun13
1189 2945 1236 2978 cc-

191 3009 237 3081 pia
256 3009 393 3060 marmoris
410 3005 606 3072 candidissimi,
624 3003 776 3076 ingentibus
791 3006 860 3057 saxis
874 3005 997 3076 integris,
1014 3003 1085 3057 unde
1098 3003 1194 3057 tabule
1208 3019 1235 3058 et

191 3083 320 3138 columnae
333 3083 421 3140 solida
432 3083 538 3137 fiebant.
558 3085 655 3136 Dour.

226 3226 270 3282 26.
289 3227 564 3301 Indescnusqemr'ncs
574 3224 642 3276 milri
652 3223 744 3276 circuit
753 3242 833 3278 aures.
845 3223 957 3296 Insignis
967 3222 1011 3276 bic
1022 3223 1098 3277 locus
1109 3222 1143 3276 de
1155 3225 1234 3278 stulta
1259 3259 1262 3264 n

189 3318 308 3358 veterum
323 3307 464 3379 opinione,
478 3323 534 3377 qua
547 3302 730 3356 existimabant
743 3320 820 3355 aures
836 3303 868 3355 iis
884 3303 994 3368 tinnire,
1009 3303 1042 3358 de
1058 3303 1154 3376 quibus
1170 3302 1233 3356 alibi

190 3386 289 3440 mentio
301 3385 389 3440 fiebat.
402 3387 484 3438 Vetus
496 3397 576 3456 poeta
587 3383 656 3436 inter
667 3381 804 3436 Catalccta
814 3382 932 3454 Virgilii:

374 3479 471 3527 Garrula
480 3514 486 3537 ,
497 3479 555 3544 quid
563 3479 618 3526 tutis
626 3493 721 3526 resonas
729 3478 787 3525 mibi
796 3478 904 3526 noctibus
912 3480 991 3527 auris?

407 3551 489 3597 Nescio
499 3565 568 3614 quem
577 3549 634 3596 dicis
643 3564 705 3595 uuuc
715 3549 845 3596 meminisse
855 3553 909 3596 mel.

374 3623 416 3668 llic
426 3623 477 3686 quis
486 3623 515 3669 sit
523 3620 624 3686 queris?
631 3631 742 3667 resonant
751 3619 793 3666 tibi
802 3619 909 3668 noctibus
916 3622 1002 3669 aures?

403 3693 431 3738 Et
440 3705 551 3739 resonant
559 3692 631 3738 totis?
639 3689 705 3737 Delia
714 3701 738 3736 te
746 3688 858 3754 loquitur.

992 3753 1097 3800 Gsvnr.

224 3885 266 3952 43-
288 3887 371 3941 cessat
388 3887 495 3940 &nuni
512 3887 668 3942 moderatrix
685 3887 785 3941 Judicis
803 3887 888 3952 busta,
904 3888 961 3958 Qua
981 3885 1028 3937 tibi
1045 3882 1163 3949 sublimi,
1177 3896 1226 3934 etc.

190 3965 259 4019 llam
270 3967 412 4021 Marcellus
425 3969 475 4020 luit
485 3981 613 4040 patronus
624 3972 653 4022 in
666 3970 754 4022 causis
768 3967 839 4040 apud
852 3968 1051 4032 centumviros,
1065 3980 1178 4035 quorum
1186 3965 1231 4033 ju-
