2782 4486
389 334 519 400 LIBRI
543 332 720 414 QUINTI
745 328 997 394 SILVARUM.
1150 327 1216 395 653

354 458 472 506 Deficeret
479 458 549 503 tantis
559 457 624 502 naris
633 453 782 516 surgentibus
790 451 868 500 undis.

171 561 229 610 Hoc
238 559 317 628 igitur
325 556 499 608 certissimum
510 567 563 621 est,
575 553 683 607 Graiam
692 548 782 604 Sallen
792 569 849 603 esse
859 549 961 604 Veliam
967 572 977 612 ‚·
986 551 1137 626 maqistrurn
1146 553 1219 607 hunc

174 637 297 702 Graium,
313 635 481 687 Palinurum:
497 634 621 705 quaeritur
635 645 754 696 tantum,
772 628 908 702 quomodo
924 631 1019 683 Graius
1035 629 1090 684 dici
1104 639 1222 706 potuerit

172 734 256 789 quum
267 716 395 789 Trojunus
403 716 498 767 luerit:
508 715 626 767 Cruceus
636 713 688 779 ait,
698 711 756 764 Sive
767 711 829 783 quia
839 729 934 763 nomen
943 709 1025 762 habet
1033 712 1141 764 Graium
1147 736 1156 775 ,·
1169 719 1223 768 sive

173 799 236 869 quia
242 795 316 868 forte
328 807 383 847 erat
393 795 495 850 Grauis.
505 795 634 854 Pessime;
646 790 698 845 boc
709 793 779 844 enirn
788 790 869 843 modo
879 790 1029 861 Astyanax,
1041 804 1067 844 et
1075 791 1226 847 Alexander

173 894 220 928 seu
232 876 319 941 Paris,
335 875 417 927 Groeci
428 874 534 940 forant,
550 875 572 925 si
586 891 683 926 nomen
694 871 781 924 solum
794 873 893 923 faceret
903 870 1036 934 Graecum3
1051 886 1078 924 et
1091 872 1124 924 de
1139 874 1222 928 altero

173 953 293 1007 membro
304 955 485 1007 annotationis
495 953 652 1018 Cruceann,
666 970 748 1024 quum
758 950 792 1004 de
800 953 886 1023 patria
896 949 1013 1003 Palinuri
1024 952 1091 1005 inter
1101 968 1224 1008 auctores

174 1033 291 1098 sileatur,
301 1051 357 1085 non
366 1035 449 1103 magis
461 1031 555 1085 Graius
564 1030 659 1084 baberi
667 1043 756 1103 potest
766 1049 846 1102 quarn
856 1029 1005 1104 AEpyptius‚
1016 1049 1095 1103 quarn
1104 1032 1223 1100 Colchus,

176 1130 255 1183 quarn
262 1113 385 1184 Assyrius.
393 1112 501 1165 Dudum
509 1111 624 1165 videram
631 1111 743 1164 Statium
753 1113 902 1184 scripsisse,
916 1108 1061 1182 :Phrygius
1072 1129 1124 1183 qua
1133 1130 1226 1185 puppe

175 1195 298 1264 magister
308 1192 448 1256 Excidit„
463 1211 494 1245 ex
506 1193 631 1261 Lucano,
643 1191 695 1259 IX,
707 1192 752 1262 41,

441 1336 446 1346 .
458 1336 463 1346 .
474 1337 479 1348 .
490 1300 559 1348 .binc
569 1299 665 1364 placidit
674 1298 722 1346 alto
731 1299 848 1346 delabitur
857 1301 919 1345 aurit

361 1374 388 1418 ln
397 1371 463 1428 litus,
474 1370 595 1426 Palinure,
605 1381 688 1428 tuum;
700 1387 776 1435 neque
787 1372 850 1416 enim
859 1385 953 1432 equore
963 1381 1051 1418 tantum

363 1444 467 1490 Ausonio
476 1455 625 1488 monumenta
635 1453 701 1489 tenes
709 1458 717 1497 ;
726 1453 856 1505 portusque
866 1442 957 1506 quietos

362 1513 471 1568 Testatur
479 1513 550 1576 Libye
560 1510 659 1576 Phrygio
668 1511 782 1576 placuisse
793 1513 917 1575 magistru;

178 1625 205 1663 et
218 1613 348 1684 Pompon.
360 1611 447 1680 Mela,
462 1615 501 1681 11,
520 1614 551 1680 4,
566 1612 704 1679 «blanda,
718 1609 979 1678 Buxentum,Velia,
994 1610 1151 1679 Palinurus,
1165 1613 1229 1667 olim

179 1692 290 1766 Ptryqtt
298 1694 492 1769 qubematon's,
504 1713 576 1748 nunc
587 1695 642 1747 luci
652 1712 762 1746 nomen.
772 1718 784 1741 n
799 1697 852 1759 Ita,
864 1695 989 1766 iuquam,
1001 1695 1028 1745 in
1041 1693 1100 1746 libri
1111 1699 1230 1766 margine

179 1773 399 1837 emendaveram3
415 1775 461 1827 sed
475 1793 534 1827 sero
546 1797 552 1824 =
566 1787 661 1848 postea
676 1776 746 1827 enim
757 1774 811 1826 vidi
825 1773 956 1825 Graccum
970 1791 1078 1845 quoque
1087 1772 1129 1826 rel
1140 1778 1230 1828 Avan-

180 1853 246 1904 tium
260 1855 294 1906 ita
309 1856 490 1925 conjectasse3
505 1869 532 1906 et
545 1854 654 1908 tandem
668 1875 700 1908 ex
711 1868 816 1908 vetusto
831 1853 924 1906 codice
937 1851 1007 1905 hanc
1018 1852 1232 1908 emendationem

179 1934 283 2004 profert
298 1937 356 1987 Nic.
374 1935 497 1988 Heinsius
512 1932 547 1986 ad
561 1934 640 1990 Ovid.
652 1937 716 1988 Met.
727 1936 785 2002 XV,
797 1934 858 1988 626.
873 1936 955 1987 Recte
969 1946 1058 1986 autern
1074 1934 1164 1986 ·velia
1178 1953 1232 2008 qua

180 2012 319 2066 Palinurus
337 2033 429 2086 puppe
447 2012 581 2078 excidit;»
601 2017 700 2087 quippe
718 2014 844 2067 Palinuri
859 2015 1066 2086 promontorium
1086 2028 1141 2067 erat
1155 2019 1233 2088 juxta

184 2087 309 2154 Veliam
323 2093 395 2146 uude
407 2093 554 2167 geographi
568 2094 612 2147 illa
628 2097 804 2166 conjungunt.
818 2093 928 2160 Strabo,
940 2093 985 2145 lib.
993 2095 1045 2160 vl,
1058 2109 1120 2166 post
1134 2094 1233 2149 descri-

181 2173 302 2242 ptionem
318 2173 399 2226 Velia
414 2196 421 2226 e
438 2173 510 2226 Mari
527 2173 656 2228 timum
674 2167 1004 2246 ('mlar)'attt³nrtir10u
1023 2169 1232 2227 ΠΑΛῩΝΟΥΡΟΣ·

180 2250 249 2304 vett.
265 2253 433 2320 paterculus,
449 2257 488 2319 ll,
503 2271 553 2324 79,
570 2277 582 2300 ι
593 2255 693 2326 quippe
706 2253 786 2323 longe
800 2255 926 2323 majorem
941 2265 1043 2322 partem
1057 2253 1147 2308 classis
1162 2257 1234 2308 circa

184 2331 287 2384 Veliam
302 2332 474 2407 Palinurique
485 2334 694 2407 promontorium
709 2331 805 2385 adorta
816 2333 856 2384 vis
869 2333 953 2384 Africi
966 2333 1091 2385 lacerarit
1104 2353 1136 2386 ac
1149 2333 1234 2388 distu-

183 2413 250 2474 liu·
266 2414 383 2482 Plinius,
397 2417 495 2468 Histor.
511 2417 572 2467 Nat.
586 2415 637 2480 111,
651 2413 686 2466 5:
704 2411 863 2486 «Oppidum
877 2410 969 2478 Helia,
984 2432 1041 2485 quae
1055 2432 1126 2468 nunc
1140 2415 1232 2469 Velia:

181 2497 392 2566 promontorium
404 2495 562 2548 Palinurum
570 2518 599 2557 ,w
617 2495 688 2546 Serv.
701 2493 735 2546 ud
746 2492 836 2565 virgil.
850 2491 1011 2560 AEneid.VI,
1024 2493 1088 2565 3783
1104 2495 1235 2549 «Lucanis

185 2575 255 2625 enirn
267 2575 418 2646 pestilentia
429 2573 614 2626 laborantibus
626 2573 763 2644 respondit
775 2569 930 2635 oraculum,
940 2574 1034 2626 Manes
1044 2573 1170 2627 Palinuri
1178 2595 1236 2628 esse

185 2652 346 2724 placandos:
360 2652 396 2704 ob
408 2670 488 2724 quam
501 2671 555 2705 rem
567 2671 622 2704 non
634 2653 713 2723 longe
724 2671 739 2704 a
751 2653 828 2708 Velia
841 2665 867 2704 et
877 2649 969 2704 lucum
980 2665 1007 2704 et
1018 2652 1198 2726 cenotapbion
1210 2655 1236 2708 ei

186 2728 325 2784 dederunt.
338 2756 349 2779 n
363 2731 464 2804 Virgilii
475 2732 550 2783 locus
563 2733 600 2783 sic
612 2729 711 2784 habet:

372 2839 431 2884 Nam
439 2849 479 2884 tut
489 2837 594 2894 linitbni,
604 2835 675 2898 longa
684 2835 778 2901 lateque
788 2853 831 2899 per
839 2837 909 2885 urbes

373 2909 487 2970 Prodigiis
496 2909 542 2956 acti
551 2906 692 2966 caelestibui‚
703 2923 755 2956 otta
763 2908 874 2972 piabunt;

187 3009 241 3077 Qui
248 3005 342 3074 locus,
353 3008 406 3060 nisi
416 3007 504 3059 omnia
513 3023 555 3058 me
565 3002 676 3073 fallunt,
689 3006 785 3075 insigni
798 3005 962 3059 absurditate
974 3007 1052 3060 foetus
1064 3019 1120 3060 est:
1133 3011 1155 3061 si
1167 3009 1238 3061 enim

181 3083 309 3159 finitimi,
323 3085 458 3158 quomodo
471 3085 549 3158 lonqe
562 3083 665 3156 lateque
673 3102 723 3156 per
733 3085 824 3136 urbes?
835 3083 906 3137 idem
920 3097 959 3139 est
974 3104 1005 3138 ac
1019 3089 1041 3139 si
1054 3085 1162 3139 dixisset
1170 3084 1238 3160 fini·

190 3168 249 3220 timi
262 3167 402 3242 lonqinqui
413 3167 523 3240 piabunt
537 3177 581 3217 tstu
596 3185 663 3228 ossa,·
678 3165 751 3237 quod
764 3183 829 3218 sane
841 3168 935 3218 mirum
947 3165 1088 3234 ducerem,
1102 3168 1152 3218 nisi
1166 3165 1239 3239 quod

190 3248 257 3301 nihil
268 3251 363 3302 mirum
375 3245 529 3301 habendum
541 3259 581 3299 est
593 3248 620 3297 in
631 3261 756 3320 poemate
768 3259 822 3299 tam
834 3246 1000 3318 imperfecto.
1011 3247 1062 3302 Sed
1074 3247 1107 3301 ad
1118 3248 1236 3301 Statium.

190 3327 268 3381 Edidi
285 3331 364 3402 igitur
379 3327 511 3403 Pbryqius
526 3327 656 3402 metuitur,
675 3329 712 3378 ita
728 3325 846 3379 editurus
863 3328 965 3380 etiamsi
982 3329 1036 3382 MS.
1054 3331 1239 3382 auctoritatem

191 3423 245 3460 non
254 3408 407 3462 habuissem
417 3430 423 3459 :
435 3426 484 3460 nec
494 3407 602 3475 dubito,
615 3410 679 3480 quin
690 3406 772 3459 multa
786 3427 817 3459 er
828 3405 883 3474 bis,
896 3425 954 3478 qua
960 3411 1016 3480 jans
1026 3413 1239 3482 conjecturarum

193 3490 299 3542 nomine
310 3491 434 3556 veniunt,
447 3487 482 3540 ab
494 3487 688 3560 exemplaribus
700 3487 852 3542 melioribus
864 3486 928 3539 olim
939 3486 1068 3541 firmanda
1079 3489 1141 3541 sint.

232 3669 289 3722 ¹²9·
303 3651 391 3704 Moeon
403 3663 430 3705 et
439 3651 498 3704 inde
507 3670 581 3705 satum
592 3648 670 3723 lonqo
677 3649 770 3722 probat
781 3649 872 3702 ordine
886 3651 944 3703 uite
954 3649 1101 3703 Maoniden
1108 3687 1117 3714 ,
1130 3647 1241 3720 aliaeque

194 3729 254 3783 aliis
264 3730 397 3784 natalibus
404 3733 476 3784 urbes
484 3731 627 3804 Diripiunt.
638 3731 763 3782 Omnium
774 3730 897 3782 locorum
909 3733 936 3783 in
946 3731 1029 3784 Statio
1038 3728 1184 3781 difficilium
1196 3727 1240 3779 hic

196 3823 235 3863 est
247 3809 436 3864 difficillinnts:
450 3829 536 3881 opera
549 3811 662 3882 pr'etinm
675 3810 709 3862 sit
721 3822 805 3862 totum
818 3828 954 3882 apponere
967 3824 993 3863 et
1004 3807 1185 3883 perpendere:

382 3915 430 3961 Nec
439 3912 535 3978 simplex
543 3915 624 3978 patria
633 3913 718 3969 decus,
730 3927 752 3960 et
762 3913 843 3962 natalis
852 3916 918 3978 origo

381 3985 470 4031 Pendet
479 3985 508 4031 ab
517 3985 627 4047 ambiguo
636 3986 733 4048 gemina
742 3987 867 4032 certamine
877 3998 952 4032 terra.

383 4057 417 4101 Te
427 4055 456 4101 de
467 4068 535 4118 gente
545 4071 612 4104 suum
621 4057 691 4104 latiis
699 4056 785 4104 adscita
794 4055 883 4104 colonis
