2782 4486
410 303 541 368 LIBRI
566 307 741 388 QUINTI
766 311 1017 386 SlLVARUM.
1173 329 1239 421 639

195 421 301 490 debuit,
322 423 384 478 aliis
397 438 534 478 canentem
553 443 634 480 mores
653 440 708 482 tuos
725 441 752 481 et
761 431 853 501 facta,
873 455 927 490 non
948 442 994 494 tibi
1006 467 1014 495 :
1027 464 1120 516 parum
1138 455 1237 506 etenim

192 497 280 556 laudis¹
293 523 460 558 accessurum
481 519 536 558 erat
550 510 635 578 patri,
650 512 671 561 si
689 508 731 562 illi
750 524 868 580 tantum,
882 535 936 570 non
951 533 977 572 et
991 524 1050 577 aliis
1064 543 1150 582 mores
1167 532 1238 586 illim

193 595 346 636 cantaturus
357 585 406 636 fuit
416 584 492 636 lilius.
504 585 530 637 Si
543 605 654 658 usquam
665 589 691 640 in
703 587 755 642 hoo
765 592 979 665 opere'Eonrsxla
989 599 1074 669 litavi,
1084 603 1126 658 hic
1137 609 1237 663 iactum

193 677 249 714 est:
264 666 380 737 «Meque
395 665 501 718 babitus
516 687 655 739 moresque
669 683 729 721 tuos
750 685 776 722 et
792 674 861 726 facta
875 694 1013 732 canentem
1027 703 1033 733 ι
1047 707 1058 731 ι
1072 705 1123 739 vox
1137 688 1238 746 bobinos

191 739 244 794 hoc
259 745 338 796 modo
354 747 451 816 scripta
466 760 522 798 erat
536 750 563 798 in
578 750 658 816 MSS,
677 751 743 802 obit⁹
758 774 763 802 :
779 751 830 804 lsoc
842 774 896 808 nou
907 760 1081 832 intelligentes
1097 765 1196 822 librarii
1209 773 1236 824 in

191 823 238 874 tibi
251 839 401 877 mutarunt:
416 824 518 879 babitus
531 846 663 900 moresque
677 844 706 882 ut
717 830 779 883 silv.
792 834 829 899 ll,
842 835 875 902 6,
887 837 921 888 ad
932 838 978 891 fio.
992 863 1002 886 ι
1013 861 1152 916 moresque
1163 847 1237 900 habi.

189 916 285 976 tusqne
298 903 410 958 decoros
422 906 580 960 Monstrabit
593 908 720 978 gaudena.
732 933 743 957 n
755 911 879 966 Similiter
888 917 1021 973 Ausonius
1031 936 1057 974 et
1067 925 1094 974 in
1105 944 1133 978 re
1144 929 1235 996 simili,

188 984 316 1053 Epicedio
329 1005 423 1057 nempe
437 989 464 1038 in
479 989 596 1054 Patrem,
614 1007 652 1040 vs.
668 990 697 1054 8,
713 990 759 1042 ubi
770 1007 847 1063 pater
861 995 987 1068 loquitur,
1001 1023 1012 1046 α
1024 1004 1144 1074 Victum,
1155 999 1236 1062 babi-

187 1076 262 1130 tum,
277 1085 378 1133 mores,
392 1085 496 1139 semper
510 1067 601 1120 eadem
613 1068 710 1132 habui;
724 1096 735 1118 n
748 1072 826 1125 Silius
838 1076 963 1147 italicus,
974 1081 1032 1149 XV,
1048 1100 1112 1153 171,

371 1175 476 1236 Antiquae
486 1189 574 1219 morem
584 1175 663 1235 patria
673 1173 808 1239 culttnnque
818 1177 970 1248 habitumque

372 1244 469 1292 Phocais
479 1247 605 1291 armisonae
615 1247 676 1292 inter
686 1257 750 1294 tenet
759 1247 851 1313 hospita
861 1267 954 1314 gentes3

187 1337 278 1408 Pomp.
292 1337 376 1406 Mela,
391 1342 440 1408 Ill,
460 1359 492 1412 7,
508 1340 541 1393 de
556 1340 630 1393 lndia
644 1339 757 1413 loquens
772 1367 779 1396 ε
795 1370 806 1392 α
816 1347 956 1402 Cultorum
970 1352 1077 1407 babitus
1092 1377 1234 1432 moresque

185 1413 323 1470 dissimiles
336 1442 341 1470 :
354 1418 409 1472 lino
425 1421 469 1471 alii
489 1422 643 1486 vestiuntur,
663 1436 713 1474 etc.
726 1448 737 1470 a
751 1424 817 1478 Vide
831 1447 890 1500 quae
908 1433 998 1484 notavi
1017 1434 1051 1485 ad
1068 1435 1127 1488 Silv.
1147 1441 1186 1508 ll,
1200 1441 1233 1509 6,

185 1515 222 1548 vs.
237 1499 294 1564 104.
310 1497 435 1553 Tenderet
446 1519 547 1572 sequare
556 1501 664 1552 Maroni
676 1515 715 1554 est
727 1517 841 1574 sequeret
853 1509 979 1562 Maroni.-
994 1512 1053 1563 vide
1069 1517 1132 1566 satis
1145 1535 1233 1571 esem-

183 1575 289 1648 plorum
301 1577 335 1631 nd
345 1583 381 1646 ll,
393 1579 423 1645 6,
432 1598 470 1631 vs.
485 1597 527 1648 71.
540 1581 630 1646 Quare
642 1594 728 1632 autern
739 1584 889 1654 appelletur
903 1599 988 1642 torvus
998 1592 1074 1645 Maro
1081 1632 1090 1660 ,
1101 1598 1145 1647 cui
1155 1600 1234 1652 molle

183 1657 384 1729 atqnefocetum
394 1671 540 1711 annuerunt
553 1661 649 1726 Musae,
661 1679 716 1711 non
726 1662 854 1735 intelligo.
862 1665 919 1736 Ego
930 1671 1017 1738 potius
1028 1683 1148 1740 putarem
1157 1679 1231 1731 docto

183 1736 297 1788 Maroni.
315 1739 413 1790 Versus
426 1737 475 1790 sub
490 1740 597 1790 nomine
609 1739 721 1810 Augusti
734 1740 798 1794 Cres.
815 1745 842 1794 in
859 1747 913 1797 vita
925 1749 1044 1818 Virgilii:
1059 1755 1230 1830 eMaguuque
1317 1799 1320 1804 .

183 1815 330 1890 doctiloqui
344 1821 470 1871 morietur
480 1821 558 1870 lllusa
569 1819 724 1871 Maronist·
737 1822 854 1876 incertus
869 1839 962 1879 auctor
977 1831 1005 1880 in
1021 1829 1147 1887 Catalect.
1167 1838 1228 1890 Sca.

183 1892 227 1965 lig.
264 1936 269 1946 .
288 1897 352 1964 18¹,
377 1903 381 1913 '

241 1915 260 1968 P
366 1985 450 2031 Tristia
459 1985 506 2031 lata
516 1987 550 2030 tui
560 1985 615 2031 dum
625 1984 667 2032 fles
676 1988 700 2032 iu
710 1986 834 2051 Daphnide
844 1989 933 2049 Flacci,

365 2056 440 2101 Docte
448 2057 529 2112 Maro,
538 2055 634 2103 fratrem
643 2057 684 2102 Dis
693 2059 862 2106 immortalibus
871 2077 955 2124 aequat.

214 2203 257 2256 68.
270 2205 303 2256 In
316 2205 447 2258 ardentem
454 2247 464 2273 ‚
477 2204 570 2272 liceat,
582 2210 708 2260 moritura
723 2211 856 2262 maritum.
869 2213 907 2264 lta
920 2213 1065 2269 editiones:
1077 2232 1156 2272 recte.
1170 2223 1226 2275 Nee

179 2303 248 2356 opus
263 2300 302 2339 est
315 2287 435 2341 Scriverii
449 2301 476 2339 et
488 2289 583 2339 Crucei
597 2286 675 2340 liceat
690 2291 781 2358 niodo,
797 2294 864 2344 itura
875 2297 998 2348 moritum
1013 2323 1021 2350 .·
1036 2319 1188 2374 quanquam
1205 2307 1227 2356 si

178 2384 208 2416 ex
222 2367 276 2422 MS.
288 2367 358 2419 banc
372 2367 514 2420 lectionem
527 2367 691 2435 hausissent,
710 2369 853 2425 defendere
871 2379 1021 2446 potuissent
1039 2379 1099 2432 loco
1121 2383 1223 2449 ovidii,

177 2447 255 2500 Trist.
274 2451 307 2516 V,
328 2450 373 2517 ti,
389 2450 441 2519 37,

361 2558 456 2612 Cernis,
466 2565 493 2600 ut
502 2553 595 2599 Admeti
603 2567 720 2610 cantetur,
730 2569 756 2602 ut
765 2557 872 2605 Hectoris
882 2577 953 2617 uxor,

392 2629 500 2687 Ansaque
508 2625 534 2669 iu
543 2640 651 2671 accensos
661 2625 736 2688 lpbias
747 2629 779 2673 ire
790 2630 877 2688 rogos?

174 2725 208 2776 Et
220 2722 295 2776 liceat
306 2723 399 2788 modo,
413 2734 444 2772 ut
454 2723 517 2773 Met.
530 2722 603 2787 Vlll,
618 2721 665 2786 38,
681 2724 819 2793 «Impetus
834 2737 874 2776 est
888 2724 941 2791 illi,
954 2727 1031 2780 liceat
1045 2730 1141 2799 modo,
1154 2736 1223 2788 ferre

175 2823 225 2875 per
239 2821 334 2876 agmen
348 2805 487 2874 Virgiueos
502 2800 597 2854 hostile
610 2801 743 2873 gradum·
758 2818 783 2854 et
798 2804 916 2876 Propert.
931 2809 968 2872 ll,
983 2810 1034 2876 30,
1050 2811 1098 2878 25,

359 2911 393 2956 Mi
403 2923 472 2954 nemo
482 2908 591 2969 objiciet,
602 2907 669 2955 liceat
678 2908 762 2964 modo,
774 2909 886 2972 Cynthia,
896 2925 973 2959 terum

390 2979 488 3026 Roscida
497 2981 609 3026 muscosis
618 2991 682 3024 antra
694 2992 772 3026 tenere
779 2982 841 3043 jugis
850 2999 857 3036 ;

173 3081 210 3132 ita
227 3077 368 3148 legendum
382 3100 433 3152 pro
450 3080 528 3132 libeat
543 3082 604 3147 tibi,
617 3079 728 3150 Cyntlu'o
736 3120 745 3146 ,
760 3098 873 3150 mecum,
889 3098 969 3154 prout
984 3084 1065 3138 edidit
1080 3087 1220 3142 Broulsbu-

173 3162 236 3210 sius.
252 3158 303 3212 Sed
324 3178 377 3211 noo
391 3177 459 3229 opus
478 3173 517 3212 est
535 3157 588 3210 ulla
602 3161 748 3212 mutatione
763 3162 789 3212 in
804 3161 857 3214 ltoc
872 3163 944 3216 Statii
958 3163 1028 3216 loco.
1043 3167 1173 3219 Meritum
1190 3171 1218 3222 in

172 3237 304 3289 ardentem
318 3237 458 3306 maritum,
472 3253 525 3305 est,
545 3257 624 3310 super
638 3242 778 3306 maritum,
797 3254 827 3292 ut
841 3241 908 3294 bene
924 3245 1037 3316 explicat
1051 3245 1218 3317 Gronovius,

171 3315 254 3368 Diatr.
268 3335 291 3369 c.
307 3319 354 3379 51;
369 3331 395 3369 et
409 3316 525 3369 defendit
539 3317 608 3370 hanc
623 3319 839 3389 explicationem,
857 3321 965 3374 Elenoh.
984 3323 1123 3377 Anticliatr.
1143 3345 1166 3378 c.
1185 3346 1218 3399 73

171 3393 233 3448 licet
246 3397 364 3470 exempla
378 3416 436 3468 quae
446 3411 559 3468 utroque
573 3396 632 3450 loco
646 3397 732 3449 adfert
743 3397 805 3448 mihi
818 3417 872 3450 uon
882 3401 1021 3454 videantur
1034 3421 1087 3455 rem
1101 3418 1215 3476 tangere.

171 3473 306 3550 Optimum
322 3477 453 3532 adducere
466 3482 593 3551 potuisset
609 3499 639 3532 ex
652 3481 774 3545 Lucano,
787 3481 836 3548 IX,
852 3480 914 3548 160,
932 3485 985 3535 ιΕι
999 3503 1074 3537 sacer
1084 3487 1110 3536 in
1126 3489 1215 3558 Magni

171 3556 286 3609 tumulos
299 3559 456 3610 mactabitur
465 3559 562 3630 Apisa
577 3558 622 3609 ubi
638 3559 664 3610 iu
677 3558 755 3629 plane
770 3571 903 3631 estsuper.
919 3561 945 3614 Si
958 3563 1102 3636 quidquam
1115 3583 1216 3618 novan-

170 3631 234 3684 dum
251 3649 333 3703 esset,
349 3636 412 3686 milri
426 3636 558 3708 placeret,
578 3661 589 3683 ι
600 3640 626 3688 in
642 3637 793 3704 ardentem,
813 3637 905 3705 liceat,
925 3643 1026 3693 ruitura
1045 3646 1166 3695 maritum
1181 3665 1211 3692 :n

168 3727 198 3764 ut
213 3713 285 3784 apud
300 3715 436 3783 Ovidium,
452 3719 507 3768 Art.
522 3718 608 3768 Amat.
624 3718 675 3782 tlt,
692 3735 741 3785 at,

352 3825 437 3888 Accipe
448 3841 497 3884 me,
508 3829 618 3888 Capaneu
628 3843 634 3882 ;
645 3827 735 3872 cineres
745 3827 904 3885 miscebimus,
915 3829 992 3894 iuquit

383 3893 460 3954 lphiss
466 3912 474 3952 ι
482 3897 507 3941 in
517 3897 606 3944 medios
615 3896 754 3960 desiluitque
764 3913 849 3960 rogos;

168 4005 194 4042 et
207 3988 300 4044 Claud.
313 3991 412 4060 XXIX,
427 3995 509 4049 Laud.
524 3995 640 4064 Samon,
656 4015 693 4051 rs.
710 3997 772 4066 151,
785 4017 890 4071 «prona
904 4017 982 4052 ruens
996 3999 1130 4070 Capaneia
1144 4017 1209 4052 eon·
