2844 4484
233 315 297 378 510
412 307 549 373 NOTAE
572 306 621 369 IN
646 306 842 371 CARMEN
867 303 1097 372 OGTAVUM

230 457 336 494 teneros
350 437 444 490 oculus
457 434 522 487 mihi
533 435 647 486 fascinat
665 451 748 506 agnos
760 456 789 498 μ
809 431 952 486 credebant
970 436 1094 486 nimirum
1109 449 1228 504 veteres,
1245 440 1273 489 in

230 522 310 576 oculis
319 519 491 572 invidentium
502 513 601 588 aliquid
612 533 670 568 esse
680 517 816 577 occinunt,-
829 515 899 569 unde
911 515 982 568 istud
996 518 1089 570 Horat.
1098 519 1182 591 Epist
1191 519 1202 570 Ι
1207 519 1273 585 ,ι4,

233 605 315 655 «Non
332 603 389 652 istic
402 598 512 670 obliquo
523 596 602 648 oculo
619 611 679 648 mea
693 591 834 650 commoda
850 597 990 669 quisquam
1001 595 1122 662 Limat3·
1137 611 1163 651 et
1172 559 1274 670 Viigilii

230 680 335 756 obliquo
350 679 463 742 invidia,
478 678 536 729 AEu.
551 677 588 728 Χ]
595 677 679 747 ,337.
693 676 782 730 Facile
794 695 857 730 vero
871 677 929 730 fieri
941 680 1044 750 potuit,
1058 692 1089 730 ut
1098 697 1151 731 vox
1163 679 1274 731 liventia

229 775 340 836 propter
350 757 547 813 similitudinem
558 756 687 809 ductuum
701 757 811 823 calami,
826 755 976 810 extruderet
986 772 1140 829 sequentem
1155 757 1274 818 lumino,-

230 845 306 913 cujus
320 842 359 892 rei
371 837 491 908 exempla
502 835 605 907 aliquot
616 831 678 887 dedi
692 831 725 887 ad
739 795 871 888 Tibtirtin.
874 835 990 908 Vopiso
1000 855 1026 888 r.
1041 836 1085 889 50.
1097 835 1131 889 n
1144 834 1184 888 ltae
1194 855 1273 888 uoces

228 931 332 992 pectora
343 931 370 970 et
382 915 483 969 lumino
494 913 558 967 alibi
569 926 735 966 commutata·
746 913 1053 979 fuerunt3·rnemin1'hoc
1065 933 1096 968 ex
1107 914 1180 968 libris
1193 933 1274 966 anno·

229 1013 299 1052 tasse
308 1000 449 1050 Burmann.
461 994 494 1048 ad
503 994 580 1049 Ovid,
588 995 667 1047 Trist.
676 997 713 1056 l1;
731 995 778 1048 sed
787 1013 876 1048 versus
886 1014 940 1048 non
951 1014 1022 1047 nunc
1032 997 1155 1048 occurrit.
1166 995 1274 1048 Clarum

229 1092 317 1132 tamen
327 1075 476 1149 exemplum
487 1075 570 1127 habes
582 1069 655 1147 apud
666 1068 757 1128 Senec'.
768 1073 845 1127 Hero.
856 1075 917 1128 Fur.
925 1094 964 1128 vs.
977 1092 1042 1146 219,
1053 1075 1101 1128 ubi
1111 1093 1160 1148 pro
1172 1077 1274 1129 remisso

230 1161 342 1224 lumine,
355 1158 548 1211 substituerunt
557 1166 673 1226 pectem
686 1155 763 1227 quod
773 1158 867 1211 merito
881 1156 1014 1210 dammrit
1026 1156 1184 1209 Gronovius.

268 1327 307 1381 ¹9·
326 1311 364 1362 Et
377 1311 477 1382 patrius
491 1307 577 1361 lauros
592 1305 713 1378 promisit
729 1305 836 1379 Apollo.
857 1311 895 1360 ltu
908 1319 979 1359 recte
998 1304 1143 1372 editiones,
1158 1308 1270 1379 patrius,

230 1409 284 1443 non
302 1384 516 1462 patrioticum,
536 1383 761 1458 quemadmodum
779 1384 863 1438 edidit
881 1386 1039 1438 Gronovius.
1055 1345 1160 1439 Potriiu
1176 1382 1272 1458 Apollo

231 1481 270 1523 est
280 1489 367 1537 carp
368 1485 405 1522 ιι·
420 1478 494 1538 patet
506 1483 573 1516 exv
585 1461 633 1530 45,
649 1477 676 1514 et
686 1480 744 1534 sqq

416 1567 445 1617 nt
437 1582 505 1633 irpat
505 1571 534 1625 ii,
546 1585 606 1634 quos
615 1569 729 1630 auguriis,
739 1579 785 1616 etc

413 1645 463 1697 Tu,
474 1639 559 1688 ductor
567 1635 649 1703 populi
657 1639 726 1703 longe
736 1637 881 1704 emigrantis
892 1637 987 1704 Apollo,

414 1717 512 1776 Tuque,
521 1715 598 1760 Attea
608 1713 690 1770 Ceres,
700 1724 745 1760 etc.

415 1786 463 1832 ilos
472 1800 526 1830 cum
535 1783 607 1846 plebe
613 1795 654 1830 sua
663 1784 732 1846 peuri
741 1769 831 1832 eme
840 1781 945 1830 Penates

231 1873 309 1930 Unde
323 1877 401 1927 etiarn
416 1885 490 1946 patet
504 1869 646 1942 legendum
663 1890 720 1939 esse
732 1873 877 1944 promittit,
887 1885 949 1938 'non
959 1875 1093 1944 promisit3
1105 1875 1127 1925 ιι
1141 1875 1271 1947 enimjem

228 1953 348 2028 promisit
357 1949 454 2023 Apollo
463 1947 563 2004 renium
572 1959 599 2002 et
608 1951 683 2006 detto
694 1951 802 2020 cirratis,
816 1950 951 2023 quodnam
962 1965 1032 2025 opus
1043 1951 1096 2005 huc
1106 1954 1273 2024 precatione,

230 2049 260 2088 ut
273 2033 399 2088 servaret?
415 2031 605 2099 Mamertinus,
620 2031 731 2085 Geneth.
744 2032 851 2086 Maxim.
866 2051 924 2108 cap.
943 2049 991 2106 ις,
1007 2047 1170 2088 «nascentes
1181 2051 1229 2088 vos
1242 2033 1273 2086 ιιι

231 2129 309 2187 opem
326 2113 429 2184 generis
442 2111 553 2164 humani
568 2110 639 2163 bone
656 2109 742 2163 sidera
759 2124 785 2164 et
801 2115 885 2165 amica
899 2109 1038 2178 riderent,
1053 2113 1203 2184 querobis
1215 2131 1273 2166 con

230 2192 348 2245 cordium
368 2193 570 2264 sempiternam,
588 2199 615 2243 et
631 2201 779 2262 vestrorum
795 2207 924 2263 generum
941 2193 1095 2261 cutiutem,
1112 2203 1140 2244 et
1158 2189 1274 2256 fovenda

230 2271 383 2347 reipublice
393 2271 481 2326 studia
492 2270 650 2334 conciliant;
664 2272 794 2344 itemque,
806 2285 902 2345 preter
911 2274 1033 2325 victorias
1046 2283 1103 2324 toto
1116 2271 1183 2324 orbe
1194 2285 1274 2324 terra-

230 2369 290 2406 rnm
299 2367 402 2427 partas,
414 2353 493 2406 etiam
503 2351 607 2404 nmalia
618 2361 719 2422 tropea
730 2355 927 2424 promittam»
942 2353 1077 2421 libellus,
1089 2355 1137 2420 111,
1150 2354 1182 2420 4ι
1198 2353 1274 2404 ullor

230 2429 279 2486 nbi
292 2433 445 2504 conjugium
456 2431 586 2504 promittit
601 2430 692 2485 Delius
705 2431 769 2504 ipse.
782 2457 793 2482 ι
808 2435 890 2487 Recte
901 2451 963 2487 vero
979 2433 1064 2507 lorsqu
1075 2433 1150 2485 deuo
1162 2432 1275 2496 ιιιιιιιιι,

230 2529 261 2568 ut
273 2515 372 2569 Luem.
386 2513 425 2580 ll,
440 2512 507 2581 2⁵8,
522 2513 601 2565 «Hoc
615 2511 702 2565 solum
716 2513 802 2588 longe
812 2517 929 2589 pretium
939 2516 1042 2568 virtum
1056 2511 1177 2566 hebebis.
1187 2536 1200 2560 ι
1217 2513 1274 2564 lloc

231 2614 340 2664 moneo,
350 2613 384 2648 ne
395 2595 453 2666 quis
463 2594 572 2668 longum
582 2596 715 2664 conjiciat.

268 2771 309 2808 ιι.
328 2757 376 2808 Jus
387 2747 440 2807 'tibi
457 2753 606 2828 terqeminoe
619 2751 724 2808 dedeiot
735 2753 849 2808 lutabile
863 2753 952 2830 prelis.
972 2753 1096 2826 intelligit
1114 2753 1218 2808 toiobre
1233 2757 1275 2825 jus

232 2837 310 2887 trium
324 2833 482 2901 liberorum,
501 2831 574 2908 quod
592 2831 678 2901 orbis,
696 2851 745 2906 pro
763 2851 857 2908 magno
873 2833 1017 2902 beneficio,
1033 2833 1097 2887 dum
1111 2848 1181 2888 esset
1195 2835 1274 2887 libers

232 2913 385 2985 republica,
403 2926 524 2982 senatus,
541 2926 636 2986 postea
652 2915 787 2988 principes
804 2913 910 2967 dabant.
926 2913 991 2967 Plin.
1004 2913 1087 2986 Epist.
1100 2913 1138 2979 x,
1155 2931 1184 2978 a,
1201 2929 1224 2980 r,
1242 2911 1275 2965 ad

231 2990 388 3064 l'rajunnm:
407 2993 594 3064 tErprimere,
607 2993 733 3062 Domine,
747 2993 833 3047 verbis
851 3012 906 3049 non
924 3011 1047 3066 possum,
1063 3005 1190 3067 qoamm
1210 2989 1275 3042 mibi

231 3073 358 3143 gaudium
378 3073 510 3140 attuleris,
529 3073 602 3146 quod
618 3091 659 3128 me
677 3071 786 3144 dignum
806 3075 906 3147 putasti
920 3077 980 3146 jure
1001 3077 1080 3128 trium
1098 3073 1273 3126 liberorum.-

232 3150 308 3205 Adde
322 3151 434 3208 Martini.
448 3153 539 3226 Epigr.
552 3155 602 3221 ill,
614 3151 677 3220 ior,
689 3171 725 3206 rs.
739 3151 769 3207 ιε

415 3249 513 3297 Praemia
522 3247 616 3298 laudato
627 3249 707 3296 tribuit
716 3247 774 3296 milri
783 3249 859 3298 Creser
868 3265 981 3316 uterque,

445 3321 603 3382 Natorumque
613 3317 678 3366 dedit
683 3317 738 3379 jusu
746 3329 843 3381 paterna
852 3321 930 3368 nium.

1002 3385 1121 3430 buum.

269 3532 309 3598 ι4.
329 3531 365 3581 Et
382 3530 455 3584 donis
473 3547 607 3602 nunquam
626 3540 726 3582 munta
744 3532 855 3584 socratis
874 3533 982 3586 Secreto
999 3533 1056 3584 heo
1073 3533 1144 3586 dorio
1162 3547 1225 3586 sunt
1235 3536 1277 3606 jus

233 3613 312 3664 ιιιίιιιι
324 3611 476 3677 liberorum,
491 3609 563 3681 quod
575 3611 722 3664 Menecrati
733 3610 880 3666 indulserat
892 3616 985 3682 Cesar,
996 3627 1138 3684 antequem
1154 3633 1187 3666 ex
1199 3631 1277 3666 uxore

120 3687 124 3694 '
232 3689 329 3746 liberos
348 3703 518 3762 susceperat:
537 3689 611 3743 bono
628 3693 734 3760 omine,
748 3694 835 3766 inquit
850 3695 964 3757 Statius,
984 3695 1151 3746 nordstetim
1170 3692 1277 3746 totidem

233 3772 385 3842 suscepisti,
397 3789 413 3821 o
425 3771 605 3834 Menecraten
619 3786 645 3823 et
658 3774 697 3826 sic
709 3775 810 3826 utinam
826 3787 931 3827 moneat
945 3788 990 3828 tua
1004 3774 1116 3840 domus,
1125 3775 1239 3848 fertilis,
1254 3785 1278 3823 et

233 3867 369 3921 nunquam
380 3859 480 3902 mutato
491 3849 565 3902 donis
576 3853 688 3905 saumis.
706 3851 758 3908 Sed
769 3851 860 3905 nuilus
873 3855 900 3905 iu
914 3853 964 3906 bec
978 3873 1042 3908 soce
1056 3865 1160 3908 mutatu
1174 3871 1277 3914 seusun

233 3929 325 3984 saltem
342 3929 404 3982 huie
419 3928 479 3982 loco
495 3947 552 3982 uon
571 3949 720 4004 congruum
740 3933 876 4006 quomodo
894 3937 964 3988 enim
985 3935 1040 3990 haec
1058 3935 1130 3990 dona
1146 3942 1280 3989 mutarent

232 4010 388 4065 Menecratis
403 4009 527 4064 domurn?
542 4011 673 4066 tolerabili
688 4015 756 4068 forte
773 4031 851 4066 sensu
866 4011 918 4066 dici
933 4029 1024 4086 posset
1040 4013 1095 4068 hec
1113 4014 1211 4068 domus
1223 4031 1276 4065 ιιιιι-
