2782 4486
182 299 248 366 628
304 299 339 362 P.
360 297 394 360 P.
413 295 537 362 STAT.
556 295 668 362 SILV.
690 295 777 358 LlB.
798 295 845 372 V,
864 297 1006 362 CARM.
1028 299 1098 364 111.

227 425 350 492 Invitet
361 425 457 516 ripis,
468 421 619 490 discussa
629 419 741 514 plebe,
755 424 920 512 supremis

226 527 359 616 Vecton
372 535 454 600 etin
466 529 576 599 media
587 544 766 622 componat
777 529 923 598 molliter
933 529 1019 624 alga.

246 678 250 687 =
273 648 336 726 ite,
351 645 397 736 pii
409 648 542 724 Manes,
554 643 760 734 Graiumque
772 641 925 708 examina
935 658 1066 726 vatum,

226 754 462 848 illustremque
473 755 621 820 animam
633 752 776 820 Lethaeis
788 755 933 844 spargite
945 756 1058 838 sertis,
1175 771 1227 824 285

227 872 269 935 Et
280 881 464 934 monstrate
476 887 611 946 nemus,
624 887 692 959 quo
703 861 795 930 nulla
806 865 928 957 irrupit
938 867 1120 958 Erinnys„

227 984 267 1045 ln
280 1002 348 1072 quo
360 976 445 1045 falsa
456 975 540 1058 dieo,
552 975 702 1070 caeloque
714 974 904 1043 simillimus
916 1001 982 1043 aer.

227 1086 309 1155 Inde
321 1103 433 1154 tamen
445 1088 560 1154 venias
572 1084 701 1167 melior,
712 1111 779 1180 qua
790 1101 886 1179 porta
897 1085 1083 1178 malignum

225 1203 352 1280 Cornea
363 1200 467 1264 vincit
479 1196 571 1280 ebur,
584 1199 762 1290 somnique
772 1199 807 1266 in
820 1199 963 1288 imagine
975 1211 1129 1265 monstra

225 1313 308 1394 Quae
320 1307 449 1377 solitus.
463 1311 514 1377 Sic
526 1333 620 1378 sacra
631 1312 931 1404 Numae‚ritusque
942 1308 1099 1378 colendos
1173 1339 1226 1392 ²90

226 1422 316 1487 Mitis
329 1421 461 1488 Aricino
472 1418 618 1489 dictabat
629 1419 787 1514 Nympha
798 1421 860 1489 sub
872 1437 989 1488 antro:

225 1531 333 1624 Scipio
346 1535 393 1598 sic
403 1531 522 1624 plenos
534 1533 627 1601 Latio
639 1536 722 1600 Jove
734 1530 857 1600 ducere
870 1554 1006 1600 somnos

224 1641 379 1712 Creditur
390 1647 559 1730 Ausoniis,
573 1661 607 1712 et
618 1667 685 1712 non
698 1646 770 1712 siue
781 1643 935 1740 Apolline
945 1643 1045 1738 Sylla.

217 1862 276 1915 282.
294 1866 344 1915 Pro
360 1865 496 1935 supremis,
514 1868 678 1935 conjeceram
759 1864 818 1917 288.
837 1866 889 1917 Pro
908 1875 999 1937 porta,
1023 1865 1108 1916 Pam.
1127 1865 1222 1916 Venet.

180 1960 322 2013 supremus,
338 1942 438 1996 scilicet
455 1944 484 1998 V
480 1955 563 2009 ector,
581 1944 610 1996 id
623 1959 678 2011 est,
720 1956 809 2016 parte,·
823 1957 849 1995 et
863 1945 983 2017 sequenti
995 1962 1073 1996 versu
1087 1961 1137 2013 pro
1149 1960 1224 1994 mon-

183 2020 284 2074 Charon
289 2043 299 2083 ‚·
312 2034 337 2072 et
351 2024 387 2074 ita
399 2020 481 2075 habet
492 2027 609 2085 Veneta;
623 2042 678 2075 non
722 2036 786 2089 stra,
799 2025 881 2075 Parm.
893 2033 1032 2086 monstrar,·
1044 2035 1070 2076 et
1083 2025 1120 2075 ita
1131 2023 1225 2074 Domi-

179 2097 350 2175 inelegunter.
364 2130 400 2140 -
413 2099 481 2153 Edit.
495 2103 580 2172 princ.
592 2121 679 2174 supre-
723 2103 752 2153 tii
768 2101 886 2156 codices:
901 2121 1050 2174 perperam.
1064 2131 1099 2144 -
1115 2101 1163 2153 Ed.
1179 2120 1222 2172 pr.

181 2176 238 2228 mis.
258 2179 288 2230 Δ.
720 2191 824 2251 pono...
837 2193 958 2234 morum.
979 2186 1010 2234 Δ.
