2782 4486
404 299 540 379 lietu
565 309 738 397 Quturr
764 311 1015 381 stnvsnun.
1167 311 1232 403 667

191 442 269 495 telem
283 435 365 493 dllutn
379 451 540 511 gesnerus·
555 463 590 480 «-
602 433 631 490 in
645 436 782 490 Addendis
794 433 982 490 Marklandust
997 435 1154 491 Emendatit
1166 437 1235 492 Poli-

192 524 292 585 tisnus‚
307 519 391 590 Qum
403 529 463 571 tuus
474 516 521 570 ille
532 515 600 580 din,-
613 527 701 578 recte3
715 529 741 569 et
750 516 804 570 lruc
814 515 918 568 adludit
930 518 1036 584 Venet„
1053 515 1177 588 Quemvis
1188 517 1235 571 ille

191 601 250 654 dies.
263 601 319 672 Ego
334 598 437 664 addidi,
451 616 529 670 quum
542 615 595 648 non
610 598 677 650 milri
688 594 774 669 picria
786 599 883 670 sunjon·
897 609 924 649 et
937 598 973 650 ita
987 597 1096 649 Venett.
1116 599 1147 650 d.

227 801 286 837 nn.
303 784 441 854 mter
447 782 537 836 Aeetes
544 780 697 854 Illsmryis
710 783 794 832 lmmo
803 782 926 848 athletos,
937 793 968 832 ut
977 782 1078 852 optime
1087 774 1235 836 emendavit

191 863 343 916 Sslnssius.
357 861 446 914 Tedet
460 879 561 914 serum
575 871 601 912 et
615 872 766 913 commento
778 861 889 913 Domitii
903 857 1096 926 muserilsere,
1114 862 1162 932 qui
1176 871 1235 912 tue-

190 943 269 996 batur
284 942 400 1004 Acestes,-
419 959 499 1015 quen
514 961 529 994 e
545 942 656 1012 vestigio
672 940 844 1012 subsequitur
861 941 998 1005 Cruceusr
1016 942 1067 994 uisi
1086 939 1157 1013 qrsed
1173 939 1236 1012 legit

190 1024 292 1091 Aretes,
311 1038 338 1078 et
353 1045 402 1097 pro
418 1027 507 1099 queis
520 1035 595 1095 patre
610 1026 711 1077 sumite
731 1025 825 1076 merito
842 1023 877 1076 ob
893 1023 945 1076 huc
963 1025 1098 1077 Gronovio
1113 1035 1236 1090 notetus,

190 1105 300 1159 Elencls.
313 1107 453 1162 Autidiutr.
467 1125 526 1177 cap.
541 1123 564 1177 7.
577 1108 633 1159 Nec
646 1119 673 1160 te
684 1121 781 1159 terrent
792 1109 876 1178 prims
891 1109 918 1158 in
931 1103 1037 1159 athletis
1048 1119 1185 1178 comptu
1200 1107 1236 1157 ita

192 1189 261 1240 euim
274 1187 332 1240 lieri
340 1187 422 1251 soletr
435 1187 560 1252 Ovidius,
573 1189 681 1240 Metam.
694 1188 744 1252 Vl,
755 1187 824 1258 ⁴67:
840 1188 976 1258 «lemque
990 1201 1078 1238 moras
1091 1181 1160 1237 male
1171 1185 1237 1251 fert,

191 1267 342 1338 cupidoque
354 1270 495 1322 revertitur
503 1285 548 1321 ore
560 1267 601 1320 sd
615 1267 739 1320 mandute
752 1271 899 1329 Procnesrn
912 1267 959 1318 nbi
967 1267 1027 1318 ride
1038 1268 1072 1318 N.
1085 1267 1235 1318 Heinsiumz

191 1350 257 1399 Petr.
273 1349 327 1400 Set.
342 1348 407 1415 518,
425 1351 479 1400 tEt
492 1348 580 1400 baucis
594 1347 715 1400 redimite
730 1347 857 1418 Daphne,
872 1346 1042 1417 tremulasque
1055 1363 1234 1418 cupressus3·

191 1439 217 1476 et
227 1427 329 1493 stetim,
341 1427 447 1497 -srque
458 1425 559 1490 urbane
568 1426 678 1478 Procne.
688 1448 699 1473 r
712 1423 764 1478 Sed
772 1423 827 1476 lasse
836 1443 853 1476 s
862 1443 904 1476 use
914 1437 1005 1476 notate
1015 1425 1087 1495 prior
1097 1427 1237 1495 occuparit

191 1505 327 1568 Heinsius3
343 1507 388 1576 qni
402 1524 434 1557 ex
448 1505 557 1557 Horatio
571 1503 645 1554 addit
659 1521 755 1574 ryrstu
768 1505 854 1575 priuis
867 1503 953 1566 beeth
967 1517 993 1555 et
1009 1501 1184 1575 Tlmpnoeus
1197 1521 1238 1556 se-

191 1583 295 1650 cunde,
312 1602 343 1637 ex
361 1584 406 1636 Sil.
421 1585 528 1650 ltalico,
542 1583 613 1645 Χίης
629 1584 690 1635 vide
704 1584 871 1650 Selinusium,
883 1585 967 1656 Epist.
982 1599 1030 1654 9²⁵
1043 1598 1069 1637 et
1083 1603 1114 1638 ex
1127 1603 1159 1638 eo
1172 1585 1238 1637 Gro-

191 1663 316 1728 uoviun,
329 1663 414 1715 Dietr.
428 1681 453 1714 c.
469 1663 511 1733 57.
526 1661 670 1728 Martialis,
684 1663 774 1734 Epigr.
786 1664 818 1728 V,
835 1679 881 1716 tt:

376 1765 549 1831 Sardonycha,
558 1767 704 1828 mengum,
713 1767 859 1823 mansuras,
870 1767 970 1831 lapidas
978 1781 1028 1816 uno

409 1839 492 1887 Versat
501 1841 525 1885 in
533 1837 630 1886 ortleulo
638 1835 724 1894 stem,
735 1839 831 1894 Serere,
843 1851 916 1885 meus.

191 1937 229 1986 lta
244 1935 398 1988 Ptorstessen
406 1975 416 2003 ,
430 1938 516 2008 ptime
528 1931 615 2004 brevi,
630 1935 702 2008 sputl
716 1935 803 1989 aner.
818 1937 905 1990 Flacc.
920 1937 971 2003 Ill,
984 1935 1036 2006 34;
1052 1937 1154 2011 Cycnus
1167 1937 1236 2011 apud

190 2013 293 2066 Auson.
307 2015 390 2086 Epist.
405 2015 470 2076 XX;
484 2029 509 2068 et
523 2014 662 2090 meyneiis,
673 2013 777 2068 Mosell.
792 2033 815 2068 v.
832 2013 900 2081 3¹63
915 2017 1025 2070 Atlanta
1038 2017 1110 2090 apud
1123 2015 1167 2070 Sil.
1179 2016 1238 2070 ltal.

192 2092 288 2146 senem
300 2111 362 2146 sero
375 2107 429 2147 est:
443 2095 519 2148 l'ster
532 2100 576 2167 qui
589 2093 657 2148 ludis
668 2093 813 2169 Olympieis
824 2098 906 2150 lilium
918 2097 1043 2150 atlletem
1056 2110 1171 2170 spectat,
1184 2118 1240 2151 ms-

191 2178 230 2244 dl*
242 2186 285 2226 est
298 2174 408 2228 athletos
422 2189 502 2248 mum
515 2179 573 2248 lpse
584 2174 670 2240 illius;
687 2179 771 2248 magis
786 2173 897 2231 athletos
913 2187 1052 2250 spectatur,
1067 2197 1103 2232 sc.
1118 2175 1150 2230 ab
1166 2177 1238 2241 aliis,-

192 2255 292 2326 qnlppe
307 2267 367 2306 eum
382 2257 522 2307 madunt
538 2257 623 2310 cunei.
642 2257 680 2308 lta
696 2257 786 2310 Pierat.
801 2258 943 2311 Abascant.
958 2275 994 2311 vs.
1014 2259 1081 2326 210,
1100 2257 1166 2311 «sed
1182 2272 1238 2311 toto

192 2347 328 2406 spectetur
344 2337 371 2387 iu
393 2338 495 2406 agmine
515 2340 612 2408 conjux
631 2337 722 2403 Solus3
736 2341 763 2391 in
776 2337 849 2392 hunc
863 2359 963 2411 magnae
978 2341 1121 2394 flectuntur
1137 2339 1239 2392 luminu

191 2415 315 2478 Romet-
332 2427 359 2468 et
370 2419 399 2468 in
413 2417 523 2470 Gluuciu
538 2415 641 2484 Atedii,
656 2435 695 2470 vs.
712 2417 777 2488 173,
796 2433 892 2470 serant
907 2419 959 2471 illic
973 2423 1086 2492 genitor,
1102 2433 1238 2491 materque

188 2497 300 2566 jurensis
312 2495 420 2561 Moram
435 2497 483 2550 ssd
497 2499 602 2551 attoniti
614 2511 639 2550 te
650 2509 804 2570 spectavere
814 2513 951 2570 parentes;
962 2524 973 2546 ι
987 2499 1071 2552 Tneb.
1085 2499 1156 2566 Vlll,
1170 2499 1237 2565 564:

196 2575 294 2627 nliunc
310 2575 392 2647 pedes
406 2594 468 2628 ense
480 2593 565 2647 rugo,
581 2579 686 2648 prensis
705 2595 776 2629 nune
796 2578 879 2631 celsus
898 2577 1006 2630 habenis
1021 2580 1077 2632 Ceu
1095 2591 1239 2649 spectetur,

192 2655 245 2724 egit
255 2673 283 2716 μ
298 2653 347 2705 ubi
361 2665 436 2707 vetus
450 2651 622 2708 scholiastes:
641 2675 709 2707 scen
722 2667 862 2728 spectetur.-
877 2661 914 2710 sic
928 2657 1080 2731 pugnabat,
1098 2661 1172 2730 quasi
1186 2659 1238 2710 vir·

192 2737 255 2785 tutis
269 2749 321 2785 sue
332 2731 422 2805 judice
437 2747 611 2806 spectante:-
629 2736 665 2786 ita
679 2733 834 2806 legendum
850 2737 929 2806 vulgo
945 2739 1095 2811 implicatur
1107 2737 1163 2792 haec
1175 2751 1238 2792 nota

193 2827 254 2866 eum
266 2813 363 2879 ultera,
376 2825 402 2865 et
412 2829 462 2884 pro
473 2821 604 2886 spectante
613 2811 711 2884 legitur
721 2827 844 2886 spectare.
858 2816 934 2870 ovid.
947 2836 977 2870 ex
988 2819 1082 2870 Ponto.
1093 2819 1141 2882 lll,
1155 2837 1178 2886 1,
1189 2817 1236 2887 59:

195 2892 353 2965 rQnithuid
366 2912 427 2966 apes
441 2895 534 2966 igitur,
546 2911 625 2946 scena
637 2893 792 2966 spectabere
804 2915 935 2968 magns„
950 2897 994 2951 Sil.
1009 2895 1092 2950 ltalic.
1104 2899 1155 2962 IX,
1170 2899 1236 2964 453:

196 2973 289 3026 rlaetus
306 2986 419 3048 uterque
433 2972 551 3046 Spectari
565 2971 686 3045 Superis,
706 2973 838 3027 acuebant
856 2976 989 3029 mentibus
1007 2978 1058 3029 iras
1069 3000 1075 3029 ι
1086 3002 1097 3024 ι
1114 2979 1151 3029 ita
1169 2978 1238 3029 forte

192 3054 332 3125 legendum
344 3073 394 3128 pro
406 3055 543 3108 addebant.
557 3053 618 3107 llaec
631 3051 744 3122 adnoto,
758 3058 881 3128 quoniam
896 3055 1037 3109 Salmasius
1049 3069 1075 3108 et
1087 3075 1146 3109 eum
1160 3075 1238 3109 seru-

192 3147 234 3188 tus
243 3135 393 3188 Gronovius
401 3134 509 3207 legunt,
520 3143 649 3207 spectator
658 3133 775 3188 ctllctes.
787 3133 849 3188 Non
861 3151 948 3200 recte;
960 3139 1092 3208 precessit
1102 3137 1170 3188 euim
1183 3155 1239 3210 spe-

192 3225 276 3268 autor
284 3216 359 3268 initio
372 3217 522 3282 sententie,
539 3213 631 3288 «Talis
643 3213 799 3289 Olympiaca
811 3217 935 3286 juvenem
950 3235 1030 3289 quum
1044 3229 1145 3288 spectat
1157 3235 1236 3268 arena

192 3297 245 3366 Qui
259 3299 387 3368 [sennim
405 3313 486 3368 quum
501 3305 599 3368 spectet
610 3295 750 3366 juvenem,
763 3291 791 3348 id
806 3309 862 3363 est,
877 3315 959 3368 quum
973 3305 1100 3367 spectator
1113 3311 1151 3349 est
1160 3299 1238 3368 jure-

193 3377 248 3428 nis:
269 3391 407 3449 tequumns
423 3387 479 3428 erut
495 3387 525 3426 ut
543 3385 671 3447 spectator
687 3377 783 3428 lterum
802 3375 965 3446 ingereretur
978 3371 1049 3426 idem
1066 3387 1152 3446 pater,
1171 3387 1196 3428 et
1210 3378 1236 3426 in

193 3454 284 3507 eadem
299 3455 445 3509 sententis?
458 3455 572 3519 Seneca,
587 3451 620 3506 de
633 3453 819 3522 Providentia,
835 3473 893 3525 cup.
909 3456 942 3523 4,
959 3451 1105 3506 «Militares
1119 3455 1166 3505 riri
1180 3454 1237 3524 glo-

193 3536 294 3585 riantur
307 3535 476 3602 rulnen'bus,
495 3535 546 3586 leti
564 3533 691 3586 luentem
705 3533 810 3586 meliori
822 3551 902 3586 esuss
917 3534 1073 3606 sangninem
1088 3545 1234 3585 ostentent:

193 3611 263 3664 idem
277 3611 339 3664 licet
353 3613 464 3666 fecerint
479 3615 524 3686 qui
536 3615 630 3686 integri
643 3626 809 3666 revertuntur
820 3631 851 3665 ex
864 3615 934 3680 acis,
948 3615 1032 3684 mugit
1044 3626 1180 3683 spectatur
1192 3613 1237 3684 qui

192 3695 296 3745 saucius
310 3691 386 3745 redit.
398 3716 409 3740 ι
425 3692 498 3745 Nihil
511 3696 594 3765 magis
609 3695 760 3766 appositum
772 3713 829 3746 esse
839 3695 936 3766 potuit.
949 3693 1043 3747 Gravia
1056 3694 1087 3743 iis
1099 3691 1237 3743 denuntiat
1296 3712 1299 3717 ·

193 3775 238 3844 qui
256 3771 325 3825 hunc
340 3773 549 3826 emendationem
564 3787 691 3846 respuunt
705 3773 861 3842 Salmasius,
875 3771 1008 3848 Epistola,
1025 3791 1082 3845 quae
1095 3771 1237 3842 prefigitur

192 3849 300 3904 Eleuuh.
310 3853 449 3906 dutidiatr.
461 3853 648 3922 Gronoviante,
658 3853 699 3907 his
708 3855 809 3908 verbis:
826 3878 837 3901 ι
847 3853 886 3906 De
898 3855 1083 3908 emendatione
1094 3870 1165 3918 mes,
1180 3869 1236 3922 spe-

192 3940 276 3982 ctator
285 3930 392 3984 mlieres
402 3931 454 3985 me
464 3933 561 4005 muqis,
574 3951 623 3986 uec
633 3947 663 3984 tu
673 3933 813 4000 dubitasti,
825 3951 875 3986 nec
888 3931 1003 3986 dubitari
1012 3949 1091 4005 posse
1104 3933 1158 3984 scio
1164 3968 1174 3996 ,
1186 3930 1237 3981 nisi

193 4030 209 4061 ι
221 4007 348 4065 similibus
360 4013 429 4066 illius
440 4014 567 4080 hominis,
580 4017 623 4067 cui
635 4017 766 4068 nerninem
776 4017 906 4087 imperitis
919 4029 946 4067 et
954 4013 1048 4083 &prole
1057 4012 1167 4066 similem
1180 4029 1236 4064 esse
