2824 4488
403 326 532 390 LIBRI
556 325 726 391 TERTII
751 329 1001 395 SILVARUM
1157 335 1218 400 361

217 466 259 521 9⁰·
278 447 428 500 Dalmatico
439 450 511 522 quod
521 459 609 501 monte
619 449 692 502 nitet.
705 451 806 503 Aurum
817 452 961 524 signifieat,
977 455 1050 526 quod
1063 476 1078 508 e
1091 456 1222 512 Dalmatia

181 528 348 592 mittebator;
363 543 390 582 et
400 529 500 582 Plinius
509 531 545 581 ita
556 529 661 597 scribit,
674 530 720 582 lib.
729 533 851 600 XXXIII,
862 551 909 601 ιι,
920 533 982 587 edit.
993 537 1112 608 Bipont.:
1128 540 1221 592 «inve-

180 611 252 663 nitur
265 608 409 682 aliquando
423 611 451 660 in
466 629 567 662 summa
582 610 675 663 tellure
691 613 810 682 protinus
824 631 883 664 rara
896 613 1039 682 felicitate,
1054 629 1084 667 ιιι
1098 635 1184 688 nuper
1194 622 1221 671 in

179 687 327 752 Dalmatis,
345 687 496 759 principatu
509 689 639 758 Neronis,
653 688 762 760 singulis
778 689 871 743 diebos
885 693 963 744 etiam
978 697 1176 765 quinquagenas
1190 696 1221 748 li-

179 766 240 819 bras
251 765 380 828 fundens3
394 768 494 838 gummi
504 768 639 820 inventum
653 781 694 821 est
703 770 731 820 in
743 787 846 822 summo
859 773 966 843 cespite.
978 795 990 819 ι
1010 776 1109 825 Doutr.

214 927 257 997 94.
276 927 472 1001 Perspicuoeque
482 927 561 980 aives.
573 927 728 1001 Crystallina
738 929 845 1001 pocula.
855 930 921 982 Plio,
934 933 999 984 Ilist.
1012 932 1072 984 Nat.
1085 933 1219 1002 XXXVII,

179 1025 196 1076 9
213 1029 220 1059 r
242 1007 401 1059 econtrario
419 1006 482 1059 huie
495 1026 577 1082 cansa
592 1007 742 1080 crystallum
763 1010 843 1074 facit,
862 1009 924 1082 gelu
941 1010 1137 1064 vehementiore
1153 1032 1219 1066 con·

179 1099 264 1149 creto;
275 1105 324 1138 nee
333 1085 416 1139 alinhi
425 1099 494 1140 certe
504 1088 642 1159 reperitur,
651 1105 730 1159 qnam
740 1087 786 1140 uhi
796 1091 906 1141 maxime
915 1087 1031 1141 hiberae
1039 1092 1112 1144 nives
1119 1093 1218 1162 rigen15

178 1163 344 1236 glaciemque
356 1184 412 1218 esse
425 1178 525 1218 certum
537 1179 592 1233 cst,
605 1167 674 1218 vinde
687 1182 713 1218 et
725 1187 821 1220 nomen
833 1170 917 1222 Graeci
928 1169 1032 1222 dedere.
1043 1193 1054 1218 ι
1069 1201 1105 1211 -
1116 1172 1218 1242 Massy-

179 1243 256 1317 laque
264 1245 367 1312 robora,
376 1257 403 1296 et
412 1245 474 1296 Indi
483 1246 575 1297 Dentis
584 1245 673 1298 honos.
685 1245 782 1300 Mensae
794 1249 896 1315 citreae,
905 1251 981 1319 cnjus
991 1247 1072 1320 pedes
1084 1268 1115 1302 ex
1127 1249 1216 1302 ebore.

97 1401 99 1406 Ι
177 1324 304 1378 mear.

210 1480 253 1547 98.
274 1479 301 1534 V
298 1479 368 1555 iyilr's
379 1489 403 1531 te
413 1479 548 1552 animique
557 1481 655 1553 separis
665 1481 758 1534 Exitus
767 1480 864 1532 evolvit
873 1492 1000 1553 quantum
1014 1483 1141 1534 Romana.
1158 1482 1216 1533 Sal·

175 1575 239 1611 mas.
251 1559 334 1630 Epist.
349 1558 399 1624 86,
416 1577 473 1630 quse
489 1571 528 1610 est
545 1556 579 1610 ad
592 1559 772 1626 Gronovium,
787 1559 859 1612 hunc
871 1559 960 1613 locum
972 1563 1007 1612 ita
1021 1561 1097 1631 legit:
1114 1559 1216 1612 «Silva-

175 1656 286 1710 rumque
295 1658 399 1706 comas,
408 1637 450 1690 vel
460 1656 541 1711 aquas
551 1652 617 1711 quot
626 1641 652 1690 in
664 1658 739 1691 amne
749 1657 874 1711 sequaces
885 1641 975 1691 Exitus
985 1640 1112 1700 evolvit3»
1127 1640 1215 1706 «Scis,

173 1719 260 1788 inquit
273 1719 333 1786 ille,
345 1719 429 1771 exitus
439 1719 557 1770 amnium
571 1716 624 1770 dici
638 1721 705 1770 ostia
718 1736 827 1786 eornm,
841 1717 938 1790 quihus
949 1720 977 1770 in
991 1737 1063 1770 mare
1076 1736 1103 1770 se
1117 1735 1215 1770 exone-

173 1813 241 1852 rant.
253 1800 351 1855 Evclvi
359 1801 438 1852 etiam
448 1801 476 1851 in
487 1818 560 1852 mare
569 1798 707 1866 dicuntur,
721 1803 835 1871 quumin
844 1813 1017 1852 mareexeunt
1025 1819 1074 1872 per
1080 1801 1212 1852 istaostia.

171 1878 279 1930 hlemini
294 1881 330 1931 ita
347 1878 465 1930 locutum
483 1877 597 1949 politum
615 1880 771 1952 scriptorem
787 1879 923 1942 Curtium3
941 1877 986 1931 sed
1005 1897 1076 1930 nuno
1090 1877 1165 1930 locus
1179 1876 1214 1929 ad

172 1973 278 2008 manum
291 1968 406 2008 nonest.
419 1957 507 2028 Aquas
517 1974 634 2030 sequaces
647 1957 675 2009 ιἰι
689 1976 768 2010 amne
779 1958 912 2028 eleganter
923 1957 1055 2031 appellat,
1068 1960 1130 2030 qnia
1141 1956 1213 2009 unda

172 2037 291 2107 sequitur
302 2035 408 2087 undem.
419 2037 509 2089 Posset
519 2049 606 2089 tamen
618 2038 697 2089 etiam
711 2036 761 2110 legi
767 2036 889 2112 fuqaees5
902 2038 1034 2110 lympham
1042 2039 1139 2112 fuqere
1147 2036 1213 2090 dixit

171 2116 329 2169 Horatius.»
344 2118 404 2168 Non
421 2115 575 2187 exagitanda
588 2116 644 2169 hec
658 2117 778 2170 Salmasii
794 2123 945 2190 conjectura
962 2118 1039 2188 (licet
1051 2118 1131 2188 longe
1144 2119 1213 2170 inira

171 2195 327 2250 salmasium
341 2195 402 2266 sit),
420 2198 482 2267 quia
497 2198 555 2269 ipse
574 2196 636 2249 alibi
654 2217 712 2250 eam
726 2197 848 2262 damnat,
868 2199 986 2270 Epistola
1001 2214 1059 2270 quae
1072 2199 1213 2271 praeligitur

170 2277 345 2329 Gronovianae
357 2277 475 2330 Elencho
491 2277 631 2331 Antidiatr.
646 2298 672 2350 p.
688 2297 730 2351 ιγ,
742 2278 789 2332 uhi
800 2277 906 2332 demum
919 2279 997 2351 legit,
1011 2280 1211 2350 evigilataque,

171 2358 303 2428 animique
315 2358 415 2429 sagacis
429 2358 462 2409 Et
474 2359 543 2410 citus
559 2358 655 2411 evolvis
672 2370 818 2430 quantum,
834 2371 906 2410 eto·
923 2360 1002 2424 Tria,
1018 2359 1120 2428 inquit,
1134 2359 1162 2408 in
1179 2373 1210 2408 eo

170 2436 353 2501 commendet,
365 2437 541 2507 vigilantiam,
553 2439 738 2510 sagacitatem,
752 2450 778 2489 et
789 2437 949 2490 celeritatem
960 2438 987 2488 in
998 2435 1050 2488 illis
1062 2433 1211 2488 evolvendis

171 2529 197 2567 et
212 2515 398 2588 expediendis,
416 2517 449 2569 de
469 2517 564 2590 quibos
584 2518 713 2587 sequitur.
732 2519 793 2568 llaec
811 2517 919 2588 quidem
934 2514 1114 2586 superioribus
1132 2513 1211 2584 longe

171 2598 368 2667 prestantiora3
382 2597 429 2650 sed
442 2595 531 2649 adhuc
544 2597 654 2648 Statium
666 2615 772 2669 quaro,
785 2610 812 2649 et
824 2597 946 2668 spiritum
961 2594 1032 2647 illum
1046 2608 1072 2647 et
1087 2597 1211 2665 majesta·

172 2687 226 2728 tem
236 2695 293 2748 que
304 2679 441 2748 nunquam
453 2679 535 2749 serpit
546 2675 627 2728 humi.
641 2677 748 2729 Evolvt's
759 2695 836 2744 vero,
850 2694 904 2727 non
916 2675 1024 2742 evolvit,
1037 2675 1210 2728 certissimum

171 2769 227 2808 est:
238 2757 376 2810 Etruscum
389 2760 458 2809 enim
470 2757 615 2828 alloquitur
626 2771 722 2828 poeta,
736 2772 765 2809 ιιι
776 2774 871 2828 snpra,
882 2775 906 2808 v.
921 2756 968 2820 83,
981 2757 1099 2820 etiaim,
1111 2775 1136 2806 v.
1152 2753 1210 2805 106.

170 2837 221 2888 Pro
235 2837 319 2912 oiqilis
330 2849 370 2905 te,
384 2839 530 2891 Parmensis
545 2837 621 2890 aliter
632 2837 760 2908 dispescit
772 2855 866 2903 voces,
881 2835 946 2910 uipil
957 2837 1015 2898 iste,·
1030 2833 1105 2906 quod
1119 2833 1211 2884 admisi

169 2921 195 2970 in
207 2931 375 2986 contextum,
387 2938 441 2971 non
454 2922 515 2994 quia
526 2919 714 2990 intelligerem,
728 2918 775 2972 sed
788 2918 860 2990 qaod
872 2915 971 2990 aliquid
983 2917 1131 2968 necessario
1143 2928 1212 2967 esset

169 2997 368 3050 admittendum.
381 3001 487 3052 Possem
499 2999 614 3052 infinitas
631 3002 800 3071 conjecturas
814 2997 966 3070 disperdere
977 2998 1005 3048 ιιι
1019 2994 1091 3047 hunc
1104 2993 1210 3055 locum;

168 3077 214 3129 sed
226 3077 300 3130 nulla
309 3097 400 3131 earnm
411 3079 530 3131 mihimet
542 3079 689 3143 satisfaci03
701 3078 800 3131 nedum
812 3091 840 3130 ut
852 3076 909 3129 aliis
921 3093 1033 3147 sperem.
1044 3073 1136 3125 Animi
1145 3091 1210 3126 vero

167 3159 264 3232 saqacis
276 3159 362 3229 proba
377 3172 417 3211 est
432 3172 458 3211 et
472 3160 569 3212 usitata
585 3159 698 3231 phrasis.
710 3159 864 3224 Lucretius,
879 3159 908 3223 l,
923 3155 989 3224 qo&
1004 3153 1125 3222 11‚839;
1142 3151 1208 3204 Ριιιι.

166 3237 232 3288 Ilist.
244 3239 307 3288 Nat.
319 3239 342 3289 ll
350 3276 360 3305 ,
372 3255 401 3290 ιι
414 3259 420 3288 ι
437 3237 619 3310 sl'ythaqoras
632 3257 712 3305 vero,
725 3240 766 3291 vir
780 3239 882 3309 sagacis
898 3237 994 3304 animi,
1010 3247 1062 3286 etc.
1072 3255 1080 3296 3
1091 3257 1101 3281 ι
1115 3233 1207 3285 Manil.

110 3349 113 3354 -
166 3317 204 3383 ll,
221 3319 350 3385 156;111‚
366 3317 426 3390 276.
440 3319 518 3371 Plura
530 3320 649 3391 exempla
664 3337 769 3392 possem
782 3319 916 3390 proferre;
933 3317 979 3370 sed
996 3333 1121 3387 quorsum
1138 3311 1209 3380 haec,

166 3397 288 3467 inquies?
300 3397 336 3448 Ut
354 3415 457 3448 mecum
475 3400 575 3451 mireris
594 3399 658 3469 quid
677 3398 727 3451 sihi
740 3396 803 3450 velit
818 3397 926 3461 Cicero,
943 3397 988 3469 qui
1004 3393 1040 3446 ch
1054 3405 1209 3464 usurpatam

165 3473 234 3528 hanc
246 3476 357 3548 phrasin
368 3479 472 3530 veniam
483 3481 566 3549 petit,
578 3480 618 3532 De
629 3481 687 3531 Fla,
703 3481 768 3532 Bon.
782 3492 808 3531 et
821 3477 885 3530 Mal.
899 3480 939 3543 ll,
957 3475 1005 3543 sq,
1019 3473 1066 3526 ubi
1079 3472 1112 3524 de
1123 3483 1210 3524 mente

164 3574 209 3609 teu
224 3558 316 3610 animo
327 3557 459 3631 loquitur:
475 3561 622 3614 «Homines
635 3562 719 3628 anim,
733 3563 781 3613 etsi
793 3560 850 3612 aliis
861 3559 966 3625 multis,
983 3570 1070 3610 tamen
1086 3555 1139 3608 hoc
1154 3573 1208 3606 uno

164 3635 281 3690 abestiis
291 3638 434 3706 differunt,
447 3639 519 3711 qood
528 3643 656 3694 rationem
668 3640 784 3693 habeant
797 3659 813 3692 a
824 3655 918 3693 natura
928 3637 1031 3706 dnum,
1043 3649 1209 3707 mentemque

163 3729 190 3768 et
205 3735 294 3770 acrem
310 3733 337 3772 et
349 3721 495 3791 vigentem,
511 3720 699 3793 celerrimeque
711 3722 796 3774 osulta
807 3720 886 3773 simul
898 3721 1057 3792 agitantem,
1074 3728 1115 3780 et,
1133 3727 1163 3766 ut
1173 3717 1208 3765 ita

162 3793 266 3863 dicam,
281 3815 417 3869 sagacem:
434 3819 492 3872 quoe
505 3815 532 3853 et
546 3819 639 3854 causas
656 3819 744 3854 rerum
759 3815 785 3854 et
801 3801 1002 3853 consecutiones
1018 3795 1119 3859 videat,
1134 3806 1159 3845 et
1173 3793 1209 3842 si-

161 3875 324 3930 militudines
337 3881 494 3948 transferat,
506 3894 532 3933 et
546 3880 678 3952 disjuncta
691 3881 852 3952 conjungat,
869 3893 894 3930 ct
907 3897 966 3929 cum
980 3872 1156 3948 praesentibus
1166 3872 1209 3921 fu·

161 3965 221 4007 tura
230 3958 353 4029 copulet,
364 3977 522 4032 omnemque
530 3961 786 4032 complectaturvitae
796 3959 983 4030 consequentis
992 3968 1118 4008 statum.»
1129 3951 1208 4000 Nota-

160 4033 201 4087 his
211 4037 277 4104 ista,
290 4052 438 4106 «mentem,
447 4051 478 4092 ut
486 4042 522 4093 ita
531 4041 632 4105 dicam,
642 4059 761 4110 sagacem
769 4061 795 4101 3¹·
809 4057 865 4110 qaae
875 4035 970 4100 verba,
983 4046 1032 4087 «ut
1041 4035 1075 4084 ita
1086 4029 1170 4082 dicam
1178 4068 1185 4096 ,
1193 4054 1204 4076 ι
