2844 4484
208 299 272 380 544
452 298 487 359 Ρ.
514 297 549 358 Ρ.
575 293 728 360 STATll
753 295 994 362 SILVARUM

249 425 382 508 Navius,
395 421 638 517 proturbetque
650 421 763 491 vadis?
774 421 867 491 vehit
877 423 933 493 ille
945 440 1112 493 merentes

249 542 429 619 Protenus,
442 551 476 602 et
486 539 605 603 Manes
616 532 766 628 placidos
778 535 866 604 locat
877 535 1010 630 hospite
1022 536 1154 630 cymba.

296 651 474 728 Praeterea,
487 647 516 711 si
528 643 665 738 qunndo
676 647 732 738 pio
744 643 879 713 laudata
890 648 1010 714 marito

250 757 380 826 Umbra
390 759 497 838 venit,
507 752 604 848 jubet
615 757 664 823 ire
676 755 765 823 faces
777 759 979 850 Proserpina
989 755 1097 838 laetes,

249 873 476 962 Egressnsque
489 868 591 935 sacris
603 882 734 934 veteres
747 865 909 934 Heroides
921 870 1027 935 antris
1198 879 1248 932 255

249 981 393 1046 Lumine
403 1001 576 1071 purpure-o
588 979 700 1045 tristes
710 980 841 1071 aperire
852 977 1021 1060 tenebras,

250 1093 409 1184 Sertaque
420 1105 454 1156 et
464 1087 597 1182 Elysios
607 1091 729 1158 anime
741 1108 962 1183 praesternere
972 1088 1083 1157 llores.

295 1202 347 1269 Sic
358 1204 476 1268 Manes
489 1199 639 1268 Priscilla
649 1199 755 1285 subit3
768 1201 828 1268 ubi
840 1200 992 1295 supplice
1003 1199 1120 1268 dextra

250 1315 358 1378 Prote
370 1316 450 1378 Fato
462 1326 572 1403 roget,
586 1335 681 1402 reges
694 1309 754 1378 tibi
766 1314 871 1380 tristis
882 1313 1005 1380 Averni

251 1421 375 1506 Placet,
389 1437 428 1489 ut
439 1421 579 1514 expletis
590 1422 731 1490 humani
742 1422 868 1492 linibus
879 1427 942 1492 aevi
1198 1431 1248 1484 260

242 1689 301 1743 252.
316 1693 365 1743 Pro
378 1690 508 1765 placidos,
524 1711 615 1747 ornnes
628 1695 701 1748 editt.
747 1697 850 1751 Etrusc.
861 1718 886 1749 v.
900 1699 947 1752 25:
961 1694 1063 1762 «Felix,
1073 1694 1126 1747 heu
1137 1693 1245 1744 nimium

202 1777 328 1850 placidus.
346 1779 396 1832 Sed
409 1782 451 1831 rix
466 1799 534 1852 opus
547 1795 604 1834 erat
617 1780 704 1836 dicere
747 1775 825 1843 seih,
840 1776 998 1850 plomthne
1012 1787 1075 1827 nalo
1093 1773 1187 1825 ΜΝ
1204 1789 1247 1822 ²³²·

203 1858 339 1910 Charonta
347 1857 495 1932 placidum,
507 1879 589 1932 quum
600 1861 653 1914 boo
665 1881 705 1915 ς..
748 1856 794 1906 nit.
805 1879 816 1903 ι
828 1858 890 1908 lloec
899 1868 961 1908 sunt
970 1857 1027 1926 ipsa
1037 1853 1125 1908 verbe.
1136 1851 1186 1904 Sed
1196 1867 1247 1901 tne-

204 1937 238 1987 tis
257 1938 417 2008 exprimetur
434 1939 461 1988 in
481 1937 579 2010 bospite
596 1941 687 2010 cymba
692 1963 702 2004 ,-
746 1933 798 1985 lius
809 1948 915 1987 tacere:
929 1937 1023 2008 prucis
1038 1936 1107 1986 enirn
1120 1931 1174 1984 boc
1188 1949 1247 2003 per-

203 2013 250 2066 sed
264 2015 327 2066 dicit
340 2027 465 2068 merentes
477 2031 503 2068 et
513 2016 631 2090 placidos
641 2021 703 2071 Ma·
747 2012 912 2067 suadebo-
918 2017 968 2066 Pro
978 2017 1161 2080 venit,Venet.
1170 2021 1245 2065 vetat.

202 2111 259 2158 nes,
277 2094 396 2164 quietos,
412 2093 498 2165 qualis
516 2107 555 2147 est
575 2096 699 2150 Priscilla.
745 2093 854 2146 —Cod
867 2095 948 2148 Paris.
960 2094 1002 2148 ed.
1015 2113 1057 2166 pr.
1069 2094 1148 2146 vestit.
1162 2092 1194 2141 Δ.

201 2173 338 2225 Geranios
345 2174 455 2243 primus,
463 2174 536 2245 quod
546 2176 702 2242 scium,etli·
782 2172 840 2238 254.
856 2175 907 2225 Pro
915 2173 1003 2246 faces,
1015 2172 1109 2224 Venet.
1117 2170 1199 2242 fores·
1211 2197 1244 2208 -

201 2251 240 2304 dit
254 2250 385 2323 placidos
404 2263 430 2302 et
448 2249 520 2303 bunc
539 2253 701 2324 sequebatur
745 2251 810 2304 Cod.
824 2255 903 2305 Paris.
916 2251 957 2304 ed.
974 2273 1016 2325 pr.
1024 2251 1107 2324 foces.
1118 2251 1196 2303 Jubet
1208 2251 1245 2301 ire

199 2332 369 2384 Gronovius:
385 2343 472 2400 recte,
489 2333 510 2385 si
527 2333 699 2388 monuissent.
738 2332 827 2405 faces,
844 2347 894 2386 etc.
910 2335 1011 2386 Seneca
1028 2347 1114 2386 temen
1133 2331 1161 2383 id
1178 2331 1243 2383 dicit

200 2413 319 2466 Alterum
334 2425 421 2462 tamen
434 2410 542 2463 defendi
555 2426 652 2484 potest.
664 2444 700 2454 —
745 2411 808 2466 solis
825 2413 927 2484 pueris,
947 2413 1070 2484 ephebis,
1089 2423 1115 2462 et
1132 2413 1241 2481 virgini-

198 2491 292 2544 Posten
306 2485 454 2540 Markland.
469 2489 599 2540 inVenet.
612 2491 696 2542 Parin.
743 2489 794 2543 bus
813 2509 983 2560 concessum,
1005 2494 1032 2543 in
1052 2489 1155 2543 Hercul.
1177 2491 1239 2542 Fur.

198 2569 275 2621 Rom.
288 2569 416 2639 comperit
425 2565 560 2639 plaudas,-
574 2571 620 2640 qui
634 2589 699 2620 con·
742 2583 793 2620 set.
805 2573 853 2638 lll,
868 2571 932 2622 «His
945 2569 1035 2624 dcturn
1047 2567 1145 2621 solis...
1157 2571 1239 2622 ceteri

198 2667 307 2714 sensus,
318 2647 353 2698 ait
364 2644 421 2710 ille,
433 2664 595 2718 pregravere
608 2645 695 2700 debet.
740 2649 840 2702 vadunt
850 2669 898 2721 per
908 2668 994 2721 opace
1006 2651 1101 2702 tristes.
1111 2671 1123 2694 ι
1135 2649 1167 2698 Δ.

198 2725 263 2780 cod.
277 2727 355 2778 Paris.
369 2723 410 2776 ed.
424 2745 465 2796 pr.
478 2723 604 2796 placidus.
617 2729 648 2778 A.
662 2757 697 2766 -
777 2727 837 2782 256.
853 2729 917 2782 cod.
933 2731 1015 2782 Puris.
1030 2742 1057 2780 et
1071 2727 1113 2780 ed.
1129 2745 1170 2798 pr.
1185 2727 1240 2782 rul-

196 2809 276 2872 Mox,
290 2825 340 2877 pro
354 2805 458 2875 cymba,
474 2808 542 2858 forte
555 2803 697 2875 legendum
741 2804 1136 2878 getnmaperiretuentur.Vide
1145 2819 1200 2858 not.
1209 2807 1239 2858 A.

196 2889 262 2959 ripa.
271 2883 331 2936 vid.
344 2896 400 2935 not.
777 2885 837 2956 257.
856 2885 962 2938 Animo
979 2899 1137 2959 prosternere
1149 2887 1238 2962 flores.

233 2963 293 3017 253.
305 2964 335 3016 Si
346 2960 450 3034 quando
459 2961 505 3032 pio
519 2959 627 3016 laudata
639 2981 696 3016 ma·
741 2961 828 3018 Cuivis
836 2977 911 3034 petet
920 2965 1059 3035 legendum
1068 2976 1240 3035 presumere,-

196 3045 246 3098 n'to
270 3044 365 3096 Umbra
386 3043 463 3094 venit.
485 3043 549 3094 Non
568 3044 697 3110 satisfecit
741 3055 768 3094 ot
783 3046 820 3095 sic
834 3043 941 3104 Verrem
961 3057 990 3097 ut
1008 3046 1159 3114 Propempt.
1176 3044 1238 3094 Met.

196 3121 320 3176 laudatae
333 3135 359 3173 et
371 3123 426 3174 seio
439 3119 546 3192 quidem
555 3141 648 3176 vocem
662 3121 695 3174 sd
740 3120 823 3174 Celer.
834 3139 872 3173 vs.
886 3121 949 3189 114:
965 3124 1050 3190 :Qute
1063 3121 1113 3174 sibi
1123 3133 1238 3192 prester·

195 3222 251 3256 rem
265 3199 405 3253 funebrem
417 3202 565 3271 pertinere,
579 3205 695 3266 Seneca,
740 3209 788 3251 nat
803 3201 878 3252 vivax
895 3199 988 3252 alteria
1002 3199 1120 3252 Plroenix.
1132 3223 1143 3245 ι
1160 3199 1192 3251 Et
1203 3201 1239 3252 ita

195 3279 303 3332 Consul.
318 3278 351 3330 ed
363 3279 445 3330 Marc.
462 3297 520 3348 cup.
538 3295 586 3348 ¹7³
602 3277 695 3331 ullibil
740 3280 910 3349 conjecerant
927 3279 1096 3344 Bernartius,
1116 3291 1142 3330 et
1160 3279 1240 3330 Heio-

183 3371 266 3412 -setnt
273 3356 331 3410 illos
340 3355 437 3408 liberos
446 3355 493 3408 tibi
502 3375 695 3428 supremaprte·
740 3360 793 3410 sius
803 3357 920 3412 edOvid.
929 3359 987 3409 Am.
996 3361 1043 3424 111,
1055 3356 1130 3421 13,v.
1139 3356 1186 3423 24,
1194 3355 1238 3408 ubi

195 3451 278 3501 stare,
291 3447 316 3486 et
327 3433 431 3487 laudari
441 3449 466 3488 te
479 3454 494 3486 a
506 3435 691 3488 liberis.tuis:·
740 3438 818 3488 etium
829 3455 879 3507 pro
889 3437 988 3508 aperire
1000 3435 1126 3500 tenebras,
1138 3455 1171 3486 ex
1179 3439 1240 3488 Pan·

195 3530 221 3568 et
237 3517 274 3568 ita
290 3513 397 3584 ubique.
417 3513 469 3568 Sed
486 3515 562 3565 nimis
582 3527 694 3583 angusta
739 3518 824 3568 mensi
839 3520 946 3588 reponit
965 3516 1061 3570 laxare.
1076 3519 1160 3568 Totus
1176 3533 1239 3568 vero

195 3593 260 3648 mibi
269 3593 370 3646 videtur
380 3613 430 3646 vor
441 3593 560 3659 laudata,
572 3610 622 3644 nec
632 3595 694 3645 sutis
738 3595 782 3648 bic
795 3596 870 3648 Statii
884 3595 960 3649 locus
974 3609 1076 3648 sumtus
1090 3608 1129 3647 est
1141 3614 1172 3646 ex
1181 3596 1240 3645 Vir-

195 3676 351 3747 exprimere.
359 3673 468 3739 Melius,
479 3690 539 3723 meo
546 3671 663 3741 judicio,
673 3674 694 3724 si
739 3673 793 3744 gilii
802 3673 906 3739 Culice,
917 3695 941 3727 v.
954 3675 1020 3728 260:
1035 3697 1045 3720 ι
1055 3673 1142 3728 Obvia
1152 3675 1241 3726 Perse-

195 3757 357 3827 scripsisset,
367 3754 412 3824 pio
422 3749 525 3825 plorata
538 3751 640 3804 manto.
655 3753 694 3804 lta
739 3755 829 3826 phone
839 3757 949 3809 comites
959 3754 1086 3810 Heroides
1098 3769 1175 3826 urget
1186 3753 1238 3805 nd-

194 3835 272 3890 Ovid.
281 3836 335 3886 Art.
344 3833 401 3884 Am.
412 3834 437 3896 1,
448 3829 496 3900 75:
510 3831 585 3882 «Nec
595 3844 620 3884 te
629 3851 694 3903 prae·
738 3853 826 3888 versos
839 3837 962 3906 presens
973 3836 1061 3900 incest
1072 3859 1085 3883 ι
1100 3837 1138 3886 ita
1151 3833 1237 3904 legen-

186 3907 693 3982 ¹terentVeneriplotultssAdonisa·Sed
738 3913 817 3976 dum;
837 3915 915 3987 vulgo
934 3913 1069 3985 perferre:
1092 3915 1143 3964 nisi
1164 3909 1237 3962 melis

195 3994 258 4063 quid
280 3988 410 4062 estquod
432 3989 507 4041 video
531 3993 558 4042 in
581 3991 691 4045 lncrim.
735 3985 1236 4064 profem.blos‚istopoemete,v.265,
