2776 4484
185 335 225 419 7ss
342 331 478 396 noun
504 330 550 392 tn
575 329 774 395 cannen
799 327 1064 400 secuuoun

182 454 305 526 Exempla
313 457 339 505 ia
348 453 464 524 qualibet
470 453 566 523 pagina
574 451 664 503 Nostri
671 465 696 503 et
705 453 823 504 aliorum,
833 483 868 494 -
876 455 1001 508 Omnium
1009 460 1222 515 sanissimumett

183 536 340 588 vocabulum
345 541 411 606 eoep'e
416 573 426 599 ,
437 531 509 605 quod
517 549 571 584 non
579 551 633 584 uno
642 533 702 584 loco
710 535 794 585 critici
803 547 897 587 temere
906 547 1049 590 rnutarubt.
1057 541 1130 612 Soepe
1138 545 1221 604 enini,

181 631 211 667 ιιι
221 619 340 670 Graecum
353 611 464 668 roudus
479 625 623 684 usurpatur
639 627 693 665 non
707 619 808 666 tantum
823 615 856 667 de
871 631 899 668 re
913 635 967 668 non
982 621 1062 672 semel
1078 623 1162 688 facta,
1176 623 1222 675 sed

182 699 260 750 esiam
269 700 398 767 majorem
407 697 460 747 vius
469 696 507 746 rei
516 689 629 761 indicat,
639 707 668 745 ιιι
677 697 710 746 sit
717 693 745 746 id
755 695 827 766 quod
838 695 925 764 valde,
936 696 1108 770 veliementer,
1117 711 1222 776 mopte-

179 792 248 846 pere.
269 777 350 828 flauo.

221 925 277 978 152.
297 921 417 973 Pendent
430 921 607 972 innumeris...
620 918 755 974 columnus
768 921 853 975 Probe
869 927 924 975 scio
940 941 1033 978 vocem
1047 928 1162 998 pendent
1175 927 1220 980 de-

181 1005 253 1057 fendi
267 1019 346 1074 posse
357 1020 388 1052 ex
401 999 513 1052 Martini.
528 1001 617 1070 Epigr.
630 999 675 1052 lib.
688 1003 724 1065 ΙΙ,
743 1001 786 1068 14;
805 1007 831 1054 et
849 1003 947 1056 Seneca
959 1007 1043 1078 Epist.-
1058 1023 1108 1075 90,¹
1120 1019 1147 1058 et
1157 1008 1221 1058 Pru·

182 1085 271 1138 dentio
283 1081 441 1154 Apotheosi‚
452 1097 519 1132 vers.
533 1096 599 1134 aon:

366 1179 437 1237 Cujus
446 1193 505 1223 onus
514 1176 582 1223 nullis
592 1175 674 1223 toltum
684 1178 783 1226 subllnte
792 1179 906 1228 columnis

366 1249 462 1295 Fornies
471 1259 567 1295 consto
576 1252 639 1296 tenui
648 1260 717 1312 super
726 1235 781 1298 dsce'
786 1254 905 1314 pependit.

182 1351 234 1403 Ubi
248 1348 319 1402 vides
338 1371 349 1392 ιι
360 1364 427 1398 onus
441 1345 536 1396 fultum
554 1347 684 1398 columnis
701 1348 864 1419 pependit‚u
882 1349 961 1421 plane
976 1366 1006 1403 ut
1020 1351 1078 1420 bic,
1095 1355 1219 1426 «fastigia

183 1433 242 1482 nixa
252 1425 379 1481 columnis
388 1424 513 1497 pendent.
525 1449 535 1472 s
550 1428 623 1493 Hac,
635 1429 756 1499 inquam,
769 1443 794 1480 et
805 1429 854 1480 alia
865 1432 919 1481 scio
931 1427 1095 1500 hujusmodi:
1110 1431 1172 1484 mibi
1182 1447 1221 1484 ta-

183 1530 243 1562 men
257 1507 338 1578 magis
352 1503 452 1578 placet,
466 1505 601 1576 splendent
615 1507 770 1574 innumeris,
784 1521 850 1576 ete,
868 1522 897 1560 ut
911 1509 1068 1580 respondeat
1080 1509 1114 1578 ‹rs'i
1132 1511 1220 1564 lucent

182 1608 260 1641 versu
272 1587 406 1658 sequenti,
417 1581 561 1655 Splendeat
571 1585 687 1654 fastigia,
701 1584 788 1636 luceret
799 1587 902 1639 robora.
915 1589 1001 1658 Major
1012 1603 1082 1640 certe
1093 1588 1155 1642 binc
1169 1590 1220 1641 do·
1279 1631 1284 1656 f

183 1676 242 1720 rous
253 1663 456 1718 commendatio.
472 1665 509 1714 Ita
521 1661 605 1715 Theb.
619 1667 645 1730 Ι,
660 1661 723 1730 ι45ι
742 1665 898 1718 «utentibus
912 1681 957 1718 aut
968 1667 1018 1719 alte
1030 1668 1114 1722 Graiis
1127 1669 1219 1721 effulta

183 1747 300 1798 nitebant
316 1746 398 1796 Atria.
410 1767 421 1789 ι
439 1739 572 1795 Catalecta
585 1743 642 1793 Vct.
658 1743 729 1794 Poet.
751 1747 860 1798 “Aurea
878 1747 951 1817 quod
965 1767 1066 1800 summo
1082 1747 1221 1820 splendent

183 1825 317 1896 laquearia
333 1835 433 1874 tecto·
453 1821 562 1885 Noster,
578 1818 649 1871 Baln.
667 1819 768 1875 Etrusc.
785 1843 808 1875 v.
822 1825 872 1891 42:
887 1825 987 1878 «Vario
999 1827 1102 1900 fastigia
1112 1829 1176 1878 vitro
1191 1829 1219 1880 ln

183 1906 283 1974 species
303 1905 456 1970 animosque
474 1899 591 1950 nitent·
615 1901 761 1954 Innumeris
775 1903 904 1957 columnis
919 1905 981 1956 ferri
997 1918 1093 1976 potest.
1111 1905 1152 1957 Sic
1165 1908 1221 1959 Διι-

183 1982 271 2033 sonius
289 1977 391 2031 Mosell.
407 1993 474 2028 vers.
491 1975 551 2029 336.
573 1977 624 2028 Sed
642 1978 735 2032 melius
753 1981 932 2053 respondisset
950 2002 1061 2055 sequeus
1075 2003 1178 2050 versus,
1199 1988 1219 2036 si

183 2065 210 2111 in
225 2059 274 2111 hoc
289 2059 450 2128 scripsisset:

365 2151 493 2215 Splendeat
500 2154 610 2199 Taenariis
618 2154 708 2218 fastigia
718 2159 769 2202 nixa
779 2156 898 2202 columnis.

185 2255 317 2323 ullastigis
326 2250 465 2323 splendent
476 2247 604 2304 columnis
615 2253 754 2321 Teneris's,
764 2253 860 2305 robora
869 2254 958 2307 lucent
966 2255 1113 2308 Delmatico
1124 2273 1217 2309 suro.»

182 2339 301 2405 Propert.
312 2332 357 2384 lib.
368 2333 417 2397 111,
429 2330 494 2400 eleg.
508 2349 538 2396 s,
549 2350 616 2384 vers.
627 2351 660 2404 9:

365 2430 434 2490 Quo'd
445 2433 492 2474 bon
501 2432 610 2478 Taebiriis
619 2431 702 2479 domus
712 2443 745 2478 cst
754 2431 810 2478 mibi
820 2431 878 2478 fulta
886 2431 1006 2478 columnis.

181 2517 280 2589 'tubum
292 2518 338 2575 lib.
351 2518 398 2588 111,
412 2509 478 2591 eleg.
489 2523 520 2587 3,
530 2542 595 2575 vers.
611 2525 656 2576 13:

364 2616 453 2678 Quidve
463 2616 545 2663 domus
554 2617 649 2680 prodest
657 2613 760 2681 Phrygiis
769 2618 848 2665 innixa
856 2617 981 2675 columnis,

395 2687 503 2743 Taenare,
513 2689 561 2733 s'ive
572 2690 628 2744 tuis,
639 2689 698 2744 sive,
710 2691 816 2753 Caryste,
827 2691 889 2736 tuis?

219 2819 275 2888 ¹54·
288 2819 364 2874 3⁸7⁰ss
372 2820 474 2872 dmm
486 2823 587 2873 vetustis
592 2821 706 2896 stipem.
719 2821 756 2873 Ex
766 2823 857 2893 Vir-gil.
867 2823 964 2895 Georg.
976 2823 1068 2890 lib.11‚
1080 2841 1147 2877 vers.
1155 2824 1218 2890 4⁰4²

364 2913 470 2978 Frigidus
479 2929 502 2961 ct
511 2914 575 2963 Silvis
584 2915 667 2981 Aquilo
676 2915 777 2964 decussit
785 2917 899 2965 bonorem
908 2937 915 2976 ;

183 3009 227 3062 ubi
243 3023 319 3080 notat
332 3009 434 3060 Servius
447 3009 572 3060 Varronis
589 3008 661 3061 bunc
678 3027 735 3062 esse
751 3029 864 3062 versum.
880 3009 930 3062 Sed
943 3028 1038 3080 parurn
1052 3009 1174 3071 feliciter,
1191 3021 1220 3059 ut

183 3091 244 3143 inibi
255 3091 368 3156 videtur,
379 3089 451 3141 bunc
462 3086 549 3141 locum
561 3093 679 3142 imitatus
691 3105 730 3142 est
742 3091 853 3142 Statibs:
867 3091 973 3142 bonores
982 3093 1064 3154 enim,
1075 3087 1102 3138 id
1114 3102 1167 3154 est,
1179 3088 1220 3140 fo-

182 3169 215 3220 lia
227 3182 253 3220 et
264 3171 367 3220 fructus
377 3184 446 3220 recte
459 3169 544 3245 decuti
556 3170 625 3221 silvis
638 3171 723 3240 poetis
735 3171 831 3240 passim
843 3167 981 3219 dicuntur:
988 3167 1091 3240 friqora
1102 3184 1167 3226 vero
1174 3167 1220 3218 de·

181 3247 233 3299 cuti
243 3265 331 3298 noune
345 3247 470 3300 audacter
481 3251 558 3300 nimis
570 3261 596 3300 et
607 3248 690 3300 dure?

218 3387 276 3442 155.
296 3391 429 3464 Perspiwi
444 3392 535 3442 vivunt
546 3391 572 3440 in
585 3402 712 3440 mansore
720 3387 819 3458 fontes.
832 3387 953 3438 Heinsius
965 3399 1020 3436 not.
1036 3385 1070 3437 ud
1081 3385 1217 3441 claudian.

181 3473 208 3520 in
218 3467 303 3520 Rufio.
317 3472 342 3532 1,
361 3471 423 3536 153,
437 3488 485 3540 pro
498 3485 624 3518 monnone
635 3467 698 3536 legit
710 3482 850 3516 murmuro.
863 3463 913 3515 Sed
924 3481 979 3514 non
991 3481 1057 3535 opos
1070 3476 1122 3515 est:
1138 3467 1219 3519 immo
1256 3478 1261 3500 t

182 3565 306 3599 attonsione
317 3547 379 3600 buic
389 3549 448 3600 loco
461 3547 645 3598 necessarium.
655 3544 697 3594 Ab
707 3543 758 3595 hoc
770 3547 839 3594 enim
849 3541 947 3614 pendet
955 3541 1012 3594 laus
1024 3555 1050 3593 et
1061 3542 1161 3597 lautitia
1174 3545 1219 3598 do·

181 3647 253 3695 rrius,
269 3628 341 3699 quod
356 3630 443 3681 fontes
455 3629 481 3677 in
498 3642 625 3677 mansore
636 3623 768 3686 vivebant3
785 3627 882 3696 quippe
897 3626 924 3674 in
938 3643 1084 3696 pauperum
1099 3628 1219 3680 domibus

181 3708 222 3759 v'el
237 3710 320 3761 ubivis
335 3707 419 3761 fontes
431 3721 543 3780 possunt
554 3709 638 3758 tivene
649 3708 677 3757 in
691 3721 837 3774 morosum,
853 3725 908 3758 non
919 3713 981 3757 iero
994 3709 1020 3757 in
1032 3727 1159 3761 memore
1170 3712 1219 3762 nisi

182 3790 208 3838 in
217 3786 317 3838 edibus
326 3785 443 3836 divitum.
457 3787 561 3836 Retinui
573 3787 651 3856 igitur
661 3783 801 3854 vulgatam.
815 3784 906 3836 Vivere
916 3783 949 3836 de
962 3785 1112 3840 numinibus
1125 3801 1150 3840 et
1161 3789 1217 3839 fon-

182 3865 252 3918 tibus
261 3868 338 3920 etium
348 3865 436 3934 pueris
446 3873 546 3916 uotum
562 3864 632 3916 infra
640 3876 719 3916 carm.
730 3865 765 3929 V,
777 3864 807 3917 5¹
817 3886 824 3926 3
838 3865 883 3916 ubi
893 3865 958 3916 uiuit
965 3865 1039 3916 niveo
1049 3868 1165 3941 marpissa
1174 3884 1219 3916 eo-

182 3943 242 3996 dem
255 3951 331 3998 sensu
345 3959 398 4011 quo
413 3941 456 3992 bic
470 3944 562 3996 vitrum
576 3947 604 3997 in
618 3963 760 3998 mansore.-
776 3946 864 3998 uiscus
878 3947 947 3997 enirn
959 3957 1050 4016 margo
1061 3958 1099 3998 est
1110 3964 1142 3997 ex
1152 3961 1218 3996 mur·

183 4043 255 4076 inore
268 4019 380 4075 candido
392 4025 487 4075 factus.
