2858 4492
214 290 1258 330 :gam

468 598 472 608 .
555 526 826 623 GARMEN
857 527 912 620 V.
949 507 951 510 ⁵

676 795 785 812 ι-,ι-

463 1009 554 1074 LEO
579 1005 872 1112 MAllSUETUS
897 1007 993 1071 ΙΜΡ.

255 1343 357 1467 Quin
367 1372 428 1440 tibi
440 1385 609 1440 constrata
619 1392 851 1438 mansuescere
864 1371 992 1462 profuit
1003 1375 1070 1440 ira?

252 1486 341 1572 Quid
349 1483 477 1567 scelus,
490 1483 725 1576 humanasque
737 1484 850 1548 animo
861 1481 1031 1550 dediscere
1043 1483 1164 1570 eredes,

254 1597 504 1690 Imperiumque
515 1593 599 1685 pati,
611 1608 645 1660 et
656 1591 794 1659 domino
807 1615 924 1684 parere
936 1594 1075 1660 minori?

251 1707 355 1794 Quid,
368 1704 459 1800 quod
471 1703 563 1772 abire
575 1703 692 1784 domo,
705 1726 891 1796 rursusque
903 1706 938 1768 in
951 1703 1095 1772 claustra
1107 1712 1230 1775 reverti

251 1821 386 1898 Suetus,
400 1831 433 1880 et
444 1838 464 1880 a
476 1830 573 1906 capta
581 1810 653 1904 jam
666 1828 786 1905 sponte
798 1811 953 1879 recedere
964 1813 1095 1907 praeda,
1235 1832 1250 1882 5

253 1935 465 2019 Incertasque
476 1947 597 1991 manus
610 1921 687 1992 laxo
698 1922 865 1990 dimittere
877 1931 1010 1993 morsu?

296 2034 444 2118 Occidis,
457 2034 602 2101 altarum
615 2049 763 2100 vedetur
773 2057 860 2100 saeve
872 2034 1037 2116 ferarum,

251 2151 324 2216 Non
337 2171 435 2240 grege
448 2141 612 2236 Massylo,
625 2138 794 2236 curvaque
806 2142 963 2236 indagine
975 2142 1125 2229 clausus,

250 2269 324 2330 Non
337 2256 515 2330 formidato
527 2279 629 2348 supra
641 2254 806 2323 venabula
818 2255 905 2324 saltu

250 2374 391 2451 lucitus,
403 2386 462 2436 aut
472 2391 561 2436 caeco
573 2366 678 2434 foveae
689 2365 849 2457 deceptus
862 2365 973 2450 hiatu,

251 2480 313 2552 Sed
324 2481 431 2548 victus
443 2477 590 2568 fugiente
601 2475 687 2560 fera3
702 2490 767 2543 stat
778 2474 912 2544 cardine
925 2495 1040 2570 aperto

251 2591 370 2658 Infelix
383 2612 499 2668 cavea,
512 2603 547 2660 et
556 2585 678 2654 clausis
690 2587 818 2654 circum
832 2585 980 2680 undique
992 2591 1098 2680 portis

546 2833 661 2878 turin
684 2831 898 2877 terriones.
938 2806 941 2816 ’

239 2971 262 3025 7.
281 2955 361 3008 Save.
380 2952 466 3022 Vulgo
484 2951 564 3003 docte.
582 2982 618 2993 —·
633 2951 699 3006 God.
746 2949 792 3002 des
808 2964 864 3002 toto
881 2953 1018 3022 properari
1030 2951 1125 3004 litore:
1144 2955 1247 3006 circum

201 3037 282 3088 Paris.
295 3033 328 3086 ed
340 3032 420 3084 Gron.
433 3030 514 3083 docte.
526 3031 585 3083 Vid.
598 3043 653 3083 not.
668 3033 698 3082 Δ.
746 3030 868 3104 Undique
875 3047 1023 3085 convenere
1032 3047 1122 3086 :vocet
1126 3036 1181 3105 jam
1189 3053 1249 3086 ear·

240 3131 279 3164 ια.
300 3109 424 3164 clausis...
435 3111 524 3180 portis.
535 3107 602 3159 Edd.
613 3111 697 3160 Parni.
744 3108 823 3161 basus
837 3127 944 3162 aures·
959 3113 999 3164 lta
1012 3111 1245 3183 distinguendum

201 3204 226 3242 et
237 3193 313 3242 Rom.
325 3187 425 3240 habent
435 3187 534 3240 clausas
543 3200 644 3259 putten·
657 3187 700 3240 ab·
743 3189 822 3260 vulgo
837 3189 905 3244 male
919 3189 1052 3246 divellitur
1066 3191 1121 3244 huc
1138 3211 1202 3259 vox,
1219 3208 1247 3244 et

200 3265 699 3338 ruptnhaecvidentur;etsuspicoruli-
743 3267 1247 3341 poniturdistinctiopostcimm:-An-

201 3347 263 3419 quid
285 3346 392 3411 deesse,
412 3347 461 3398 nisi
483 3347 652 3400 scribendum
673 3360 698 3398 et
743 3364 791 3417 ue,
804 3348 876 3402 vides
888 3363 943 3400 toto
956 3353 1093 3421 properari
1104 3350 1182 3402 litore
1193 3353 1247 3402 cir-

200 3423 414 3496 distinguendum
430 3425 477 3487 sit,
496 3425 572 3477 -srar
590 3425 697 3478 cardine
743 3443 802 3477 cum
812 3450 837 3478 :n
851 3446 907 3498 quae
916 3430 942 3480 in
953 3447 1068 3482 errorem
1079 3427 1182 3481 induxit
1189 3430 1247 3482 Ser·

200 3517 290 3576 aperto
306 3501 398 3554 infelix
413 3519 507 3569 caven,
521 3503 634 3558 occlusis
648 3507 697 3556 cir·
742 3506 1247 3577 vium,utputnretct'rcumesseadver-

198 3603 258 3635 eum
273 3581 390 3652 undique
408 3583 499 3650 portis.
520 3583 577 3634 Hoc
591 3582 696 3636 licuisse
741 3582 813 3634 bium
826 3583 891 3636 loci:
905 3587 977 3657 quod
990 3587 1094 3658 quidem
1107 3586 1246 3640 interdum

197 3658 373 3730 nefaspstido
381 3661 629 3730 gemueteleones.·
642 3663 696 3714 Cir-
739 3678 831 3712 rerum
845 3677 899 3728 est,
919 3665 966 3716 sed
983 3683 1036 3716 non
1051 3665 1102 3720 hoc
1119 3665 1190 3718 loco.
1208 3697 1246 3708 -

196 3760 254 3792 cum
267 3737 394 3811 undique,
407 3753 436 3790 ut
448 3737 508 3790 silv.
520 3740 551 3802 V,
565 3757 587 3804 1,
601 3763 613 3786 ι
622 3741 695 3790 mise·
739 3735 805 3790 cod.
825 3741 904 3791 Paris.
922 3739 1003 3794 habet
1018 3759 1043 3796 et
1061 3747 1246 3817 interpungit,

195 3839 251 3872 ram
263 3820 361 3870 cneum
374 3817 491 3890 undique
502 3816 547 3869 leti
558 3817 693 3868 vallavere
738 3812 864 3868 clausas...
873 3830 969 3890 portas.
981 3824 1038 3874 lloc
1047 3822 1065 3874 l.
1078 3843 1103 3874 n.
1115 3843 1141 3895 p.
1155 3837 1174 3875 t.
1184 3824 1246 3877 leo-

194 3897 284 3970 plagte.
294 3919 305 3941 ι
318 3896 436 3947 Restitue
452 3895 521 3946 hanc
532 3912 623 3945 vocem
635 3895 693 3944 Vir·
738 3907 797 3956 nes,
809 3893 839 3944 Τ.
854 3909 903 3946 etc.
917 3897 999 3950 Gron.
1009 3901 1099 3972 portis.
1113 3903 1170 3954 Hoc
1182 3903 1200 3954 l.
1216 3923 1245 3957 n.

193 3977 269 4044 gilio,
282 3972 382 4027 AEneid.
396 3977 440 4040 lv,
453 3971 519 4038 416:
532 3995 542 4017 a
554 3973 643 4036 Anna,
653 3975 691 4022 vi·
737 3986 763 4038 p·
779 3981 796 4019 Ι.
811 3969 916 4039 leones,
928 3977 958 4026 T.
973 3992 1024 4030 etc.
1045 3981 1075 4030 A.
