2776 4484
183 237 243 303 116
357 235 490 302 NOTAE
515 232 564 301 IN
586 229 784 295 CARMEN
808 229 1036 296 TERTIUM

176 381 233 434 que
245 359 338 414 mediis
350 371 451 414 servata
462 355 616 430 penatibus,
628 352 743 417 arbon·
756 373 780 406 v.
794 355 841 407 81:
857 353 943 426 equid
953 353 1037 408 bifera
1048 353 1152 408 Alcinoi
1163 355 1220 409 lau·

174 440 234 495 dem
249 441 405 512 pomariai··
427 453 452 489 et
465 441 500 490 ita
515 453 619 506 semper
636 445 683 486 aut
701 432 855 504 plerumque
867 435 930 495 ,rix
945 437 1015 485 enirn
1032 434 1108 487 aiiter
1119 437 1220 508 patitur

174 537 266 574 sensus
278 519 434 571 communis.
447 517 507 568 Sine
521 513 603 567 dnbio
615 515 694 584 igitur
706 531 756 565 vox
767 513 883 585 inperitia
896 512 1017 566 adalind
1029 514 1164 588 quidpiam
1176 534 1219 568 re·

173 597 282 656 ferenda
297 610 350 665 eat,
362 611 388 650 et
400 597 528 649 sententia
541 611 611 646 nova
624 591 705 644 ordiri
719 590 800 643 debet
813 590 847 643 ab
859 591 945 644 altero
958 594 1026 666 quid
1034 616 1042 644 .·
1056 593 1108 648 iton
1123 594 1218 660 modo,

617 694 679 756 Quid
688 709 749 740 nnnc
758 695 861 756 ingentia
870 696 953 752 mirer,

357 771 418 816 Aut?
426 767 483 834 quid
492 769 581 829 partitis
591 767 696 838 distantia
706 778 767 813 tecta
777 763 900 814 utebaris?

357 840 419 902 Quid
427 853 464 895 te,
475 855 540 904 quc,
551 852 597 885 etc.

171 943 224 996 hoc
235 921 375 1014 percepto,
387 937 464 990 facile
475 938 525 990 fuit
536 939 689 1002 restituere,

605 1035 668 1095 Quid
677 1051 740 1082 nunc
749 1037 850 1096 ingentia
860 1040 932 1084 mirer

356 1105 434 1151 Atria?
442 1103 499 1167 quid
507 1103 601 1165 paribus
612 1104 719 1150 distantia
730 1115 790 1167 tecta
800 1103 925 1152 rachena?

358 1175 419 1236 Quid
428 1187 464 1231 te,
474 1189 525 1236 quc
535 1173 631 1230 mediis,
642 1187 686 1221 etc.

171 1280 228 1329 Vox
245 1275 313 1328 atria
330 1269 519 1342 compendiose
533 1272 631 1341 scripta
649 1271 767 1341 migravit
781 1273 808 1322 in
826 1284 889 1324 cut:
910 1271 980 1324 unde
996 1272 1170 1344 sequebatur,
1187 1286 1217 1327 nt

172 1354 244 1429 qnod
256 1353 378 1406 deficeret
392 1365 479 1404 metro
492 1353 522 1403 in
533 1352 619 1422 prima
633 1369 723 1402 versus
742 1363 818 1422 parte
832 1353 859 1403 in
871 1351 973 1425 reliquo
990 1353 1122 1425 suppleret
1134 1353 1219 1407 libra·

170 1439 237 1498 riua;
251 1434 322 1487 unde
337 1452 386 1504 pro
401 1433 508 1504 paribus
522 1431 587 1482 iecit
598 1432 714 1502 partitis,
730 1431 802 1502 quod
818 1433 966 1503 proximum
980 1447 1044 1485 erat.
1057 1436 1136 1487 Recte
1152 1453 1217 1486 vero

171 1517 287 1589 ingentio
304 1515 380 1566 attia.
399 1510 556 1564 Prudentius
571 1509 715 1581 Peristeph.
731 1511 758 1561 in
775 1513 884 1584 Martyr.
903 1513 936 1564 D.
950 1515 1071 1565 Laurent.
1088 1533 1126 1567 rs.
1146 1515 1212 1584 174,

170 1595 262 1666 virgil.
273 1593 373 1647 AEnetd.
385 1591 431 1644 lib.
443 1593 469 1660 i,
479 1609 545 1645 vers.
558 1591 617 1661 725.
633 1593 746 1657 Contra,
761 1611 813 1644 nott
829 1591 919 1665 ampla
932 1595 1039 1647 Catonis
1050 1596 1131 1663 atria,
1143 1593 1216 1666 apud

169 1675 268 1728 Lucan.
280 1675 325 1726 iib.
337 1676 374 1740 11,
384 1689 450 1726 vers.
463 1669 618 1742 238310npa
627 1671 709 1734 atria,
722 1671 835 1722 Martial.
848 1671 893 1724 lib.
905 1673 966 1741 xit,
977 1673 1025 1738 503
1035 1673 1126 1746 ampla
1134 1673 1216 1738 atria,

171 1755 286 1822 Seneca,
297 1751 404 1808 Consoi.
421 1749 456 1804 ad
466 1751 591 1802 Marciana
604 1767 627 1800 o.
646 1767 689 1812 ιο;
702 1749 839 1803 claudian.
852 1754 879 1804 in
892 1755 979 1806 autin.
992 1753 1037 1806 lib.
1050 1756 1086 1820 ii,
1095 1775 1120 1806 v.
1136 1755 1198 1808 135:

356 1859 419 1920 Quid
428 1873 490 1904 nune
499 1855 596 1912 divitie,
606 1855 664 1918 quid
672 1855 730 1902 fuiti
740 1870 802 1903 taeta
812 1857 897 1905 mctalli

358 1928 497 1989 Conperies,
507 1925 565 1989 quid
574 1926 699 1988 purpureis
708 1926 789 1974 effulta
798 1926 911 1975 columnis

358 2000 435 2052 Atria,
445 1995 570 2058 prolataeve
577 1997 660 2058 jurant
668 1997 699 2042 ad
708 1997 783 2044 sidera
793 1998 881 2046 molet?

169 2117 247 2172 quern
258 2096 348 2150 locum
361 2092 488 2162 adduco,
503 2108 532 2147 ut
544 2094 634 2147 videas
646 2113 739 2148 verum
753 2115 809 2150 esse
822 2094 894 2167 quod
906 2096 959 2149 dixi
973 2097 1006 2152 de
1017 2118 1082 2154 vnce
1094 2099 1161 2173 quid
1168 2102 1219 2154 ini-

169 2181 206 2232 tio
218 2178 355 2232 sententie
366 2180 462 2247 posita.
477 2177 625 2242 Ausonius,
639 2178 685 2246 qui
700 2175 816 2248 plurima
826 2177 885 2229 loca
898 2176 977 2247 hujus
988 2181 1110 2232 carminis
1121 2183 1149 2234 in
1160 2181 1220 2233 Mo-

170 2259 260 2312 sellam
282 2275 357 2309 suam
375 2255 555 2325 transcripsit,
574 2255 646 2307 huuc
663 2274 770 2327 qunque
785 2255 888 2307 ridetur
905 2271 968 2308 ante
982 2257 1076 2310 oculos
1092 2259 1218 2313 habuisse

171 2357 210 2392 vs.
226 2337 285 2390 335.
301 2336 431 2389 Distentis
447 2345 525 2397 ncta,
537 2333 641 2405 paribus
653 2333 782 2398 tricione,
799 2333 888 2399 idest,
902 2335 971 2388 aedes
983 2335 1044 2388 iicet
1059 2337 1181 2392 distantes
1192 2353 1219 2391 er

174 2418 282 2472 flumine
297 2415 406 2478 divisas,
422 2426 510 2464 tamen
527 2415 633 2485 paribus
649 2415 779 2480 tricdort's,
794 2416 866 2487 paria
881 2429 908 2466 et
924 2415 1015 2470 similia
1032 2415 1158 2472 babentes
1172 2420 1220 2471 tri-

172 2498 251 2551 cdorn
263 2514 310 2548 seu
322 2495 442 2565 fastigia:
455 2493 552 2564 quibus
564 2491 650 2546 verbis
663 2490 704 2545 eir
716 2492 856 2560 σνμμπρίιν
867 2491 946 2565 hujus
957 2493 1022 2546 vilio
1034 2495 1153 2568 designat
1162 2497 1220 2550 Sta.

172 2577 235 2629 tius.
254 2573 381 2627 Moreilna
397 2583 472 2623 notat
485 2590 510 2622 r.
528 2590 551 2622 c.
564 2569 752 2643 adscripsisse,
761 2571 870 2644 fortean
888 2571 938 2648 lep.
956 2576 1069 2651 triponis,
1089 2577 1139 2630 Pro
1154 2588 1220 2632 mea

175 2668 227 2708 vet.
240 2653 306 2707 cod.
318 2652 401 2706 habet
414 2661 484 2703 testo.

212 2798 254 2868 59
276 2796 343 2868 Quid
354 2805 393 2864 te,
405 2812 462 2869 quoe
473 2795 562 2848 mediis
572 2807 670 2849 servata
676 2837 686 2864 ,
697 2809 747 2850 etc.
761 2800 800 2850 Ex
809 2801 883 2871 Virg.
897 2801 955 2853 AEn.
967 2801 1013 2854 iib.
1023 2803 1082 2867 vn,
1095 2820 1160 2854 vers.
1171 2801 1217 2870 59:

363 2901 451 2946 Laurus
460 2909 510 2946 erat
518 2899 572 2946 tecti
582 2900 672 2956 medio,
683 2903 709 2946 in
719 2903 877 2964 penetralibus
886 2903 950 2960 altis,

362 2972 429 3017 &acra
439 2985 540 3026 comant,
551 2970 683 3034 multosque
693 2985 757 3019 metu
766 2985 855 3021 sertata
865 2989 907 3035 per
915 2989 995 3021 annot.

178 3069 239 3120 Non
256 3071 335 3139 igitur
348 3085 416 3140 opus
431 3081 469 3119 est
487 3081 516 3119 ut
534 3066 652 3138 legamus
667 3070 757 3122 mediis
774 3083 852 3122 enata
865 3071 1008 3141 penatibus.
1023 3068 1138 3133 Deinde,
1152 3081 1221 3122 tecta

178 3165 226 3217 pet·
235 3157 263 3199 ei
271 3159 362 3217 postes.
374 3149 413 3200 Ita
426 3149 564 3219 conjungit
575 3148 654 3201 ovid.
667 3149 745 3202 Trist.
758 3151 809 3216 111,
823 3166 845 3214 t,
857 3149 904 3215 34:

366 3251 509 3314 conspicuos
518 3265 595 3315 postet
605 3264 711 3316 tectaque
719 3255 788 3316 digna
798 3253 852 3300 deo.

181 3348 233 3402 Sed
246 3367 301 3401 non
314 3347 391 3401 nimis
405 3348 494 3420 placet
503 3350 556 3403 hoc
568 3351 645 3404 ioco:
660 3351 793 3423 precessit
805 3353 874 3404 enim
886 3360 951 3403 tecta
965 3351 1094 3417 tristioris,
1111 3367 1138 3406 et
1151 3359 1224 3427 peri-

182 3428 272 3482 cuium
282 3441 322 3482 eat
333 3447 367 3481 ne
375 3428 416 3482 bis
429 3429 498 3482 idem
508 3429 593 3494 dicam
606 3431 670 3504 quid
680 3445 721 3499 te,
733 3449 749 3484 a
759 3430 848 3496 arbor,
860 3449 917 3503 quc
926 3444 1028 3484 serrata
1038 3431 1131 3487 mediis
1141 3437 1225 3504 tectis,

182 3510 210 3560 in
224 3527 300 3562 aures
311 3511 420 3579 emergis
430 3529 479 3581 per
491 3523 581 3582 postes
592 3525 618 3562 et
630 3514 711 3563 tecta?
724 3513 765 3565 An
776 3511 895 3583 scripsit,
911 3527 995 3562 «saxa
1004 3529 1053 3584 per
1065 3525 1090 3566 et
1102 3529 1223 3586 postet.-

135 3635 141 3646 .
184 3589 293 3642 streton.
306 3593 374 3662 Aug.
390 3608 448 3661 cap.
462 3608 513 3660 92:
531 3612 541 3636 ι
553 3591 662 3642 Enetum
676 3593 745 3644 inter
758 3593 897 3660 juncturas
911 3590 1029 3664 lapidum
1043 3609 1104 3648 ante
1117 3593 1225 3648 domum

185 3687 258 3722 suam
269 3669 383 3742 palmam
395 3670 422 3721 in
434 3669 613 3741 compluvium
622 3670 733 3723 deorum
742 3673 877 3724 Penatium
888 3673 1029 3727 transtulit.
1041 3697 1052 3724 ι
1066 3676 1114 3729 Vel
1123 3677 1226 3748 potius,

186 3748 258 3822 tr'qrta
270 3769 318 3821 per
328 3759 353 3800 et
362 3759 458 3819 purten
470 3761 500 3800 ut
510 3749 613 3800 Lucret.
626 3749 671 3801 tib.
683 3753 719 3816 11,
730 3769 795 3804 vers.
812 3767 873 3822 191:

370 3855 418 3899 Nec
427 3867 499 3918 quum
508 3851 630 3899 subsiliunt
639 3856 705 3916 ipnea
712 3871 756 3919 per
764 3868 826 3903 tecta
834 3855 971 3914 domorum,

372 3923 399 3968 Et
408 3924 478 3971 ceicri
486 3922 576 3970 flamma
587 3924 711 3988 degustant
720 3929 782 3991 tigna
792 3927 922 3994 trebesque.
