2776 4484
192 304 236 368 66
349 295 485 359 NOTAE
509 291 558 355 IN
583 285 779 354 CARMEN
805 285 1072 352 SECUNDUM

191 427 361 494 hinnitusque
375 437 406 472 ae
417 417 536 470 fremitus
549 415 721 468 observant.»
738 408 775 464 ita
789 411 853 482 legit
866 419 914 481 pro
927 423 1029 480 pressos.
1045 409 1091 460 iiis
1102 408 1168 462 lotis
1183 405 1228 460 ad·

191 509 251 558 dere
263 504 393 575 potuisset
405 502 484 551 istum
497 495 583 549 Ovidii
596 497 685 546 Amor.
699 495 723 560 i,
738 509 766 557 2,
778 506 802 544 v.
818 491 862 543 132

374 589 508 633 Detrectant
517 586 595 646 premi
603 583 658 628 dunt
664 584 720 643 juga
730 581 802 643 prins
812 580 898 634 invest

190 673 231 724 Sic
241 674 309 723 enim
321 681 347 718 et
357 668 392 718 ibi
401 663 539 735 legendum
550 664 618 713 forte
629 680 676 731 pro
685 661 770 731 pressi.
782 659 933 727 Subiungit,
943 654 1099 708 eruditionis
1109 657 1231 710 Sistisut

190 757 281 822 ingens
295 759 475 819 argumentum
486 761 577 815 prensa
589 740 632 791 iiia
645 741 711 814 bipes.
727 738 777 792 Sed
788 757 843 789 non
857 750 927 789 recte
941 739 1117 807 argumentari
1128 734 1232 787 videtur
1316 763 1318 768 ·

190 837 227 885 vit
241 847 360 900 magnus.
376 825 503 878 Prendere
515 824 587 874 boves
600 834 639 871 est
645 823 757 891 jttupere
770 819 857 879 boves;
870 835 947 886 ergo,
956 815 1081 887 prendere
1093 816 1176 888 biqam
1193 829 1232 869 est

182 919 293 988 junqere
305 911 397 981 hipam.
410 908 581 974 Nequaquam
595 887 766 951 concedenda
776 898 980 968 consequentia:
994 894 1057 966 quid
1069 899 1170 947 enimsi
1182 913 1232 965 ego

189 997 241 1046 hoe
252 989 332 1044 modo
343 993 550 1055 argumentarer,
560 979 690 1050 prendere
699 995 782 1045 equos
792 989 831 1028 est
838 979 949 1045 jungere
960 993 1057 1043 equos;
1069 993 1145 1044 ergo,
1158 993 1233 1044 pren·

191 1075 253 1126 ders
268 1069 353 1121 foedes
367 1077 407 1117 est
419 1066 529 1132 jungere
544 1059 646 1110 feodus:
665 1055 859 1107 concederesne
874 1053 934 1104 ideo
951 1067 1020 1105 recte
1041 1061 1066 1104 et
1086 1053 1166 1104 iatine
1181 1051 1232 1103 dici
1303 1105 1309 1119 ι

191 1169 269 1226 posse
278 1146 402 1224 prendere
407 1142 495 1213 suedas
504 1157 553 1210 pro
558 1143 672 1211 junqere
678 1135 781 1206 ftedus?
792 1135 853 1182 Non
863 1147 948 1197 certe,
960 1134 1010 1182 nisi
1023 1129 1171 1201 exemplum
1181 1129 1233 1182 hu·

187 1229 303 1304 jusmodi
316 1222 457 1277 locutionis
470 1220 617 1290 proferrem
630 1233 661 1268 ex
672 1212 784 1285 probato
799 1212 888 1282 aliquo
901 1225 1017 1262 auctore.
1031 1209 1137 1280 Quippe
1152 1213 1178 1260 in
1191 1207 1232 1262 his

190 1311 269 1363 rebus
279 1321 335 1358 non
345 1302 498 1354 dominatur
506 1297 643 1365 analogia,
655 1292 700 1345 sed
710 1307 788 1354 usum
801 1305 849 1342 neo
860 1304 874 1341 a
885 1289 1013 1341 similibus
1023 1288 1057 1340 ad
1068 1289 1160 1340 similia
1170 1305 1233 1360 pro·

190 1389 265 1460 gredi
279 1398 369 1458 potes,
383 1379 429 1432 sed
441 1375 589 1429 cedendum
602 1370 803 1434 consuetudini,
818 1387 898 1441 quarn
911 1379 993 1439 pettes
1006 1367 1142 1418 arbitrium
1155 1377 1195 1418 est
1207 1381 1233 1418 et

188 1475 232 1540 jus
246 1482 273 1520 et
283 1482 375 1518 norma
391 1456 532 1530 loquendi3
550 1452 678 1524 loquendi
692 1464 779 1515 reete,
793 1468 853 1502 nam
868 1463 898 1500 ut
910 1447 1022 1512 erudite,
1039 1445 1075 1497 nii
1087 1465 1186 1502 moror.
1205 1447 1234 1500 si

191 1549 284 1620 aliquis
295 1545 346 1596 hoe
356 1551 436 1614 pacto
447 1542 685 1606 argumentaretur,
690 1530 797 1601 frenare
806 1540 899 1600 equum
910 1538 947 1578 est
956 1535 1158 1599 repes-eequum5
1169 1543 1233 1594 ergo

192 1631 293 1698 [renam
301 1622 417 1674 tedonem
425 1615 466 1667 tei
472 1613 646 1686 provinciam,
656 1620 695 1661 est
703 1623 786 1680 repete
794 1606 912 1658 tellurem
920 1605 959 1657 vai
965 1605 1141 1676 prouinciam
1152 1615 1235 1671 recte,

186 1691 319 1768 ¹diei-arem,
327 1703 387 1771 qaia
395 1698 449 1748 hiso
457 1690 560 1765 phrasis
569 1692 683 1741 occurrit
691 1689 751 1740 site.
761 1687 793 1753 V,
802 1705 830 1752 a,
842 1686 904 1752 ido,
913 1684 1031 1737 etVaier.
1040 1685 1145 1749 Fisceo,
1154 1687 1163 1734 i
1171 1721 1179 1749 ,
1188 1697 1234 1749 ss,

192 1800 217 1840 et
232 1786 297 1836 aliie.
312 1777 392 1848 Quod
405 1779 427 1828 si
442 1785 580 1847 pergeret,
597 1789 659 1838 ergo
672 1768 781 1838 frenare
798 1765 956 1818 vatemdtnes
970 1765 1095 1836 principis
1110 1777 1149 1814 est
1165 1759 1235 1814 idem

192 1863 264 1937 quod
275 1877 357 1934 repere
367 1853 526 1906 valetudines
535 1847 661 1919 principis
672 1846 743 1916 apud
753 1847 837 1900 Tacit.
849 1842 942 1897 Annei.
954 1845 1003 1910 Vi,
1016 1844 1064 1910 50,
1076 1863 1131 1894 uon
1142 1843 1235 1894 admit-

192 1960 287 2005 terem,
298 1940 346 1988 niai
357 1930 481 2001 exemplis
490 1941 516 1979 et
527 1924 730 1978 auctoritatibus
738 1925 916 1976 confirmaret.
925 1924 959 1973 At
970 1934 1051 1993 quare
1060 1924 1130 1973 nou?
1140 1925 1234 1993 inquit.

192 2023 261 2090 Quis
268 2035 322 2072 tion
331 2017 413 2066 visum
423 2023 462 2062 est
470 2024 568 2074 magstat
576 2003 640 2068 dete,
648 2001 1037 2072 consuetudini,raetsphoram
1045 2019 1077 2051 ea
1086 2016 1170 2070 usque
1177 2013 1237 2071 per·

193 2104 301 2169 tingere.
315 2090 438 2147 Similiter
452 2089 478 2140 in
490 2085 541 2137 hao
553 2102 619 2135 voee
629 2085 769 2153 pecudem
782 2086 856 2153 ossjus
870 2083 944 2132 notio
955 2079 1060 2131 videtur
1071 2078 1126 2150 peti
1138 2079 1236 2131 debere

194 2203 209 2234 n
221 2179 373 2238 coactione,
388 2189 448 2242 qtste
461 2165 604 2218 attributor
617 2163 658 2215 isis
671 2163 832 2214 animalibus
846 2174 941 2212 natura
955 2159 1034 2210 feria:
1052 2160 1128 2228 eujus
1143 2177 1237 2210 eonse-

195 2262 301 2334 quentia
316 2267 416 2306 tanturn
429 2246 534 2298 videtur
547 2244 715 2316 subjugatio,
731 2261 785 2294 non
800 2255 829 2292 at
843 2257 893 2310 pso
903 2237 1029 2309 primaria
1041 2239 1236 2307 signitittitione

194 2341 261 2392 sumi
270 2337 361 2408 possit.
377 2329 451 2381 Adeo
462 2341 504 2391 ut,
514 2327 535 2378 si
546 2339 617 2378 recte
627 2337 653 2375 et
662 2321 808 2376 secundum
819 2317 1038 2370 consuetudinem
1050 2316 1137 2369 dicere
1149 2319 1235 2386 possis

194 2436 291 2492 equum
299 2411 337 2465 vei
345 2411 438 2463 hosam
447 2407 538 2479 prendi
545 2403 586 2458 vei
592 2404 682 2478 jun5i,
692 2413 785 2471 utpote
795 2409 954 2468 oeespstum
965 2395 999 2448 ab
1007 2395 1114 2446 homine
1124 2408 1150 2446 et
1160 2413 1237 2446 eoae·

195 2515 249 2551 turn
260 2495 346 2548 subire
356 2493 461 2564 jugum,
472 2504 551 2558 quum
563 2497 650 2534 temen
663 2480 727 2532 nihii
737 2479 789 2530 tale
799 2489 932 2547 competat
944 2477 1009 2552 tipo
1018 2474 1058 2526 vei
1067 2474 1167 2538 currui,
1180 2475 1237 2526 noh

195 2581 245 2632 iem
257 2575 387 2628 affirmare
399 2570 486 2639 bigam
498 2563 591 2638 prendi
605 2562 657 2614 diei
670 2577 764 2632 posse,
778 2560 833 2610 sine
846 2558 941 2610 exertis
954 2570 981 2608 et
994 2553 1148 2608 indubitatis
1160 2567 1236 2606 vete-

196 2677 253 2709 rum
266 2651 436 2706 testimoniis:
449 2645 591 2717 praesertim
602 2660 683 2713 quum
697 2639 858 2691 eontrarium
868 2639 959 2709 potius
970 2655 1061 2690 verum
1072 2633 1200 2686 videatur.
1210 2635 1237 2688 si

195 2739 264 2788 enirn
277 2750 359 2806 equus
373 2741 443 2780 reete
456 2724 558 2776 dicatur
568 2740 686 2794 prensus,
698 2731 769 2770 certe
780 2717 842 2789 biga
853 2735 899 2769 seu
911 2736 1017 2781 currus,
1030 2717 1072 2767 eui
1084 2733 1169 2786 equus
1177 2716 1238 2784 jun·

194 2821 273 2888 gitur,
285 2831 338 2866 non
351 2808 439 2862 itidem
451 2823 554 2877 prensat
566 2813 636 2852 recte
645 2799 698 2852 dici
709 2811 815 2870 potest:
828 2798 882 2850 hoc
893 2800 965 2850 enirn
975 2795 1027 2863 teis
1037 2809 1104 2848 esset
1117 2793 1194 2865 quale
1206 2793 1239 2842 is·

198 2897 244 2950 tud
256 2884 458 2966 Virgii..AEtteid.
471 2883 516 2935 lib.
526 2883 589 2946 vlt,
603 2899 671 2934 vers.
683 2880 751 2949 778:

381 2974 448 3022 Unde
457 2973 526 3019 etism
536 2968 622 3031 templo
632 2969 715 3014 Taisia·
725 2967 831 3032 lucisque
841 2969 935 3016 sacratis
1027 2973 1031 2980 ’

382 3043 525 3106 cornipedes
534 3055 643 3088 areentur
651 3042 720 3104 equi,
731 3040 797 3102 quod
806 3039 872 3084 iitore
881 3029 976 3082 carrona

381 3119 409 3162 Et
415 3117 525 3177 juvenem
536 3113 644 3158 monstris
653 3111 730 3172 pavidi
741 3110 848 3156 effudere
858 3109 960 3153 marinis.

198 3202 249 3256 Ubi
262 3214 349 3268 quaero
362 3197 383 3246 si
395 3207 466 3245 recte
478 3189 690 3261 dicaturjuvmtis
702 3184 809 3258 effundi
819 3202 909 3249 cuttu,
923 3178 1057 3253 quomodo
1069 3177 1161 3229 eodem
1173 3189 1238 3227 tern-

198 3293 261 3355 pore
272 3291 361 3328 eunus
371 3277 427 3344 ipse
442 3271 494 3323 diei
509 3279 597 3341 potest
611 3264 732 3338 effundi?
745 3263 771 3314 Si
785 3265 855 3313 enim
869 3261 966 3332 liquor,
978 3261 1022 3331 qni
1035 3268 1074 3308 est
1085 3259 1110 3307 in
1123 3254 1236 3326 poculo,

199 3357 355 3420 effunditur,
367 3354 492 3426 paouiuns
501 3355 588 3422 ipsum
597 3365 651 3398 non
661 3347 713 3396 diei
724 3357 812 3414 potest
822 3341 943 3411 effitndi,
955 3339 1002 3391 sed
1012 3338 1103 3389 everti:
1115 3338 1185 3386 etita
1194 3335 1238 3388 hie

200 3439 332 3512 oportuit,
348 3444 456 3486 evertere
471 3445 576 3482 currum
593 3436 618 3476 et
633 3423 751 3494 effudere
762 3424 894 3491 juvenem.
908 3415 959 3469 Sed
973 3415 1006 3468 de
1022 3415 1073 3467 hoe
1089 3414 1150 3466 loeo
1164 3415 1237 3469 alias.

200 3521 286 3592 Pergit
296 3529 384 3570 tamen
394 3517 433 3566 v'ir
443 3511 624 3566 doetissimus;
638 3513 663 3555 et
675 3503 707 3554 sd
718 3501 795 3552 tinem
808 3498 955 3564 Distribes,
967 3501 994 3548 in
1004 3499 1114 3550 Omissis
1127 3504 1153 3548 ot
1164 3497 1240 3548 Erra-

200 3603 246 3668 tis,
261 3618 287 3673 p.
302 3601 363 3667 dot,
375 3595 429 3646 titre
440 3585 558 3656 exempla
572 3583 680 3634 adducit
693 3599 724 3633 ex
734 3579 878 3631 Thebaide.
892 3580 1006 3628 Primum
1019 3589 1058 3627 est
1069 3577 1115 3642 lv,
1127 3583 1192 3645 ηις,
1206 3575 1238 3626 de

200 3683 375 3752 Amphissam
387 3675 419 3724 de
431 3671 483 3722 hoo
493 3681 554 3717 most
567 3663 661 3715 dicarit.
675 3662 792 3713 Alterum
803 3670 844 3711 est
855 3657 940 3710 Theb.
949 3656 1007 3709 Vin
1013 3696 1021 3723 ,
1035 3649 1101 3710 563:

506 3753 561 3798 ituit
568 3752 648 3812 primis
656 3749 783 3804 immixtas,
793 3758 817 3793 et
825 3749 915 3809 agmins
925 3743 1006 3791 ierne

385 3821 450 3872 iture
457 3823 530 3886 pedes
538 3833 594 3868 anes
603 3831 674 3882 tago,
683 3821 843 3882 prensitarent·
852 3816 926 3863 eeisus
934 3815 1044 3870 habenis,

384 3901 434 3944 Co!
442 3905 571 3958 quartem,
581 3895 640 3954 agiu

202 3989 253 4040 hor
264 4001 314 4052 ert,
324 3981 411 4052 inquit
418 3976 581 4038 Gronovius,
593 3991 664 4025 nune
676 3971 769 4042 pedes,
781 3988 852 4023 nune
861 3971 1037 4039 euszueto
1046 3979 1155 4036 pugnat.
1168 3961 1239 4029 Qn'd
