2858 4492
457 275 599 344 LIBER
625 276 680 354 Il,
705 279 901 347 GARMEN
926 283 1007 352 Vll.

374 401 471 478 Mox,
484 413 593 490 coepta
604 404 798 491 generosior
805 400 961 496 juventa,

329 507 429 575 Albos
441 508 573 576 ossibus
585 509 676 577 Italis
690 509 876 606 Philippus,
1031 575 1035 584 .

327 623 370 684 Et
379 617 567 704 Pharsalica
579 619 667 692 bella
678 620 872 709 detonabie,
921 625 924 635 “

327 735 369 797 Et
381 731 510 799 fulmen
522 731 617 800 duois
632 736 719 802 iuter
728 759 822 816 aomo
834 740 928 824 Divi3

327 843 496 912 Libertate
508 867 643 937 gravem
655 850 710 939 pia
721 849 898 930 Catonem,

328 959 370 1022 Et
381 971 514 1047 gratum
525 956 751 1049 popularitate
763 963 936 1054 Magnum.

328 1069 382 1132 Tu
394 1065 556 1135 Pelusiaci
569 1067 678 1141 scelus
687 1073 816 1163 Canopi

328 1175 471 1247 Dellebis
483 1183 579 1273 pius3
592 1197 627 1249 et
638 1180 746 1250 Pharo
757 1200 896 1256 cruenta

329 1289 922 1386 Pompeiodabiseltiuesepulorum.

375 1401 455 1466 Haec
466 1400 576 1490 primo
585 1397 720 1491 juvenis
731 1425 830 1471 oanas
842 1405 907 1472 sub
917 1429 1005 1492 evo,

330 1513 415 1575 Ante
426 1532 533 1578 anuos
544 1509 667 1582 Culicis
679 1517 879 1585 Maoooiani.

220 1649 223 1656 ·
328 1617 430 1686 Cedet
440 1624 539 1688 Musa
551 1621 645 1690 mdis
656 1622 777 1691 ferooie
788 1627 877 1692 Enni

330 1733 370 1795 Et
381 1729 472 1798 docti
482 1731 577 1800 furor
588 1734 716 1803 arduus
727 1737 881 1817 Lucreti,

330 1841 372 1904 Et
384 1843 442 1932 qui
453 1841 716 1932 perfretaduoit
726 1851 956 1938 Argonautas,

329 1951 371 2014 Et
382 1951 440 2042 qui
452 1971 594 2041 corpora
605 1949 954 2046 poima'tranefigurat.

329 2061 418 2143 Quin
431 2057 540 2150 majus
555 2060 693 2154 loquor3
706 2065 780 2154 ipsa
791 2081 824 2132 te
835 2069 961 2134 Latinis

327 2171 438 2236 AEneis
450 2169 665 2238 venerabitur
675 2189 862 2241 canentem.

329 2283 399 2346 Neo
410 2277 521 2346 solum
533 2278 622 2347 dabo
633 2285 791 2350 carminis
803 2285 946 2353 nitorem
957 2339 964 2368 ,

328 2387 393 2461 Sed
405 2387 501 2466 taedis
513 2389 699 2482 genialibus
711 2391 830 2464 dicabo

327 2503 487 2582 Doctum,
499 2515 601 2596 atque
612 2503 748 2595 ingenio
756 2527 823 2571 ouo
834 2503 1009 2590 decoram

326 2609 468 2698 Qualem
480 2609 604 2680 blanda
615 2615 729 2681 Venus
740 2667 748 2696 ,
761 2614 923 2712 daretque
937 2621 1045 2702 Jun03

249 2783 295 2854 67.
313 2783 349 2836 Et
357 2783 463 2856 fulmen
476 2785 547 2840 ducis
562 2787 712 2840 interamna
793 2805 834 2858 79.
856 2787 933 2860 Quin.
953 2785 1020 2846 Cod.
1036 2791 1116 2842 Paris.
1134 2791 1195 2843 edit.
1214 2811 1256 2864 pr.

211 2863 284 2918 Divi.
298 2864 390 2916 Venet.
402 2877 427 2916 et
438 2866 523 2916 Parm.
534 2866 589 2936 Quo
594 2865 711 2938 fulmen.
759 2867 834 2940 Quid.
853 2868 884 2919 A.

210 2945 335 3018 Scripsit:
352 2944 453 3014 :Quod
466 2945 566 3000 fulmen
582 2943 659 2997 ducis
673 2947 712 2998 in·
792 2949 835 3000 8¹.
856 2947 989 3000 caminis.
1005 2945 1070 2998 Cod.
1086 2949 1140 2999 Par.
1157 2947 1197 2999 ed.
1213 2967 1255 3022 pr.

211 3037 252 3076 ter
268 3043 339 3076 arma
354 3025 452 3086 Dim·
465 3023 561 3090 idest,
577 3022 656 3096 quale
670 3023 712 3076 vel
756 3027 912 3079 caminum.
930 3025 962 3076 Δ.

212 3113 341 3174 quantum
358 3100 483 3173 fulmo,-
504 3114 533 3152 ut
553 3103 652 3173 passim
670 3100 712 3155 his
793 3101 836 3158 83.
859 3104 987 3170 Doctum,
1004 3112 1081 3175 atque
1094 3103 1199 3176 inqem'o
1213 3115 1256 3158 tuo

211 3177 295 3233 silvis.
306 3181 368 3234 Dux
378 3181 477 3246 Divus,
491 3180 655 3252 emphatice,
666 3183 714 3234 Ju-
757 3179 1075 3251 decoram.l’ollaquidem
1081 3183 1256 3234 uxorLucani

211 3258 261 3312 llus
272 3259 368 3314 Caeoar.
380 3261 511 3316 -Ducie
522 3261 591 3314 Edit.
602 3281 642 3333 pr.
653 3261 713 3314 dul·
757 3261 848 3313 decora
871 3277 918 3313 seo
939 3257 1059 3311 decorata
1081 3260 1131 3310 fuit
1150 3262 1256 3331 ingenio

212 3339 259 3404 cit,-
271 3339 343 3414 quod
353 3353 380 3393 et
390 3339 472 3394 habet
480 3340 546 3393 God.
555 3344 613 3393 Par.
624 3363 631 3403 3
644 3341 712 3394 idem
757 3341 856 3405 mariti,
866 3349 959 3408 utpote
968 3337 1013 3409 qui
1020 3337 1123 3389 titulum
1132 3338 1258 3412 decusque

212 3435 228 3469 a
240 3419 356 3472 secunda
368 3439 464 3484 manu,
477 3419 556 3474 ducis.
575 3423 606 3474 A.
756 3415 795 3468 illi
806 3417 911 3469 dedisset
913 3413 1033 3488 jucunda
1045 3415 1217 3485 allocutione,
1229 3433 1258 3470 ut

248 3498 290 3568 69.
317 3497 457 3571 Magnum.
476 3499 556 3550 Porio.
575 3497 634 3552 cod.
654 3499 714 3552 Ma·
757 3513 840 3567 supra
853 3513 889 3547 vs.
902 3495 950 3554 623
966 3492 1013 3546 ted
1030 3497 1115 3565 majus
1131 3496 1257 3567 quiddam

207 3595 310 3650 quum.-
323 3575 366 3628 ed.
378 3595 418 3648 pr.
430 3593 546 3650 maqum.
565 3578 597 3629 A.
757 3573 800 3627 hio
815 3574 899 3626 voluit
913 3573 1046 3645 Calliope,
1065 3593 1162 3648 nempe
1182 3577 1258 3628 «Do-

249 3671 291 3726 77.
311 3655 348 3708 Et
355 3657 402 3728 qui
408 3675 457 3728 per
464 3655 536 3728 freta
546 3656 619 3708 darie
630 3653 714 3727 Atyo-
759 3669 827 3707 ctam
836 3656 1030 3728 atqueingenio
1039 3656 1254 3719 suodecoramn

211 3746 313 3789 nouat.
325 3733 461 3806 Sequitur,
477 3735 529 3788 «Et
541 3735 587 3807 qui
600 3752 714 3806 corpora
758 3735 864 3804 majoris
872 3737 971 3806 quippe
978 3733 1067 3804 glorie
1074 3751 1112 3788 eet
1120 3754 1169 3787 ouo
1178 3753 1256 3807 qoam

211 3813 714 3886 primatranefiqura132hieigiturleqe
758 3813 844 3866 alieno
865 3815 971 3887 iugenio
992 3815 1114 3866 eminere.
1136 3843 1171 3853 -
1191 3811 1256 3866 cod.

212 3891 468 3966 ducitArqonautas.
479 3891 588 3946 -Cod
602 3893 657 3943 Par.
671 3889 713 3943 ed.
758 3895 839 3946 Paris.
860 3891 922 3945 edit.
942 3895 1026 3966 prino.
1047 3893 1123 3945 Cruo.
1141 3893 1256 3948 Gronov.

211 3991 255 4044 pr.
263 3971 523 4027 Cruc.Gron.cluxit.
532 3971 593 4025 vid.
604 3985 660 4023 not.
673 3973 702 4022 A.
761 3981 813 4025 tuo.
833 3973 864 4023 A.

1067 4061 1117 4124 18.
