2776 4484
373 279 502 350 tinet
527 279 668 348 enini
693 282 943 350 sutanum.
1113 311 1174 376 η,

139 417 226 459 tanen
236 403 464 476 ponerenturhae
475 404 537 456 ioco
550 403 595 458 nbi
607 404 640 456 de
653 406 726 475 equis
737 423 769 458 ex
780 418 837 458 toto
848 411 915 478 agit,
925 424 1006 481 prout
1015 424 1176 488 apparet-ss·

140 484 295 554 quenubun

323 554 478 620 bibentesque
487 553 563 610 lucus.
573 554 676 618 altosque
687 556 710 600 iu
720 559 809 618 gurgite
818 557 904 612 fontes:

322 627 404 690 Teque
414 642 457 688 per
465 625 586 688 obliquum
595 628 687 688 penitus
697 643 747 689 quae
756 626 952 687 hueurionem,

322 697 422 752 Marcia,
434 709 458 743 et
465 695 547 743 sudaei
555 699 692 744 transcurris
701 697 796 743 flumina
806 697 917 761 plumbo?

140 783 217 836 Vides
231 785 332 838 nullum
345 805 401 839 esse
413 790 620 856 connexionem,
631 787 733 847 nullam
747 787 945 844 similitudinem
959 792 1027 844 inter
1041 810 1139 852 mensas
1153 806 1179 846 et

140 863 250 917 albentes
263 865 335 920 lacus
349 879 375 917 et
382 867 480 938 fontes.
495 869 579 939 Lege,
925 865 932 874 '¹

323 961 385 1022 Quid
394 963 489 1009 referam
499 961 597 1012 alternat
606 965 698 1025 gemino
707 979 778 1028 super
785 981 869 1028 aggere
878 967 961 1013 ninius.

141 1047 169 1100 bd
191 1062 247 1116 est,
268 1050 399 1122 nynpbas
418 1069 465 1104 aen
487 1069 586 1123 quas,-
607 1053 644 1106 its
666 1055 738 1105 enim
758 1057 864 1125 entique
887 1054 1070 1120 scribebatur,
1093 1055 1181 1127 ninfas

142 1123 228 1194 (unde
244 1125 305 1180 Itali
320 1127 400 1182 hodie
416 1129 511 1200 ninfn)
529 1131 598 1181 inter
616 1147 696 1201 quam
716 1143 742 1183 et
759 1150 858 1185 mensas
875 1134 981 1184 minima
1000 1145 1039 1186 eet
1056 1131 1180 1185 differen·
1256 1155 1260 1178 ι

142 1207 185 1257 tia.
203 1209 253 1259 Per
270 1207 400 1279 nymphas
415 1226 478 1261 vero
499 1227 544 1260 sen
562 1227 643 1282 equas
660 1209 781 1282 inteiligit
798 1209 908 1277 balnea,
929 1215 1025 1284 quein
1040 1211 1180 1283 aggeribus

142 1303 187 1338 ten
204 1289 268 1358 ripis
281 1287 419 1340 fluviorum
437 1289 534 1340 exstrui
553 1287 637 1340 solere
655 1287 688 1340 sd
707 1290 921 1343 commoditatem
941 1290 1090 1344 hauriendae
1107 1309 1180 1364 aque

143 1381 173 1416 er
192 1363 302 1418 diversis
322 1364 416 1418 herum
436 1367 562 1420 Silvarum
578 1366 644 1419 locis
662 1382 783 1439 apparet.
805 1371 890 1442 Supra
908 1389 973 1422 vers.
991 1370 1039 1437 453
1058 1373 1095 1424 ita
1113 1371 1181 1426 Vilia

142 1443 258 1498 Sarmat.
276 1463 345 1498 vers.
361 1464 408 1516 17,
423 1445 470 1498 ubi
484 1446 616 1518 nympha,
633 1452 732 1518 pariter
749 1461 828 1519 utque
846 1448 905 1517 hic,
922 1469 972 1520 pro
989 1469 1081 1524 aqua:
1104 1464 1130 1502 et
1148 1449 1181 1502 nd

142 1539 211 1577 nere
222 1523 279 1578 bec
293 1524 368 1578 vides
381 1525 485 1578 balnea.
500 1529 597 1578 lterum
610 1528 687 1578 Herc.
700 1527 816 1579 Surrent.
829 1547 894 1580 vers.
908 1546 969 1582 ron:

647 1615 717 1659 Curti
726 1625 752 1660 tu
760 1613 834 1661 litoris
843 1629 883 1660 ota

323 1683 431 1732 clausisti
440 1683 525 1732 calidas
533 1685 623 1746 genius
633 1684 748 1732 testudine
757 1683 869 1748 lymphas.

142 1773 200 1854 Hq
211 1771 270 1828 loen
279 1774 411 1827 simillima
421 1788 497 1841 sunt,
508 1787 535 1827 et
547 1777 649 1846 egregie
659 1775 815 1827 confirmant
825 1778 1006 1846 conjecturem
1016 1793 1115 1840 meam3
1125 1793 1182 1846 que

141 1865 226 1906 tamen
242 1873 273 1907 ar
287 1873 369 1908 senen
382 1854 440 1910 eolo
455 1867 482 1906 et
493 1856 599 1906 minima
613 1855 763 1907 differentia
779 1857 913 1928 scripturae
924 1857 951 1906 in
962 1854 1072 1908 vocibus
1085 1873 1183 1907 meuses

142 1946 168 1983 ει
180 1934 270 2004 nitesce
283 1937 398 2007 seipsam
410 1947 556 1987 sustentare
569 1949 668 2006 posset.
680 1935 819 2008 Nymphas
829 1953 891 1986 vero
906 1955 955 2006 pro
969 1953 1050 2008 aquas
1062 1948 1182 2006 utsupra

141 2029 165 2064 v.
177 2013 220 2083 37,
237 2037 249 2060 ι
260 2034 295 2066 sn
309 2017 417 2068 emisses
429 2034 477 2086 per
490 2028 586 2068 cuneta
601 2014 697 2068 cubilia
712 2015 876 2088 nymphaei„
893 2014 940 2068 ubi
953 2015 1022 2068 maie
1035 2014 1182 2068 substitue-

142 2093 345 2166 runtiympbes,
357 2113 439 2168 quum
448 2094 489 2146 ed.
498 2097 573 2147 Rom.
585 2098 683 2147 etVen.
694 2096 810 2149 disertim
820 2094 935 2148 habeant
944 2095 1086 2168 nymphas,
1097 2097 1181 2149 Gron.

141 2187 224 2238 teste,
236 2175 317 2226 Diatr.
331 2195 391 2247 cap.
407 2175 452 2242 18,
469 2178 544 2227 etita
560 2177 647 2228 inveni
663 2177 691 2227 in
703 2179 844 2228 Parmensi.
858 2179 953 2228 Iterum
966 2195 1003 2228 vs.
1017 2176 1067 2242 46:
1086 2174 1183 2227 «Ridet

140 2253 295 2308 anhelantes
304 2258 391 2308 ricino
402 2255 509 2308 flumine
518 2253 661 2328 nymphen
671 2280 682 2302 ι
695 2255 721 2307 id
732 2269 784 2320 est,
795 2274 884 2326 equas.
893 2254 961 2307 Vide
971 2273 1027 2326 quse
1035 2253 1073 2305 ibi
1084 2256 1181 2305 notavi.

140 2337 220 2387 Potes
230 2337 308 2388 etiam
319 2335 423 2408 legere,
433 2337 538 2411 gemino
549 2355 624 2407 super
634 2353 725 2411 ayqere
738 2335 858 2409 iympbas
869 2355 918 2407 pro
931 2353 1042 2398 mensem
1054 2335 1098 2386 sed
1110 2353 1184 2404 nym-

140 2414 206 2484 phas
216 2419 300 2486 magis
314 2417 453 2487 figuratum
469 2428 521 2480 est,
533 2429 558 2467 et
573 2419 639 2468 mori
653 2415 769 2467 Statiano
783 2429 943 2485 congruum
958 2417 1030 2466 etita
1043 2414 1103 2484 legit
1115 2415 1183 2467 Gro-

141 2496 234 2546 novius
248 2497 276 2546 in
290 2515 370 2566 supra
385 2497 465 2549 citato
481 2495 541 2548 ioco
556 2499 635 2550 Herc.
652 2497 814 2562 Surrentini,
830 2493 878 2546 nbi
893 2493 971 2564 vulgo
986 2493 1123 2566 lympham
1136 2491 1182 2546 sed

141 2577 290 2628 Parmensis
302 2588 329 2628 et
340 2577 461 2629 Romana
477 2575 547 2628 clere
563 2574 661 2628 habent
675 2575 810 2647 nymphas.
823 2577 938 2628 Omnino
953 2573 1011 2628 vide
1025 2591 1081 2644 qun
1095 2572 1131 2624 de
1143 2571 1183 2626 his

141 2653 254 2707 uocibus
266 2661 400 2711 annotavit
411 2656 444 2709 ci.
456 2656 588 2720 bentieius
600 2655 633 2708 ad
645 2659 710 2710 Hor.
723 2656 810 2706 Carm.
821 2656 870 2721 ΙΙΙ,
888 2655 931 2720 13,
942 2674 979 2706 vs.
997 2657 1042 2714 16,
1055 2667 1079 2705 et
1092 2653 1182 2706 Heius.

145 2731 182 2786 ed
192 2732 270 2784 ovid.
283 2735 387 2790 Heroid.
402 2737 450 2808 Ep.
465 2739 498 2802 V,
510 2736 558 2788 31:
573 2735 712 2801 «Xantho,
727 2749 797 2796 retro
809 2753 936 2806 propera;
950 2751 1081 2804 versuque
1094 2750 1184 2784 reeur-

145 2813 198 2866 rite
210 2811 340 2885 nymphe.
351 2838 361 2860 ·
373 2816 423 2870 Sed
434 2835 483 2870 nec
494 2814 581 2869 adhue
592 2815 680 2868 locuni
691 2834 722 2876 eu
732 2827 788 2870 toto
798 2833 891 2868 sanum
901 2828 981 2886 putot
994 2825 1021 2868 et
1029 2809 1184 2880 legendum,

330 2907 423 2959 Alterno
431 2912 532 2975 geminet
541 2927 611 2974 super
619 2926 702 2973 aggere
712 2907 836 2973 nympbnst

142 3015 212 3065 noa,
227 2998 341 3052 alternes
351 3003 487 3072 geminen
508 3031 545 3042 -
564 3003 670 3073 «Super
683 2999 785 3052 alterno
800 3015 915 3071 aggeres
930 3010 968 3049 est
983 3013 1064 3065 super
1073 3007 1183 3064 utraque

143 3077 213 3147 ripa,
224 3091 255 3130 nt
266 3093 290 3128 v.
305 3077 354 3131 ²5:
370 3078 505 3132 naiternas
517 3094 620 3132 servam
631 3081 752 3150 praetoria
764 3079 869 3148 ripas;e
884 3087 910 3127 et
919 3073 1003 3128 Theb.
1016 3073 1060 3124 tib.
1070 3075 1107 3139 11,
1121 3073 1182 3125 182:

557 3177 618 3238 Quat
628 3179 726 3222 Doricus
736 3174 812 3236 alligat
821 3173 889 3220 undis

327 3245 438 3305 isthmus,
449 3259 472 3294 et
481 3247 570 3296 alterno
579 3265 637 3312 quos
646 3249 748 3309 margine
758 3247 878 3293 submovet
888 3245 955 3290 infra.

145 3331 173 3382 ld
188 3347 240 3400 est,
255 3347 369 3406 utroque
381 3339 506 3406 margine.
522 3338 643 3390 Geminas
655 3337 796 3408 nymphas,
809 3347 839 3386 ut
848 3335 953 3407 qeminb
965 3333 1102 3396 testudine,
1118 3331 1185 3383 duo·

146 3411 196 3463 bns
210 3413 275 3467 incia
290 3428 352 3468 ante
366 3419 460 3469 citetis.
475 3417 528 3470 Sed
545 3417 597 3470 boc
611 3418 669 3469 leve
685 3430 736 3482 est,
754 3433 779 3468 et
798 3414 953 3488 quibusdam
968 3416 1037 3465 forte
1052 3431 1106 3464 non
1119 3411 1184 3463 adeo
1261 3409 1267 3424 '

145 3495 320 3546 uenenarium
334 3493 475 3550 ridebitur.
488 3499 597 3554 Dimitte
612 3499 699 3568 igitur,
713 3515 794 3566 quuut
803 3498 936 3568 supersint
947 3507 986 3546 tot
997 3494 1131 3560 graviora:
1146 3509 1186 3544 ve·

145 3572 185 3624 ¹¹¹¹
194 3572 245 3626 hoc
255 3572 329 3646 quod
339 3578 469 3650 sequitur,
483 3600 494 3626 ι
504 3578 675 3650 albentesque
686 3579 772 3642 laem,
782 3578 903 3649 altosque
914 3580 940 3630 in
950 3577 1053 3647 gurgite
1064 3573 1160 3626 tontes.
1172 3593 1183 3618 ι

143 3681 179 3692 ··
196 3651 328 3724 Scriptum
348 3659 467 3710 Omnium
485 3655 631 3712 librorum:
654 3657 742 3729 «qnid
760 3658 871 3710 referam
891 3655 1005 3708 alternes
1023 3651 1073 3704 sub
1093 3667 1187 3721 aggere

143 3748 281 3800 mentat,·
296 3734 425 3788 servande
442 3749 506 3788 erat.
520 3739 574 3790 Cur
586 3739 657 3792 euim
673 3755 782 3802 menete,
798 3739 821 3790 si
834 3739 860 3788 in
872 3736 937 3804 ripis
948 3743 1084 3786 exstincte
1099 3741 1188 3793 erum,

144 3813 170 3862 in
183 3810 234 3864 hae
246 3812 428 3886 descriptione
439 3835 493 3873 non
506 3821 707 3872 commemorari
720 3817 859 3890 poterent?
869 3814 1003 3888 Nymphae
1017 3829 1078 3866 veto
1092 3812 1186 3862 iterun

143 3885 196 3941 hnc
207 3906 359 3961 revocatas,
369 3913 449 3950 neuto
460 3916 510 3968 pro
522 3895 622 3952 balneis
635 3899 758 3968 accipiet,
771 3914 882 3967 qnorum
893 3895 991 3946 mentio
1004 3889 1039 3942 ab
1050 3888 1101 3941 huc
1112 3900 1187 3958 perte
1261 3916 1265 3926 ·

141 3972 265 4036 carminis,
278 3973 447 4036 edacissima.
460 3977 539 4048 Atqui
554 3977 721 4049 ponebantur
732 3980 758 4032 iu
773 3979 836 4046 ripis
848 3993 942 4028 mensa
954 3985 978 4024 et
993 3967 1103 4030 cubitia,
1118 3983 1187 4034 W
