2784 4484
403 336 730 404 RECENTIORIS
752 338 990 407 EDITORIS.
1187 353 1223 416 xi

184 467 299 528 omnia
312 461 381 524 haec
392 481 462 522 non
475 481 539 520 uno
554 475 708 552 tempore,
722 481 822 542 neque
833 462 872 522 ab
884 483 947 526 uno
960 465 1087 528 librario
1099 473 1220 561 scripta.

186 564 269 624 Nam
291 559 385 622 Silvae
406 556 594 620 videbantur
619 557 715 618 Hesio
737 558 818 618 circa
842 579 957 620 annum
986 560 1061 647 1470
1085 570 1223 650 scriptae,

190 659 311 741 reliqua
329 655 474 741 pluribus
492 657 582 714 annis
600 669 687 738 post,
705 655 833 740 epistola
851 678 924 718 vero
945 660 1065 744 Rogerii
1084 679 1223 752 tempore

190 757 349 818 Francisci
361 755 468 836 primi.
483 755 520 813 ln
534 754 634 835 prima
647 754 760 837 pagina
773 757 918 815 carminis
932 760 1022 838 primi
1036 763 1117 823 inter
1127 765 1224 828 lineas

191 857 385 940 interpositae
398 865 471 912 sunt
481 852 637 913 breviores
649 851 880 934 explicationes,
896 856 931 916 in
942 856 1066 938 reliquis
1077 883 1173 946 usque
1185 867 1224 926 ad

194 954 251 1015 fol.
263 977 320 1026 nx,
335 955 399 1013 sive
413 951 452 1012 ad
467 973 591 1012 carmen
606 951 623 1014 5
638 951 712 1011 libri
723 953 765 1012 lv
779 953 884 1034 glossae
898 955 932 1014 in
946 959 1101 1038 margine,
1114 964 1225 1042 quibus

196 1067 250 1114 ant
259 1051 449 1114 difficiliores
459 1051 630 1126 sententiae,
641 1064 696 1110 aut
703 1071 749 1112 res
756 1053 892 1133 antiquae
900 1051 1104 1118 illustrantur.
1115 1060 1226 1123 Hasius

194 1153 357 1234 descripsit
369 1171 437 1226 eas,
457 1171 527 1230 quae
546 1149 585 1210 ad
605 1151 743 1232 primurn
762 1149 876 1210 librum
894 1165 924 1212 51
943 1153 982 1212 ad
997 1153 1057 1216 alia
1075 1159 1226 1222 nonnulla

195 1251 335 1314 carmina
354 1250 528 1332 pertinent;
550 1247 663 1332 quibus
681 1247 864 1330 intelligitur
881 1265 1038 1314 auctorem
1058 1255 1165 1320 Rornae
1182 1263 1228 1321 vi·

193 1353 291 1426 nisse,
310 1369 411 1432 neque
425 1347 600 1408 eruditione
613 1343 792 1410 destitutum
810 1347 912 1410 fuisse.
933 1351 1002 1412 vid.
1017 1353 1102 1432 adl,
1121 1379 1152 1434 1,
1170 1359 1240 1440 37;·

196 1469 233 1522 a,
249 1445 315 1506 138.
330 1446 415 1527 Saepe
428 1445 462 1504 in
474 1441 598 1503 scholiis
612 1441 787 1504 afferuntur
801 1446 921 1528 antiqui
936 1463 1075 1510 auctores
1088 1454 1187 1516 Graeci
1200 1471 1230 1516 et

194 1543 319 1621 Latini,
333 1563 413 1626 saepe
424 1543 516 1602 etiam
531 1543 604 1601 artis
616 1554 827 1602 monumenta.
843 1543 946 1603 Codex
958 1566 1032 1606 vero
1044 1569 1110 1608 non
1123 1557 1230 1616 omnia

195 1640 436 1726 comprehendit
447 1640 603 1715 carmina,
618 1639 670 1700 sed
684 1637 780 1699 finem
794 1637 888 1700 babet
901 1642 935 1700 in
948 1663 1037 1703 versu
1052 1647 1109 1726 257
1124 1655 1232 1712 carmi·
1315 1651 1319 1658 '

199 1740 249 1798 nis
261 1761 280 1798 5
291 1737 362 1797 libri
372 1740 410 1814 V,
426 1737 542 1798 caeteris
550 1734 698 1817 abruptis.
712 1735 798 1795 ldem
807 1749 865 1810 est,
876 1757 983 1817 quem,
993 1748 1232 1808 utnarratMar-

200 1834 337 1895 klandus
349 1836 378 1893 in
392 1832 593 1917 praefatione,
604 1831 761 1894 Bentleius
773 1833 952 1896 contulerat.
967 1837 1072 1922 Neque
1081 1862 1154 1904 vero
1163 1866 1230 1908 ma·

200 1951 297 2014 gnam
311 1929 403 1990 babet
416 1929 647 2003 auctoritatem,
662 1927 715 1988 sed
730 1927 893 2004 librarius,
908 1933 987 1991 utin
999 1935 1037 1994 iis
1049 1951 1146 2018 patet,
1162 1963 1231 2025 quus

199 2027 239 2088 ad
253 2025 425 2110 Epistolam
440 2023 514 2084 libri
528 2024 628 2099 tertii,
650 2023 689 2083 ad
706 2025 768 2102 Ill,
792 2045 820 2102 r,
841 2023 897 2101 113,
916 2042 946 2086 51
959 2027 1034 2090 alibi
1052 2039 1178 2116 monui,
1197 2041 1230 2100 in
1296 2089 1300 2102 .

200 2147 238 2187 oo
252 2121 453 2186 describendo
469 2118 646 2181 adhibuisse
659 2120 782 2181 videtur
796 2135 910 2183 veteres
923 2123 1108 2190 editiones.»

180 2271 262 2334 11155
278 2262 454 2345 Handius3
476 2284 554 2356 quas
572 2284 626 2328 res
645 2276 829 2356 utcumque
848 2285 884 2330 se
903 2260 1041 2348 habeat,
1064 2266 1230 2338 nihilomi-

179 2412 245 2456 nns
262 2403 380 2456 tamen
397 2382 659 2453 describendum
676 2407 718 2451 ex
735 2388 829 2452 omni
847 2402 942 2478 parte
962 2387 1087 2456 librum
1104 2397 1230 2461 censui-

180 2534 275 2594 mus,
287 2507 449 2604 religione
461 2505 608 2602 quadam
617 2509 716 2588 moti,
732 2522 771 2572 ut
786 2503 978 2574 Marklandi
993 2514 1099 2578 nostri
1113 2528 1230 2580 votum

115 2637 126 2664 '
182 2627 429 2710 absolveretur,
448 2629 563 2721 sicque
582 2623 655 2718 ejus
674 2627 771 2720 quasi
787 2625 943 2694 Manibus
960 2645 1227 2721 parentaremus.

183 2747 219 2814 st
230 2749 378 2839 quivero
390 2743 539 2814 alienum
553 2743 596 2812 ab
608 2767 709 2838 opere
723 2746 877 2814 instituto
889 2769 975 2838 opus
986 2744 1228 2839 judicaverint,

185 2863 288 2934 facile
303 2862 337 2932 id
352 2863 605 2946 condonabunt,
623 2865 724 2934 modo
740 2868 904 2959 propositi
920 2869 1080 2959 pietatem
1096 2873 1230 2938 attentis

183 2989 392 3081 respexerint
409 2989 542 3055 animis.

236 3161 410 3226 Variantes
430 3181 566 3254 quoque
586 3161 746 3252 Principis
768 3161 830 3243 (ut
849 3141 964 3244 aiunt)
992 3156 1172 3246 Editionis,
1199 3181 1232 3232 et

184 3279 324 3350 Aldinas
346 3279 507 3348 lectiones
529 3283 565 3347 in
585 3277 735 3348 medium
756 3277 978 3362 contulimus,
1005 3282 1174 3376 textuique
1196 3288 1230 3354 in

183 3403 253 3468 ima
269 3400 394 3492 pagina
409 3397 637 3492 subjecimus,
661 3396 782 3466 additis
802 3397 994 3466 Marklandi
1012 3397 1232 3493 conjecturis,

184 3537 218 3589 51
232 3519 420 3588 lectionum
434 3515 651 3588 varietatibus
666 3543 706 3586 ex
720 3518 809 3586 illius
823 3523 1064 3588 commentario
1080 3521 1231 3618 deprom-

186 3642 272 3730 ptis,
293 3637 396 3707 modo
414 3653 530 3707 tamen
549 3663 611 3732 per
631 3639 828 3708 brevitatem
846 3641 987 3710 liceret:
1013 3641 1109 3738 cujus
1132 3647 1233 3714 etiam

186 3759 357 3828 brevitatis
373 3784 494 3842 musa,
514 3775 548 3828 51
567 3785 610 3828 115
628 3758 787 3830 volumen
807 3780 900 3831 extra
914 3763 1052 3832 modurn
1065 3789 1233 3835 excresce-

185 3895 256 3960 ret,
271 3881 446 3976 oxempla‚
466 3903 544 3975 quoe
562 3881 708 3972 plurima
720 3883 942 3952 Marklandus
957 3885 1131 3967 attulerat,
1152 3909 1235 3953 non-

186 4023 364 4097 nunquam
382 4000 606 4086 rescidimus,
627 4027 703 4096 quae
724 4007 802 4072 satis
822 4022 893 4073 5151
912 4003 1133 4073 subindicare.
1154 4009 1235 4091 Qum

1052 4155 1081 4197 1.
