2784 4484
167 324 255 417 xxxij
542 326 830 392 nannetum

166 457 190 508 si
203 471 260 508 non
273 455 364 528 ipsum
377 453 510 520 Statium,
524 471 636 508 sensum
650 463 741 508 nmen
757 451 864 528 vulgato
878 455 1032 528 potiorem,
1046 463 1074 508 et
1086 457 1162 528 cujus
1175 457 1207 508 in

132 581 140 610 0
167 549 243 602 Notis
258 549 392 601 rationem
406 546 536 616 reddam,
552 567 619 624 quas
636 549 771 623 quianon
785 549 872 602 otium
889 558 936 601 aut
949 547 1057 600 animus
1072 546 1124 601 tibi
1137 545 1210 602 ferte

166 639 250 694 fuerit
265 638 443 710 consulendi,
458 643 540 696 statui
556 639 608 695 boc
622 652 702 716 pacto
720 641 846 696 decidere
857 657 920 696 cum
934 637 1039 694 deliciis
1053 649 1082 693 et
1097 637 1210 694 fastidio

167 745 224 788 tuo.
234 738 315 788 Extra
326 734 377 789 bos
388 733 455 792 fines
466 737 488 790 si
498 753 542 789 me
551 745 710 808 evagantem
721 752 841 808 uuquam
851 731 1077 808 deprehenderis,
1087 735 1211 807 injicias,

167 845 272 904 queso,
286 846 413 899 manum,
424 841 451 884 et
463 831 491 883 iu
502 830 576 884 viam
587 826 714 894 reducas;
727 826 824 882 leniter
835 839 926 882 tamen
939 839 965 882 et
977 830 1036 881 sine
1047 826 1210 897 acerbitate,

166 932 248 998 prout
262 920 340 976 decet
353 901 493 978 Musarum
504 940 560 976 nou
571 918 656 975 duelli
667 931 693 974 et
705 919 849 975 discordie
860 921 943 975 sacris
955 931 1083 996 operatos
1095 943 1101 973 :
1116 938 1210 996 neque

166 1014 255 1082 enim,
267 1014 290 1067 si
300 1011 436 1082 palcidum
446 1023 516 1067 recte
524 1029 625 1088 ponas,
637 1013 705 1066 tanti
718 1023 782 1066 sunt
791 1009 997 1067 allucinationes
1009 1029 1089 1081 meae,
1102 1022 1131 1066 ut
1143 1030 1209 1087 pro·

168 1117 260 1181 pterea
273 1118 304 1160 tu
318 1106 516 1161 humanitatem
527 1123 625 1168 exuas;
640 1115 668 1160 et
679 1103 760 1180 longe
773 1119 837 1160 ante
848 1105 898 1160 tibi
912 1105 1062 1174 denuntio,
1077 1107 1156 1160 sime
1169 1125 1212 1160 er-

169 1211 273 1252 rantem
286 1201 439 1272 coarguens
451 1215 481 1251 ex
493 1199 598 1252 ratione
610 1198 650 1252 rei
662 1208 689 1251 et
698 1209 821 1252 veterum
833 1198 1041 1254 auctoritatibus
1052 1198 1211 1274 (quomodo

169 1302 258 1345 tecum
277 1291 356 1367 ago),
374 1309 420 1345 me
437 1292 528 1365 primo
546 1294 649 1348 interitu
667 1311 764 1349 manus
783 1293 933 1363 daturum,
950 1305 977 1349 et
994 1293 1132 1350 laesurum
1150 1295 1211 1349 sinc

167 1382 253 1458 flagro
267 1394 294 1436 et
307 1379 483 1448 verberibus,
494 1401 556 1459 quas
568 1382 664 1460 procul
676 1399 862 1442 amoventora
874 1384 1031 1442 liberalibus
1043 1384 1210 1462 disciplinis;

168 1477 195 1529 in
207 1474 308 1552 quibus
321 1477 487 1552 quicumque
499 1477 617 1552 ingenue
628 1491 761 1550 versatur,
774 1481 841 1535 civis
852 1483 990 1535 Romanus
1002 1492 1051 1535 cst.
1064 1483 1097 1535 Et
1108 1479 1174 1555 quid
1187 1482 1211 1534 si

168 1585 220 1642 ego
234 1570 399 1624 erraverim?
412 1571 474 1645 quis
488 1570 542 1625 boc
556 1589 571 1624 a
584 1589 627 1626 me
639 1573 736 1646 exigit,
751 1585 798 1628 aut
809 1572 921 1648 quando
937 1573 1053 1649 promisi
1067 1571 1210 1644 futurum,
1236 1595 1250 1606 ·

168 1674 200 1718 ut
212 1683 354 1740 nunquam
367 1661 493 1719 fallerer?
506 1683 541 1719 au
555 1667 578 1719 si
593 1665 687 1721 decem
698 1664 765 1722 locis
779 1669 825 1741 (ut
837 1669 968 1724 Gronovii
980 1667 1071 1723 verbis
1083 1655 1212 1739 utar)'tcr

169 1757 344 1829 cecidissem,
356 1755 450 1814 malles
462 1771 492 1814 tu
501 1759 601 1834 septies
610 1757 679 1816 falsa
688 1773 714 1815 et
725 1760 843 1817 obscura
852 1760 969 1817 lectione
979 1763 1115 1838 torqueri,
1128 1780 1212 1836 quam

169 1867 223 1906 tres
233 1853 301 1907 mibi
311 1850 403 1928 lapsus
413 1863 440 1907 et
451 1864 604 1908 monstrare
614 1853 900 1926 etcondonarelnon,
913 1858 1023 1932 opinor;
1037 1857 1060 1911 si
1070 1855 1213 1910 bominem

168 1958 196 1999 te
213 1946 376 2000 memineris.
391 1949 465 2002 Neve
481 1946 539 2002 haec
555 1948 638 2021 gratis
654 1945 726 2002 dicta
741 1959 836 2023 putes,
851 1949 903 2003 hac
914 1950 1057 2004 occasione
1070 1959 1212 2023 stuporem

170 2055 262 2092 meum
273 2035 345 2093 ultro
357 2056 491 2113 agnoseo;
506 2041 553 2114 qui
568 2037 621 2095 alio
633 2038 774 2116 Opusculo
788 2040 887 2117 (Epist.
898 2041 989 2096 Critic.
1004 2060 1033 2116 p.
1047 2039 1096 2110 39)
1109 2041 1139 2092 in
1149 2037 1212 2095 loco

170 2135 198 2186 L.
213 2130 286 2186 riori
303 2136 342 2204 ll,
358 2152 390 2200 2,
405 2151 471 2210 pro,
488 2131 632 2190 :Africam
648 2145 674 2188 et
691 2137 782 2210 Syrtes
799 2135 923 2188 omnium
942 2135 1057 2210 imperia
1073 2133 1213 2208 gentium,

170 2223 322 2281 insularum
337 2223 416 2281 litora
428 2225 576 2304 replevit,»
590 2225 728 2303 legebam:
745 2231 857 2304 «Syrtes
869 2239 896 2281 et
907 2229 1033 2282 omnium
1047 2229 1076 2281 in
1093 2245 1126 2281 eo
1142 2229 1213 2282 mari

168 2318 315 2392 jacentium
327 2315 478 2374 insularum
488 2316 581 2385 litora;
593 2345 604 2368 a
620 2337 708 2394 quum
719 2337 816 2374 verum
826 2331 909 2390 esset,
925 2322 1038 2394 «Syrtes
1051 2329 1078 2374 et
1089 2321 1214 2374 omnium

171 2411 387 2486 interjacentium
410 2410 564 2467 insularum
587 2411 708 2477 litora;»
736 2423 819 2490 prout
842 2430 887 2466 me
909 2412 1023 2466 comiter
1045 2421 1215 2466 monuerunt

172 2506 273 2564 summi
290 2506 343 2560 viri
360 2507 519 2561 Franciseus
538 2511 608 2561 Hare
622 2519 648 2562 et
666 2505 798 2562 Ricardus
815 2501 967 2576 Bentleius,
986 2517 1013 2558 et
1030 2503 1153 2559 eruditus
1172 2504 1215 2556 vir

171 2599 266 2656 Daniel
280 2599 433 2672 walterus,
450 2614 524 2664 tutor
538 2601 603 2658 olim
618 2621 714 2658 meus:
732 2601 833 2679 quibus
847 2604 914 2657 vin's
927 2601 1172 2677 prestantissimis,
1187 2611 1214 2654 et

173 2694 242 2762 hoc,
254 2706 281 2750 et
292 2693 386 2750 multis
397 2693 457 2750 aliis
466 2695 641 2765 nominibus,
653 2695 816 2752 obstrictum
827 2714 872 2751 me
881 2693 1004 2774 profiteri
1014 2694 1129 2770 gaudeo.
1140 2691 1215 2749 Idem

172 2787 278 2843 dictum
288 2785 353 2842 volo
364 2787 399 2843 de
411 2785 471 2843 loco
482 2789 621 2844 Ciceronis
630 2788 665 2843 de
675 2794 736 2845 Nat.
748 2794 830 2846 Deor.
842 2794 894 2858 lli,
907 2789 959 2857 35,
971 2787 1020 2843 ubi
1029 2807 1081 2864 pre
1096 2788 1143 2842 «vi
1154 2797 1218 2840 tim-

172 2882 273 2957 penitis
283 2899 349 2957 rogo
359 2879 450 2938 illatus
460 2893 533 2951 est‚·
547 2879 669 2956 legebam
679 2907 685 2935 :
702 2907 713 2931 ι
724 2883 753 2938 in
763 2883 957 2960 triumphantis
967 2895 1029 2957 toga
1039 2880 1125 2937 elatus
1137 2890 1192 2942 est;
1201 2905 1213 2928 ι

174 2973 249 3050 quod
261 2973 362 3030 falsum
373 2986 427 3043 est,
441 2993 527 3051 quum
540 2975 574 3030 de
587 2975 720 3052 Dionysio
731 2974 822 3031 Siculo
834 2994 925 3032 sermo
936 2974 996 3044 fiat,
1008 2976 1052 3030 cui
1066 2991 1123 3028 non
1138 2989 1215 3025 com-

173 3070 243 3144 petit
253 3081 330 3143 toga,
342 3086 402 3145 que
413 3073 598 3125 Romanorum
607 3081 657 3126 est.
669 3070 722 3126 Sed
733 3069 768 3124 ad
780 3089 847 3125 rem.

213 3262 252 3312 De
261 3258 400 3333 prioribus
413 3258 511 3315 barum
521 3260 665 3337 sylvarum
676 3258 834 3315 Editoribus
844 3275 945 3334 parum
953 3255 1060 3325 dicam,
1072 3273 1107 3310 ue
1119 3273 1215 3309 eorum

174 3351 400 3406 existimationem
414 3369 494 3421 vero,
508 3365 555 3408 aut
567 3355 621 3408 mei
634 3355 720 3429 ipsius
735 3350 805 3407 falso
816 3350 922 3427 judicio
937 3347 1041 3404 laedam.
1055 3353 1113 3403 Hoc
1127 3346 1216 3402 solum

176 3441 284 3496 audebo
301 3440 409 3513 dicere,
428 3461 475 3498 eos
496 3445 578 3498 nimis
600 3441 768 3518 negligenter
786 3441 852 3497 huic
869 3439 1024 3504 assiluisse3
1043 3438 1110 3494 dum
1130 3457 1218 3493 unum

175 3536 299 3610 quemvis
310 3532 401 3589 locum
410 3539 571 3613 arripientes
581 3539 609 3592 in
619 3555 674 3612 quo
683 3534 775 3612 aliqua
783 3547 853 3591 esset
862 3533 993 3591 Codicum
1003 3546 1049 3588 aut
1057 3532 1218 3587 Editionum

175 3626 366 3702 discrepantia,
374 3627 439 3683 huic
447 3631 493 3683 uni
502 3627 861 3698 catervatimincubuerunt,
868 3627 902 3682 de
910 3625 1006 3681 decem
1013 3623 1218 3681 obscurioribus

177 3731 204 3774 et
213 3718 448 3794 depravatioribus
460 3724 561 3790 securi,
573 3733 600 3775 ct
611 3739 646 3775 ne
658 3719 772 3775 verbum
782 3719 894 3796 quidem
906 3718 1046 3774 facientes.
1058 3716 1133 3788 Quid
1143 3714 1219 3771 aliud

177 3832 258 3890 quam
271 3812 437 3888 negligentes
453 3817 540 3888 (viros
557 3813 623 3872 alias
637 3815 823 3887 acutissimos)
837 3814 949 3884 dixeris,
964 3817 1012 3889 qui
1029 3813 1131 3868 centies
1147 3810 1218 3865 forte

179 3904 334 3982 relegerunt
349 3903 440 3962 locum
453 3909 593 3977 Auctoris,
608 3909 635 3962 in
647 3926 703 3983 quo
716 3919 815 3962 matres
830 3909 858 3962 in
873 3905 948 3962 luctu
961 3905 1167 3977 dicunturferre
1181 3906 1216 3954 cl·
