2844 4484
383 397 388 418 Ι
416 309 547 371 LIBRI
572 309 747 391 QUINTI
773 297 1024 378 levquM.
1174 317 1238 384 605

198 438 266 506 viget
284 436 418 508 ingenium
433 447 459 486 et
477 452 586 504 magnos
601 433 735 487 accidctus
750 438 778 488 in
795 455 858 490 usus
875 439 936 490 Fert
949 441 1051 492 animus
1067 459 1241 516 quascunque

199 519 282 580 vices3
290 540 302 563 s
314 515 476 568 Claudianus
487 514 607 580 dixisset,
620 515 709 565 «Novi
719 516 872 583 consilium,
882 518 945 569 novi
954 516 1103 572 Stilichonis
1112 523 1139 574 in
1150 542 1241 576 omnes

199 593 333 666 AEqualem
346 611 422 646 casus
435 595 586 656 animum·
602 592 663 645 Silv.
676 597 708 659 V,
725 612 747 660 r,
760 594 795 646 ad
805 595 901 647 Abasc.
913 616 936 647 v.
949 599 996 666 78,
1012 597 1112 668 vdigna
1122 602 1241 655 evolvere

198 687 285 726 tantas
297 674 388 727 Sobria
400 672 480 726 corda
493 675 595 734 vices;r
611 687 637 725 et
648 675 695 725 inf.
706 693 729 724 v.
743 693 792 744 99,
803 675 898 733 shlille
908 678 986 728 etiam
996 695 1128 748 praenosse
1137 683 1205 734 vices
1210 704 1218 744 3
1226 706 1238 729 ι

198 753 294 807 Tibull.
309 757 335 821 l,
349 773 379 822 9,
395 755 444 820 64:
463 757 537 805 sAut
551 771 662 824 operum
680 756 763 806 varias
779 755 942 827 disposuisse
958 758 1061 820 vices;s
1078 760 1167 830 virgil.
1182 765 1240 814 AEu.

198 837 235 900 ll,
250 835 317 901 4332
336 837 458 902 rTestor,
473 838 499 885 in
516 853 613 886 occasu
627 848 727 901 vestro,
747 854 796 886 nec
812 835 864 887 tela
879 856 927 888 nec
944 836 1012 888 ullas
1028 839 1155 892 vitavisse
1171 845 1241 895 vices

198 918 354 978 Danaum·
370 935 400 968 es
414 935 466 988 quo
479 915 539 966 loco
552 914 810 966 restituendusforte
823 915 888 967 alter
900 917 1019 987 ejusdem
1030 916 1103 984 iibri,
1115 921 1162 971 inl.
1176 921 1241 992 731,

201 1000 332 1068 viamque
347 994 557 1067 propinquabam
573 997 673 1066 portis,
688 1013 846 1068 omnemque
864 995 974 1048 videbar
988 996 1106 1050 Evasisse
1121 1002 1239 1064 vicem3»

199 1079 245 1141 ita,
263 1079 384 1148 inquam,
401 1075 465 1127 mihi
480 1076 584 1128 videtur
597 1073 737 1146 legendum
752 1094 802 1146 pro
818 1075 903 1126 viam:
920 1095 1025 1128 omnem
1039 1077 1134 1140 vicem,
1149 1079 1175 1130 id
1190 1093 1242 1148 est,

198 1175 303 1208 omnem
323 1174 422 1224 casum,
443 1173 520 1207 omne
536 1154 700 1226 periculum,
721 1167 750 1205 ut
768 1155 835 1206 bene
854 1153 957 1206 Servius
971 1154 1084 1227 explicat
1102 1156 1135 1209 ad
1154 1158 1243 1212 lacurn

199 1236 277 1288 modo
291 1235 441 1287 adductum.
453 1234 574 1287 Solennis
587 1253 648 1286 vero
662 1233 755 1286 harum
767 1253 863 1286 vocum
876 1237 1062 1298 commutatio,
1076 1255 1157 1308 quurn
1170 1237 1243 1290 nulla

198 1315 231 1367 sit
244 1314 391 1367 differentia
403 1313 513 1366 inlibris
525 1313 595 1365 MSS.
608 1317 675 1366 inter
685 1334 701 1364 a
711 1327 737 1364 et
748 1331 784 1364 ce.
796 1313 859 1365 Inde
872 1327 910 1365 est
923 1312 995 1385 quod
1008 1314 1103 1384 Georg.
1117 1318 1142 1382 l,
1155 1315 1242 1369 adhuc

198 1397 225 1446 in
240 1394 363 1447 omnibus
378 1393 538 1446 editionibus
556 1392 659 1464 legatur
673 1395 809 1444 Mutavere
824 1393 890 1459 vias,
911 1411 992 1464 quum
1008 1393 1086 1464 plane
1099 1394 1242 1464 legendum

199 1476 229 1526 sit
245 1477 381 1526 Mutavere
395 1475 474 1525 vices.-
491 1476 609 1524 uvarum
624 1473 670 1523 ubi
685 1486 829 1541 tempestas
843 1486 868 1523 et
883 1473 938 1524 cteli
953 1473 1057 1526 mobilis
1071 1473 1167 1526 humor
1180 1477 1243 1527 Mu·

199 1567 284 1604 tavcre
295 1556 398 1617 vices,»
411 1567 440 1604 ut
453 1552 526 1624 apud
537 1555 689 1617 Horatium,
702 1575 713 1597 α
724 1565 808 1603 mutat
820 1564 888 1603 terra
900 1554 1002 1617 vices,·
1015 1567 1041 1604 et
1053 1553 1118 1606 alios
1130 1555 1240 1625 passim

199 1653 293 1703 sensu,
311 1637 435 1706 inquam,
455 1632 505 1684 hoc
524 1632 685 1704 postulante.
702 1631 764 1684 lnde
779 1631 850 1682 idem
865 1630 989 1684 mendum
1004 1633 1077 1705 apud
1091 1635 1240 1702 Tibullum,

198 1714 235 1780 il,
251 1716 284 1782 6,
301 1733 367 1766 vers.
384 1715 433 1768 35:

382 1803 421 1849 1111
431 1815 495 1866 gerat
504 1815 579 1851 vestes
589 1815 671 1849 tennes
680 1818 737 1865 quas
747 1801 833 1850 femina
841 1803 889 1850 Coa

414 1877 508 1932 Texuit,
519 1888 610 1923 auratas
620 1875 780 1938 disposuitque
790 1877 852 1932 vias3

198 1977 243 2028 uhi
257 1975 435 2028 Broulshusius
450 1976 483 2028 ad
498 1994 604 2028 sensum
619 1975 718 2045 optime
733 1975 955 2046 interpretatur„v
966 1989 1064 2028 vestam
1078 1995 1143 2029 auro
1156 1981 1242 2031 varie·

197 2071 300 2128 getam,
313 2059 389 2129 virgis
405 2057 491 2108 aureis
507 2058 575 2108 inter
588 2055 652 2106 telas
666 2054 917 2125 procurrentibus„
934 2053 986 2107 hoc
998 2075 1059 2107 vero
1071 2077 1126 2110 non
1140 2071 1180 2110 est
1193 2079 1241 2110 au-

198 2150 266 2191 ratas
280 2141 347 2205 vias,
365 2139 410 2190 sed
426 2139 498 2190 vices.
513 2137 584 2189 Citat
598 2135 704 2207 quidem
723 2137 842 2188 Servium
857 2135 891 2188 sd
906 2135 994 2208 Virqil.
1011 2137 1067 2190 AEn.
1084 2141 1155 2204 Vill,
1170 2139 1240 2190 660:

200 2221 334 2294 «Virqatis
353 2222 440 2274 lucent
456 2219 560 2292 saqulis.
577 2217 641 2286 Quoe
656 2214 791 2268 habebant
805 2217 831 2267 iu
848 2217 976 2286 virgarum
996 2237 1094 2272 morem
1113 2218 1240 2272 deductas

198 2301 283 2351 vias.»
301 2300 397 2351 Nescio
410 2317 463 2372 quo
475 2298 557 2352 Servii
571 2295 686 2348 editione
701 2313 763 2348 usus
776 2297 854 2348 luerit
867 2297 906 2346 vir
918 2295 1137 2366 elegantissimus,
1153 2299 1199 2352 sed
1213 2301 1241 2350 in

197 2381 302 2449 optimis
316 2398 369 2430 non
382 2373 447 2443 vias,
461 2378 507 2430 sed
518 2379 591 2432 stn'us
603 2375 712 2448 legitur3
728 2388 753 2426 et
765 2374 820 2427 hac
833 2390 872 2426 est
884 2393 945 2428 vera
958 2389 984 2427 et
994 2375 1142 2429 indubitata
1153 2376 1239 2428 lectio.

197 2459 334 2527 Eleganter
351 2461 430 2528 igitur
444 2467 548 2509 aurutus
565 2457 630 2508 uices
644 2453 762 2526 appellat
779 2454 901 2506 Tibullus
915 2456 999 2526 virgas
1018 2469 1044 2508 et
1058 2457 1132 2508 strias
1147 2475 1240 2509 aurens

197 2537 254 2590 telis
268 2539 437 2602 intertextas,
457 2549 482 2588 et
501 2536 596 2588 vicibus
609 2535 794 2605 interpositas;
813 2533 865 2585 hoc
880 2531 989 2585 eruditis
1008 2537 1109 2588 evincet
1121 2534 1177 2587 sola
1191 2554 1241 2586 vox

197 2619 327 2688 disposuit.
338 2617 460 2685 Virgilius
471 2616 594 2680 dixisset,
610 2615 703 2666 ntenui
713 2611 778 2665 telas
791 2613 951 2664 discreverat
963 2631 1041 2677 aur0;
1051 2639 1062 2661 n
1078 2615 1141 2676 Stat.
1154 2613 1239 2666 Theb.

197 2699 247 2764 Xl,
262 2697 331 2762 ica:
347 2695 483 2746 estamina
498 2711 636 2764 purpureae
652 2693 797 2743 sociaverat
812 2709 892 2743 aurea
903 2691 996 2752 tehen
1011 2692 1102 2745 Claud.
1117 2693 1195 2759 XLV,
1208 2693 1240 2744 de

195 2779 282 2850 Hystr.
295 2793 331 2827 vs.
349 2776 392 2842 14,
407 2796 418 2818 ι
428 2773 641 2841 alternantesque
653 2770 772 2822 colorum
784 2771 880 2822 Tincta
893 2773 997 2834 viccs;»
1012 2773 1111 2824 Lucan.
1125 2774 1160 2837 ll,
1173 2771 1238 2843 357:

200 2857 399 2930 «gradibusque
419 2853 526 2905 acclinis
546 2852 653 2905 eburnis
672 2851 728 2903 Stat
747 2863 833 2916 tonis,
850 2865 876 2902 et
893 2852 964 2922 picto
980 2865 1063 2904 vestes
1079 2852 1241 2906 discriminat

198 2959 300 2993 auron
316 2937 446 2990 alternum
462 2942 559 2986 textum
573 2944 650 2984 vocat
664 2931 781 2996 Plinius,
794 2931 860 2982 Hist.
875 2931 936 2981 Nat.
950 2931 1001 2996 tx,
1017 2929 1051 2982 35
1059 2954 1067 2994 ;
1081 2931 1137 2983 Val.
1153 2931 1239 2984 Flacc.

197 3021 249 3086 lii,
265 3037 310 3070 ro:
329 3041 340 3064 ι
351 3019 448 3086 conjux
461 3015 583 3066 Percosia
596 3023 681 3064 vestes
697 3011 770 3079 Quas
784 3010 879 3074 dabat,
896 3024 922 3062 et
933 3013 1004 3083 picto
1017 3011 1084 3066 Clite
1096 3013 1242 3064 variaverat

198 3118 271 3152 auru.
283 3121 294 3144 r
308 3099 347 3149 De
363 3096 570 3148 commutatione
584 3091 678 3143 harum
692 3109 788 3142 vocum
802 3089 861 3142 vide
878 3091 1019 3142 burmann.
1034 3090 1068 3143 ad
1081 3091 1137 3143 Val.
1152 3091 1237 3144 Flacc.

197 3180 222 3246 1,
239 3180 304 3240 283;
319 3179 382 3228 etin
398 3175 502 3245 scriptis
515 3174 668 3224 criticorum
683 3189 752 3242 saepc
764 3171 902 3222 inveneris.

236 3319 292 3387 154.
313 3321 409 3373 Forsan
422 3331 448 3370 et
459 3317 511 3389 ipse
526 3315 593 3369 latres
609 3315 659 3387 (sic
675 3316 786 3366 numina
798 3313 924 3385 principis
939 3312 1038 3382 adsint)
1056 3312 1164 3365 Cinctus.
1178 3313 1239 3366 cin-

197 3414 250 3454 ctus
265 3401 331 3454 latus
342 3401 411 3475 quo?
423 3416 500 3450 nemo
515 3400 583 3448 enim
596 3394 719 3448 absolute
731 3395 783 3446 dici
796 3405 884 3466 potest
897 3395 995 3444 cinctus
1005 3391 1084 3457 tane,
1100 3393 1148 3444 nisi
1161 3393 1238 3444 simul

197 3480 337 3533 denotetur
355 3481 554 3531 instrumentum
571 3494 624 3548 quo
639 3477 761 3548 cingitur.
778 3475 863 3544 Lege,
883 3476 1003 3526 «Forsan
1018 3487 1043 3524 et
1057 3491 1117 3524 ense
1131 3471 1235 3534 latus„

197 3561 261 3612 nibil
277 3563 387 3620 certius;
401 3558 514 3622 Seneca,
529 3554 636 3628 Hippol.
651 3574 675 3606 v.
691 3555 758 3622 547,
776 3557 858 3607 «Non
873 3567 929 3606 erat
947 3553 1037 3626 gracili
1054 3553 1116 3606 levis
1131 3555 1238 3605 Armate

197 3640 268 3690 ferro
284 3657 396 3702 cornus,
411 3650 456 3688 aut
472 3636 552 3706 longo
567 3636 636 3686 latus
652 3637 780 3686 Macrone
795 3635 901 3706 cingens
914 3636 1020 3696 ensis;·
1037 3635 1141 3697 Noster,
1152 3631 1236 3684 Theb.

196 3723 222 3782 l,
235 3718 285 3785 418
295 3739 301 3768 :
319 3719 438 3768 :Forsan
451 3729 477 3768 et
491 3720 623 3769 accinctos
634 3713 709 3767 lateri
719 3714 772 3784 (sic
785 3717 822 3766 ira
833 3713 949 3786 ferebat)
960 3713 1113 3768 Nudassent
1123 3731 1211 3772 enses;
1223 3734 1233 3757 s

198 3801 241 3862 Ν,
255 3816 321 3850 vers.
338 3800 371 3866 4ο
385 3811 411 3850 et
425 3815 480 3868 seq.

381 3887 445 3932 inter
453 3885 602 3933 adhortantes
611 3887 646 3933 vis
656 3897 737 3947 sponte
748 3887 833 3932 incedit
843 3886 951 3932 Adrastus

382 3959 509 4004 Contentus
519 3959 581 4004 ferro
591 3959 650 4017 cingi
658 3956 730 4002 latus:
742 3971 804 4003 arins
813 3959 908 4003 ministri

384 4031 446 4074 Pone
456 4029 548 4084 lerunt,
