<?xml version="1.0" encoding="UTF-8"?>
<!DOCTYPE html PUBLIC "-//W3C//DTD XHTML 1.0 Transitional//EN"
    "http://www.w3.org/TR/xhtml1/DTD/xhtml1-transitional.dtd">
<html xmlns="http://www.w3.org/1999/xhtml" xml:lang="en" lang="en">
 <head>
  <title>
</title>
<meta http-equiv="Content-Type" content="text/html;charset=utf-8" />
  <meta name='ocr-system' content='tesseract 3.04.00' />
  <meta name='ocr-capabilities' content='ocr_page ocr_carea ocr_par ocr_line ocrx_word'/>
</head>
<body>
  <div class='ocr_page' id='page_1' title='image "./quexstantomniao03lemagoog_0560.png"; bbox 0 0 2844 4484; ppageno 0'>
   <div class='ocr_carea' id='block_1_1' title="bbox 172 317 1034 406">
    <p class='ocr_par' dir='ltr' id='par_1_1' title="bbox 172 317 1034 406">
     <span class='ocr_line' id='line_1_1' title="bbox 172 317 1034 406; baseline -0.008 -17"><span class='ocrx_word' id='word_1_1' title='bbox 172 322 235 406; x_wconf 64' lang='lat'><strong>524</strong></span> <span class='ocrx_word' id='word_1_2' title='bbox 343 319 577 387; x_wconf 83' lang='lat' dir='ltr'><strong>EPISTOLA</strong></span> <span class='ocrx_word' id='word_1_3' title='bbox 600 319 661 384; x_wconf 83' lang='lat' dir='ltr'><strong>AD</strong></span> <span class='ocrx_word' id='word_1_4' title='bbox 678 317 1034 384; x_wconf 79' lang='lat' dir='ltr'><strong>ABASCANTIUM.</strong></span> 
     </span>
    </p>
   </div>
   <div class='ocr_carea' id='block_1_2' title="bbox 121 438 1211 1088">
    <p class='ocr_par' dir='ltr' id='par_1_2' title="bbox 121 438 1211 1088">
     <span class='ocr_line' id='line_1_2' title="bbox 167 438 1210 538; baseline 0 -25"><span class='ocrx_word' id='word_1_5' title='bbox 167 446 236 514; x_wconf 88' lang='lat' dir='ltr'><strong>lam</strong></span> <span class='ocrx_word' id='word_1_6' title='bbox 247 442 491 538; x_wconf 85' lang='lat' dir='ltr'><strong>probatiorem:</strong></span> <span class='ocrx_word' id='word_1_7' title='bbox 505 438 658 534; x_wconf 90' lang='lat' dir='ltr'><strong>posthoc</strong></span> <span class='ocrx_word' id='word_1_8' title='bbox 666 442 818 532; x_wconf 73' lang='lat' dir='ltr'><strong>ingratae</strong></span> <span class='ocrx_word' id='word_1_9' title='bbox 829 463 919 524; x_wconf 88' lang='lat' dir='ltr'><strong>sum,</strong></span> <span class='ocrx_word' id='word_1_10' title='bbox 932 442 961 507; x_wconf 89' lang='lat' dir='ltr'><strong>si</strong></span> <span class='ocrx_word' id='word_1_11' title='bbox 970 439 1126 510; x_wconf 81' lang='lat' dir='ltr'>lacrimas</span> <span class='ocrx_word' id='word_1_12' title='bbox 1136 459 1210 514; x_wconf 84' lang='lat' dir='ltr'><strong>tuas</strong></span> 
     </span>
     <span class='ocr_line' id='line_1_3' title="bbox 169 550 1210 646; baseline -0.002 -22"><span class='ocrx_word' id='word_1_13' title='bbox 169 575 311 624; x_wconf 80' lang='lat' dir='ltr'><strong>transeo.</strong></span> <span class='ocrx_word' id='word_1_14' title='bbox 328 559 509 636; x_wconf 85' lang='lat' dir='ltr'><strong>Praeterea,</strong></span> <span class='ocrx_word' id='word_1_15' title='bbox 526 552 613 620; x_wconf 87' lang='lat' dir='ltr'><strong>latus</strong></span> <span class='ocrx_word' id='word_1_16' title='bbox 625 575 725 619; x_wconf 92' lang='lat' dir='ltr'><strong>omne</strong></span> <span class='ocrx_word' id='word_1_17' title='bbox 737 551 860 618; x_wconf 85' lang='lat' dir='ltr'><strong>divinae</strong></span> <span class='ocrx_word' id='word_1_18' title='bbox 873 550 995 619; x_wconf 90' lang='lat' dir='ltr'><strong>domus</strong></span> <span class='ocrx_word' id='word_1_19' title='bbox 1008 575 1142 646; x_wconf 78' lang='lat' dir='ltr'>semper</span> <span class='ocrx_word' id='word_1_20' title='bbox 1152 553 1210 623; x_wconf 93' lang='lat' dir='ltr'><strong>de-</strong></span> 
     </span>
     <span class='ocr_line' id='line_1_4' title="bbox 121 661 1211 757; baseline -0.004 -22"><span class='ocrx_word' id='word_1_21' title='bbox 121 703 153 740; x_wconf 85' lang='lat'><strong>10</strong></span> <span class='ocrx_word' id='word_1_22' title='bbox 169 667 288 734; x_wconf 86' lang='lat' dir='ltr'><strong>mereri</strong></span> <span class='ocrx_word' id='word_1_23' title='bbox 299 686 362 756; x_wconf 86' lang='lat' dir='ltr'><strong>pro</strong></span> <span class='ocrx_word' id='word_1_24' title='bbox 376 687 451 730; x_wconf 87' lang='lat' dir='ltr'><strong>mea</strong></span> <span class='ocrx_word' id='word_1_25' title='bbox 462 661 690 730; x_wconf 82' lang='lat' dir='ltr'>mediocritate</span> <span class='ocrx_word' id='word_1_26' title='bbox 704 663 875 744; x_wconf 80' lang='lat' dir='ltr'><strong>connitor3</strong></span> <span class='ocrx_word' id='word_1_27' title='bbox 886 685 965 728; x_wconf 89' lang='lat' dir='ltr'><strong>nam</strong></span> <span class='ocrx_word' id='word_1_28' title='bbox 977 664 1036 757; x_wconf 93' lang='lat' dir='ltr'><strong>qui</strong></span> <span class='ocrx_word' id='word_1_29' title='bbox 1045 661 1211 732; x_wconf 84' lang='lat' dir='ltr'><strong>bonafide</strong></span> 
     </span>
     <span class='ocr_line' id='line_1_5' title="bbox 168 772 1210 868; baseline -0.002 -22"><span class='ocrx_word' id='word_1_30' title='bbox 168 784 255 846; x_wconf 84' lang='lat' dir='ltr'>Deos</span> <span class='ocrx_word' id='word_1_31' title='bbox 273 775 367 858; x_wconf 84' lang='lat' dir='ltr'><strong>oolit,</strong></span> <span class='ocrx_word' id='word_1_32' title='bbox 385 791 475 842; x_wconf 88' lang='lat' dir='ltr'><strong>amat</strong></span> <span class='ocrx_word' id='word_1_33' title='bbox 489 790 523 841; x_wconf 88' lang='lat' dir='ltr'><strong>et</strong></span> <span class='ocrx_word' id='word_1_34' title='bbox 540 773 740 842; x_wconf 83' lang='lat' dir='ltr'><strong>sacerdotes.</strong></span> <span class='ocrx_word' id='word_1_35' title='bbox 761 772 825 841; x_wconf 88' lang='lat' dir='ltr'><strong>Sed</strong></span> <span class='ocrx_word' id='word_1_36' title='bbox 844 777 997 868; x_wconf 85' lang='lat' dir='ltr'><strong>quamvis</strong></span> <span class='ocrx_word' id='word_1_37' title='bbox 1016 777 1210 867; x_wconf 83' lang='lat' dir='ltr'><strong>propiorem</strong></span> 
     </span>
     <span class='ocr_line' id='line_1_6' title="bbox 169 881 1209 976; baseline -0.004 -20"><span class='ocrx_word' id='word_1_38' title='bbox 169 910 292 956; x_wconf 82' lang='lat' dir='ltr'><strong>nexum</strong></span> <span class='ocrx_word' id='word_1_39' title='bbox 304 887 457 952; x_wconf 84' lang='lat' dir='ltr'><strong>amicitiae</strong></span> <span class='ocrx_word' id='word_1_40' title='bbox 470 900 536 951; x_wconf 86' lang='lat' dir='ltr'><strong>tuae</strong></span> <span class='ocrx_word' id='word_1_41' title='bbox 544 881 747 976; x_wconf 86' lang='lat' dir='ltr'><strong>jampridem</strong></span> <span class='ocrx_word' id='word_1_42' title='bbox 758 907 938 974; x_wconf 87' lang='lat' dir='ltr'><strong>cuperem,</strong></span> <span class='ocrx_word' id='word_1_43' title='bbox 951 881 1087 952; x_wconf 85' lang='lat' dir='ltr'><strong>mallem</strong></span> <span class='ocrx_word' id='word_1_44' title='bbox 1097 901 1209 954; x_wconf 87' lang='lat' dir='ltr'><strong>tamen</strong></span> 
     </span>
     <span class='ocr_line' id='line_1_7' title="bbox 169 991 1143 1088; baseline -0.004 -22"><span class='ocrx_word' id='word_1_45' title='bbox 169 997 319 1066; x_wconf 89' lang='lat' dir='ltr'><strong>nondum</strong></span> <span class='ocrx_word' id='word_1_46' title='bbox 333 997 550 1064; x_wconf 87' lang='lat' dir='ltr'><strong>intervenisse</strong></span> <span class='ocrx_word' id='word_1_47' title='bbox 565 998 750 1063; x_wconf 83' lang='lat' dir='ltr'><strong>materiam.</strong></span> <span class='ocrx_word' id='word_1_48' title='bbox 764 991 820 1020; x_wconf 74' lang='lat'><strong>&#39;¹‘</strong></span> <span class='ocrx_word' id='word_1_49' title='bbox 836 995 989 1088; x_wconf 82' lang='lat' dir='ltr'><strong>(Reliqua</strong></span> <span class='ocrx_word' id='word_1_50' title='bbox 1003 995 1143 1082; x_wconf 80' lang='lat' dir='ltr'><strong>desunt.)</strong></span> 
     </span>
    </p>
   </div>
   <div class='ocr_carea' id='block_1_3' title="bbox 168 1213 1211 1847">
    <p class='ocr_par' dir='ltr' id='par_1_3' title="bbox 169 1213 1211 1448">
     <span class='ocr_line' id='line_1_8' title="bbox 204 1213 1210 1290; baseline 0.002 -22"><span class='ocrx_word' id='word_1_51' title='bbox 204 1216 228 1268; x_wconf 83' lang='lat'><strong>8.</strong></span> <span class='ocrx_word' id='word_1_52' title='bbox 245 1217 294 1267; x_wconf 86' lang='lat' dir='ltr'><strong>Pro</strong></span> <span class='ocrx_word' id='word_1_53' title='bbox 302 1235 372 1282; x_wconf 75' lang='lat' dir='ltr'><strong>rum,</strong></span> <span class='ocrx_word' id='word_1_54' title='bbox 380 1213 665 1277; x_wconf 72' lang='lat' dir='ltr'><strong>Gronoviieditiort&#39;m5</strong></span> <span class='ocrx_word' id='word_1_55' title='bbox 711 1216 816 1287; x_wconf 85' lang='lat' dir='ltr'>opinor,</span> <span class='ocrx_word' id='word_1_56' title='bbox 826 1216 974 1286; x_wconf 76' lang='lat' dir='ltr'><strong>propiorem</strong></span> <span class='ocrx_word' id='word_1_57' title='bbox 984 1234 1059 1269; x_wconf 69' lang='lat' dir='ltr'><strong>eoum</strong></span> <span class='ocrx_word' id='word_1_58' title='bbox 1068 1238 1094 1269; x_wconf 83' lang='lat' dir='ltr'><strong>a.</strong></span> <span class='ocrx_word' id='word_1_59' title='bbox 1105 1230 1124 1270; x_wconf 88' lang='lat' dir='ltr'><strong>t.</strong></span> <span class='ocrx_word' id='word_1_60' title='bbox 1136 1218 1210 1290; x_wconf 85' lang='lat' dir='ltr'><strong>qood</strong></span> 
     </span>
     <span class='ocr_line' id='line_1_9' title="bbox 169 1294 1211 1366; baseline 0.002 -18"><span class='ocrx_word' id='word_1_61' title='bbox 169 1314 223 1348; x_wconf 87' lang='lat' dir='ltr'><strong>non</strong></span> <span class='ocrx_word' id='word_1_62' title='bbox 237 1313 304 1366; x_wconf 76' lang='lat' dir='ltr'><strong>opus</strong></span> <span class='ocrx_word' id='word_1_63' title='bbox 319 1307 366 1348; x_wconf 77' lang='lat' dir='ltr'><strong>est.</strong></span> <span class='ocrx_word' id='word_1_64' title='bbox 379 1294 493 1349; x_wconf 82' lang='lat' dir='ltr'><strong>-Cod</strong></span> <span class='ocrx_word' id='word_1_65' title='bbox 507 1295 588 1348; x_wconf 81' lang='lat' dir='ltr'><strong>Paria.</strong></span> <span class='ocrx_word' id='word_1_66' title='bbox 602 1295 664 1347; x_wconf 86' lang='lat' dir='ltr'><strong>edit.</strong></span> <span class='ocrx_word' id='word_1_67' title='bbox 710 1314 800 1348; x_wconf 83' lang='lat' dir='ltr'><strong>verum</strong></span> <span class='ocrx_word' id='word_1_68' title='bbox 818 1295 929 1347; x_wconf 82' lang='lat' dir='ltr'><strong>ridetur.</strong></span> <span class='ocrx_word' id='word_1_69' title='bbox 948 1323 985 1335; x_wconf 91' lang='lat'><em>-</em></span> <span class='ocrx_word' id='word_1_70' title='bbox 1002 1296 1068 1349; x_wconf 89' lang='lat' dir='ltr'><strong>Cod.</strong></span> <span class='ocrx_word' id='word_1_71' title='bbox 1087 1297 1167 1350; x_wconf 82' lang='lat' dir='ltr'><strong>Paris.</strong></span> <span class='ocrx_word' id='word_1_72' title='bbox 1183 1299 1211 1350; x_wconf 86' lang='lat' dir='ltr'><strong>in</strong></span> 
     </span>
     <span class='ocr_line' id='line_1_10' title="bbox 169 1376 1209 1448; baseline 0.002 -22"><span class='ocrx_word' id='word_1_73' title='bbox 169 1394 209 1446; x_wconf 84' lang='lat' dir='ltr'><strong>pr.</strong></span> <span class='ocrx_word' id='word_1_74' title='bbox 221 1394 286 1429; x_wconf 79' lang='lat' dir='ltr'><strong>sum.</strong></span> <span class='ocrx_word' id='word_1_75' title='bbox 304 1376 335 1427; x_wconf 83' lang='lat' dir='ltr'><strong>A.</strong></span> <span class='ocrx_word' id='word_1_76' title='bbox 711 1387 797 1440; x_wconf 78' lang='lat' dir='ltr'><strong>textu,</strong></span> <span class='ocrx_word' id='word_1_77' title='bbox 813 1393 910 1427; x_wconf 79' lang='lat' dir='ltr'><strong>nexum</strong></span> <span class='ocrx_word' id='word_1_78' title='bbox 929 1376 1007 1428; x_wconf 78' lang='lat' dir='ltr'><strong>etad</strong></span> <span class='ocrx_word' id='word_1_79' title='bbox 1025 1395 1107 1448; x_wconf 68' lang='lat' dir='ltr'><strong>marg.</strong></span> <span class='ocrx_word' id='word_1_80' title='bbox 1126 1395 1209 1431; x_wconf 69' lang='lat' dir='ltr'><strong>uum.</strong></span> 
     </span>
    </p>

    <p class='ocr_par' dir='ltr' id='par_1_4' title="bbox 168 1449 1211 1684">
     <span class='ocr_line' id='line_1_11' title="bbox 204 1449 983 1525; baseline 0 -21"><span class='ocrx_word' id='word_1_81' title='bbox 204 1474 230 1525; x_wconf 90' lang='lat'><strong>9.</strong></span> <span class='ocrx_word' id='word_1_82' title='bbox 249 1455 298 1510; x_wconf 86' lang='lat' dir='ltr'><strong>Pro</strong></span> <span class='ocrx_word' id='word_1_83' title='bbox 318 1454 428 1520; x_wconf 78' lang='lat' dir='ltr'><strong>dirime,</strong></span> <span class='ocrx_word' id='word_1_84' title='bbox 449 1455 533 1506; x_wconf 85' lang='lat' dir='ltr'><strong>Parm.</strong></span> <span class='ocrx_word' id='word_1_85' title='bbox 553 1454 665 1517; x_wconf 55' lang='lat' dir='ltr'><strong>diutim</strong></span> <span class='ocrx_word' id='word_1_86' title='bbox 710 1451 758 1505; x_wconf 71' lang='lat' dir='ltr'><strong>nd.</strong></span> <span class='ocrx_word' id='word_1_87' title='bbox 771 1472 812 1525; x_wconf 83' lang='lat' dir='ltr'><strong>pr.</strong></span> <span class='ocrx_word' id='word_1_88' title='bbox 825 1471 931 1504; x_wconf 79' lang='lat' dir='ltr'><strong>nexum.</strong></span> <span class='ocrx_word' id='word_1_89' title='bbox 950 1449 983 1505; x_wconf 80' lang='grc' dir='ltr'><strong>Δ.</strong></span> 
     </span>
     <span class='ocr_line' id='line_1_12' title="bbox 170 1521 1211 1604; baseline 0.002 -19"><span class='ocrx_word' id='word_1_90' title='bbox 170 1546 196 1585; x_wconf 91' lang='lat' dir='ltr'><strong>et</strong></span> <span class='ocrx_word' id='word_1_91' title='bbox 210 1521 395 1604; x_wconf 76' lang='lat' dir='ltr'><strong>demeriti&#39;pro</strong></span> <span class='ocrx_word' id='word_1_92' title='bbox 411 1533 541 1585; x_wconf 77' lang='lat' dir='ltr'><strong>demereri.</strong></span> <span class='ocrx_word' id='word_1_93' title='bbox 553 1532 665 1586; x_wconf 92' lang='lat' dir='ltr'><strong>-Cod.</strong></span> <span class='ocrx_word' id='word_1_94' title='bbox 750 1549 788 1584; x_wconf 81' lang='lat' dir='ltr'><strong>ta.</strong></span> <span class='ocrx_word' id='word_1_95' title='bbox 808 1533 901 1599; x_wconf 85' lang='lat' dir='ltr'><strong>Forte,</strong></span> <span class='ocrx_word' id='word_1_96' title='bbox 920 1530 1028 1585; x_wconf 79' lang='lat' dir='ltr'><strong>mollem</strong></span> <span class='ocrx_word' id='word_1_97' title='bbox 1048 1533 1128 1586; x_wconf 79' lang='lat' dir='ltr'><strong>ratem</strong></span> <span class='ocrx_word' id='word_1_98' title='bbox 1143 1553 1211 1587; x_wconf 79' lang='lat' dir='ltr'><strong>non·</strong></span> 
     </span>
     <span class='ocr_line' id='line_1_13' title="bbox 168 1609 1210 1684; baseline 0.003 -20"><span class='ocrx_word' id='word_1_99' title='bbox 168 1615 226 1664; x_wconf 83' lang='lat' dir='ltr'><strong>Par.</strong></span> <span class='ocrx_word' id='word_1_100' title='bbox 239 1610 280 1664; x_wconf 84' lang='lat' dir='ltr'><strong>ed.</strong></span> <span class='ocrx_word' id='word_1_101' title='bbox 293 1631 334 1684; x_wconf 85' lang='lat' dir='ltr'><strong>pr.</strong></span> <span class='ocrx_word' id='word_1_102' title='bbox 346 1611 479 1683; x_wconf 74' lang='lat' dir='ltr'><strong>vulgatam</strong></span> <span class='ocrx_word' id='word_1_103' title='bbox 490 1609 598 1664; x_wconf 78' lang='lat' dir='ltr'><strong>habent.</strong></span> <span class='ocrx_word' id='word_1_104' title='bbox 617 1612 648 1664; x_wconf 79' lang='lat' dir='ltr'><strong>A.</strong></span> <span class='ocrx_word' id='word_1_105' title='bbox 711 1609 783 1663; x_wconf 81' lang='lat' dir='ltr'><strong>dum.</strong></span> <span class='ocrx_word' id='word_1_106' title='bbox 800 1610 866 1663; x_wconf 87' lang='lat' dir='ltr'><strong>Vide</strong></span> <span class='ocrx_word' id='word_1_107' title='bbox 885 1623 940 1664; x_wconf 84' lang='lat' dir='ltr'><strong>not.</strong></span> <span class='ocrx_word' id='word_1_108' title='bbox 963 1615 1013 1664; x_wconf 82' lang='lat' dir='ltr'><strong>Pro</strong></span> <span class='ocrx_word' id='word_1_109' title='bbox 1033 1613 1210 1681; x_wconf 72' lang='lat' dir='ltr'><strong>intervenisse,</strong></span> 
     </span>
    </p>

    <p class='ocr_par' dir='ltr' id='par_1_5' title="bbox 170 1689 1210 1847">
     <span class='ocr_line' id='line_1_14' title="bbox 208 1689 1210 1763; baseline 0.001 -22"><span class='ocrx_word' id='word_1_110' title='bbox 208 1707 248 1742; x_wconf 84' lang='grc' dir='ltr'><strong>ιι.</strong></span> <span class='ocrx_word' id='word_1_111' title='bbox 266 1690 419 1763; x_wconf 78' lang='lat' dir='ltr'><strong>Propiorem</strong></span> <span class='ocrx_word' id='word_1_112' title='bbox 437 1707 539 1742; x_wconf 78' lang='lat' dir='ltr'><strong>nexum.</strong></span> <span class='ocrx_word' id='word_1_113' title='bbox 555 1690 621 1742; x_wconf 88' lang='lat' dir='ltr'><strong>Ven.</strong></span> <span class='ocrx_word' id='word_1_114' title='bbox 641 1701 668 1742; x_wconf 86' lang='lat' dir='ltr'><strong>et</strong></span> <span class='ocrx_word' id='word_1_115' title='bbox 710 1690 795 1742; x_wconf 84' lang='lat' dir='ltr'><strong>Parm.</strong></span> <span class='ocrx_word' id='word_1_116' title='bbox 813 1691 946 1744; x_wconf 70' lang='lat' dir='ltr'><strong>invenirer.</strong></span> <span class='ocrx_word' id='word_1_117' title='bbox 959 1719 995 1730; x_wconf 89' lang='lat'><em>-</em></span> <span class='ocrx_word' id='word_1_118' title='bbox 1007 1689 1073 1744; x_wconf 88' lang='lat' dir='ltr'><strong>Cod.</strong></span> <span class='ocrx_word' id='word_1_119' title='bbox 1091 1693 1149 1746; x_wconf 79' lang='lat' dir='ltr'><strong>Per.</strong></span> <span class='ocrx_word' id='word_1_120' title='bbox 1168 1689 1210 1743; x_wconf 86' lang='lat' dir='ltr'><strong>ed.</strong></span> 
     </span>
     <span class='ocr_line' id='line_1_15' title="bbox 170 1767 977 1847; baseline 0.004 -28"><span class='ocrx_word' id='word_1_121' title='bbox 170 1767 668 1840; x_wconf 77' lang='lat' dir='ltr'><strong>Parm.propioremvr&#39;sum;voluerunt‚</strong></span> <span class='ocrx_word' id='word_1_122' title='bbox 686 1837 692 1847; x_wconf 38' lang='grc' dir='ltr'>Ι</span> <span class='ocrx_word' id='word_1_123' title='bbox 711 1787 754 1840; x_wconf 82' lang='lat' dir='ltr'><strong>pr.</strong></span> <span class='ocrx_word' id='word_1_124' title='bbox 766 1767 804 1822; x_wconf 77' lang='lat' dir='ltr'><strong>nil</strong></span> <span class='ocrx_word' id='word_1_125' title='bbox 815 1781 926 1824; x_wconf 84' lang='lat' dir='ltr'><strong>mutant.</strong></span> <span class='ocrx_word' id='word_1_126' title='bbox 946 1770 977 1822; x_wconf 81' lang='lat' dir='ltr'><strong>A.</strong></span> 
     </span>
    </p>
   </div>
   <div class='ocr_carea' id='block_1_4' title="bbox 0 0 1430 4484">
    <p class='ocr_par' dir='ltr' id='par_1_6' title="bbox 0 0 1430 4484">
     <span class='ocr_line' id='line_1_16' title="bbox 0 0 1430 4484; baseline 0 0"><span class='ocrx_word' id='word_1_127' title='bbox 0 0 1430 4484; x_wconf 95' lang='lat' dir='ltr'><strong> </strong></span> 
     </span>
    </p>
   </div>
  </div>
 </body>
</html>
