2850 4488
206 297 273 382 4³0
366 291 503 366 nore
528 291 575 356 tn
599 293 801 358 sinunt
825 294 1095 366 seconnuu

203 429 265 482 lieet
278 421 443 486 Gronovius,
456 420 539 473 Dieu.
553 438 578 472 o.
592 437 623 486 o,
636 417 664 472 ri
676 431 750 473 tenu
760 439 815 483 non
826 421 950 491 adron,
963 426 1011 480 ted
1022 426 1059 480 nd
1068 427 1178 484 collibus
1190 447 1255 501 per·

202 511 287 562 tinere
302 502 392 561 diost:
410 499 516 552 «bosus
529 499 609 568 liber,
623 499 737 554 collibus
747 503 869 575 spatiosis
880 515 973 557 terre:
988 529 999 553 ι
1016 519 1042 558 et
1055 507 1109 560 lios
1122 510 1254 580 persuasit

202 589 236 642 d.
256 579 475 639 Drakenborohio
492 578 547 650 (ed
561 579 607 632 Sil.
621 580 755 648 helim,
770 583 808 648 ll,
823 582 872 649 441
881 581 909 654 );
923 583 990 637 mihi
1003 603 1157 658 nunqnam,
1170 587 1253 642 modo

203 686 281 724 nm
291 666 390 736 cuique
399 663 429 714 iu
439 658 480 713 itis
489 659 569 718 rebus
577 662 613 712 sit
623 659 762 731 judicium.
777 661 870 730 Silius,
885 681 918 714 eo
932 663 993 715 loeo
1006 686 1011 715 :
1027 668 1071 718 ult
1085 665 1153 718 liber
1165 669 1255 738 oempi

201 764 309 824 postor,
324 759 397 798 eto·
415 742 479 796 liber
490 742 578 814 compi
589 754 677 813 pastor
690 756 730 796 est
744 744 789 816 qui
804 743 954 798 libertatem
969 745 1051 800 habet
1065 767 1176 820 quoquo
1189 747 1253 800 velit

201 849 251 903 per
266 843 389 897 campum
403 819 539 893 evagandi.
554 821 611 874 Nee
626 821 702 874 Statii
717 822 835 876 Liberior
848 825 936 896 compi
946 843 978 877 ex
991 823 1045 878 hoo
1059 826 1114 879 Silii
1132 827 1194 879 loeo
1209 825 1255 879 de-

203 910 278 964 lendi
296 919 385 981 potest
402 924 410 956 =
431 907 513 956 immo
529 906 669 965 evertitur3
689 904 768 957 Silius
784 905 856 956 euim
871 905 905 958 de
924 925 983 958 nere
996 906 1128 979 loquitur,
1147 909 1175 960 lt
1190 907 1256 961 tiber

204 990 292 1062 campi
301 999 404 1060 pastor,
416 984 514 1036 Statius
526 985 556 1036 in
569 982 655 1035 medie
669 985 730 1036 urle
743 998 881 1038 versatur:
897 985 1047 1040 differentia
1059 989 1130 1041 iuter
1143 989 1255 1060 scriptu·

203 1090 262 1124 nm
276 1068 336 1140 cripi
349 1079 376 1118 et
390 1064 468 1137 spatii
481 1081 539 1123 non
555 1061 624 1114 adeo
642 1081 738 1134 magna
754 1077 810 1129 est,
824 1063 905 1117 literis
921 1069 1095 1138 transpositis.
1110 1065 1254 1141 Sequitur,
1329 1060 1331 1070 '

207 1149 345 1202 :Etherio
357 1159 383 1198 et
396 1156 498 1196 tantum
510 1139 619 1195 domino
631 1145 726 1195 minor.
740 1167 751 1192 υ
768 1143 839 1200 Male
850 1146 1015 1216 Domitianus
1029 1145 1126 1198 dicitur
1137 1147 1256 1201 «etherius

204 1229 343 1289 dominus;
354 1225 406 1277 hoo
414 1224 484 1275 enim
493 1235 532 1275 est
540 1221 678 1295 epitheton
686 1224 772 1290 lovis,
783 1243 862 1296 quem
870 1228 1176 1297 supre‚Hetc.Surrent.
1190 1227 1254 1291 108,

203 1321 283 1368 mat
291 1305 425 1362 celerimo
433 1315 553 1376 patrem:
568 1317 594 1356 et
607 1303 647 1358 ite
660 1303 803 1371 Martialis,
814 1304 903 1377 Epigr.
916 1306 968 1372 lll,
978 1323 1057 1358 xxxvi
1068 1319 1096 1359 et
1108 1323 1214 1370 mmg
1228 1319 1255 1358 et

204 1392 319 1455 Noster,
328 1385 413 1444 Theb.
422 1385 476 1452 xl,
487 1400 546 1455 207.
559 1385 641 1436 Recte
651 1382 759 1454 quidem
767 1384 960 1455 Triptolemus,
972 1387 1056 1454 infre,
1066 1407 1090 1440 r.
1101 1387 1149 1452 3⁵,
1158 1386 1256 1440 dicitur

204 1469 323 1526 erimus
337 1466 372 1520 ob
386 1479 478 1518 notem
490 1468 547 1537 ejus
561 1483 611 1536 per
622 1465 719 1519 ethere
729 1463 942 1536 expeditionem:
955 1466 1007 1520 boe
1016 1486 1079 1520 vero
1089 1465 1256 1520 nullomodo

206 1552 331 1624 congruit
347 1547 509 1602 Domitiano.
532 1546 682 1600 Mumtione
697 1546 777 1614 opius
794 1544 876 1599 litere
894 1559 952 1600 tote
969 1545 1026 1600 hee
1040 1565 1083 1602 res
1098 1545 1254 1620 expectem

204 1633 216 1686 l
251 1651 265 1686 e
278 1629 375 1686 modo:

217 1651 250 1705 οὗ
276 1693 280 1704 .
391 1715 591 1778 liberiorrpstii,
601 1711 749 1777 multumque
756 1711 876 1775 aptam
883 1715 959 1776 aperti

393 1785 511 1845 Ederet,
521 1797 644 1832 errantum
653 1785 754 1842 Domino
764 1784 856 1842 minen

206 1890 244 1939 ita
259 1903 290 1936 ex
304 1881 411 1938 nunbus
426 1895 453 1933 et
465 1880 606 1934 intellectis
620 1883 736 1932 numeris
754 1879 878 1934 stationis
891 1878 954 1930 olim
969 1879 1188 1944 emendaveram3
1203 1899 1257 1934 me·

159 2003 163 2013 s
206 1981 265 2015 rnor
278 1963 357 2014 etiarn
372 1961 448 2012 istius
462 1957 515 2012 loei
529 1961 557 2010 in
572 1957 674 2010 Phileto
688 1959 762 2025 Ursi,
776 1977 801 2010 v.
815 1957 865 2025 34,

392 2061 472 2124 Qualis
482 2075 532 2110 eret
540 2063 623 2126 procul
631 2062 693 2124 (heu
702 2065 710 2123 )
720 2065 810 2111 cunctis
818 2063 945 2126 puerisque
954 2063 1055 2127 virisque

390 2133 525 2190 Pulchrior,
537 2147 560 2182 et
569 2147 659 2182 tontum
668 2135 764 2182 domino
773 2135 864 2190 minor;

206 2239 254 2294 ubi
267 2236 337 2288 idem
351 2225 553 2301 hemistichion,
574 2248 600 2286 et
619 2233 711 2288 eadem
730 2253 820 2289 tersus
839 2233 987 2287 modulatio
1007 2255 1013 2286 ι
1037 2234 1175 2288 confirmet
1195 2235 1255 2289 edit.

205 2323 291 2374 Perm.
308 2335 366 2388 qum
379 2332 472 2366 vocem
491 2314 611 2367 AEtlteros
630 2314 702 2370 clere
721 2315 842 2379 exhibet3
861 2317 938 2374 Rom.
957 2315 1086 2368 oetlereos.
1106 2317 1178 2368 Bene
1194 2335 1257 2368 vero

206 2399 291 2472 operti
302 2395 408 2449 oetirems
419 2416 427 2444 :
443 2395 515 2447 coni.
526 2394 664 2465 Virgilius,
677 2395 780 2450 AEueid.
793 2398 819 2462 1,
830 2394 878 2464 591
888 2417 895 2458 ;
908 2395 1023 2460 Senem,
1034 2394 1141 2466 Hippoi.
1151 2414 1176 2445 v.
1187 2397 1256 2466 499;

206 2483 319 2544 Noster,
332 2476 415 2529 Theb.
428 2478 465 2543 ll,
477 2475 546 2542 403,
561 2497 572 2522 ι
583 2487 610 2531 et
621 2489 647 2530 te
656 2478 712 2546 jam
722 2463 828 2548 tempus
837 2487 931 2546 aperto
941 2475 994 2528 Sub
1005 2477 1069 2526 lore
1078 2475 1146 2527 ferre
1155 2474 1229 2528 dies:
1242 2501 1254 2523 s

208 2563 300 2626 idest,
311 2557 405 2610 oetlrere
413 2567 510 2628 aperto.
524 2554 644 2607 AEtlems
652 2573 714 2607 vero
726 2553 799 2625 (non
809 2554 940 2626 AEtireris)
954 2555 1136 2609 terminatione
1147 2555 1257 2624 Graeea,

208 2659 301 2714 quam,
308 2649 402 2709 utpote
409 2638 605 2702 sonantiorem,
615 2647 685 2687 emat
693 2636 790 2688 Statius
800 2656 805 2685 :
816 2634 875 2686 vide
885 2633 970 2689 Theb.
979 2636 1015 2702 11,
1022 2635 1087 2706 693;
1097 2637 1179 2703 etlll,
1191 2636 1257 2700 525;

207 2723 257 2788 Vl,
270 2719 335 2788 389,
348 2717 402 2768 :Et
413 2719 468 2788 jam
483 2717 591 2768 sortitus
600 2715 731 2769 Prothous
741 2728 858 2768 versaret
867 2713 953 2772 ahena
962 2713 1083 2780 Casside3
1094 2739 1106 2763 ι
1121 2717 1158 2769 ita
1168 2714 1259 2788 legeu-

208 2799 273 2852 dum
289 2815 340 2870 pro
356 2795 498 2863 Prothous,
511 2794 583 2867 quod
598 2797 732 2866 ingratum
743 2793 852 2846 nuribus
869 2793 966 2846 recidit
981 2809 1092 2866 propter
1107 2795 1258 2868 precedens

208 2881 309 2936 sortitus
321 2901 329 2932 ε
345 2876 467 2941 auribus,
482 2877 590 2946 inquam
596 2914 606 2942 ,
621 2893 733 2947 quorum
743 2877 771 2926 in
781 2873 822 2928 his
832 2873 911 2927 rebus
922 2893 1017 2946 magne
1028 2873 1153 2928 habendo
1163 2890 1205 2928 est
1215 2895 1259 2928 rt-

207 2963 255 3014 tio.
267 2962 300 3012 Et
306 2959 363 3029 jem
372 2954 479 3009 tandem
488 2956 632 3006 Domitiani
642 2953 751 3005 domum
760 2951 843 3006 habes
853 2952 936 3017 lotam
945 2965 972 3003 et
981 2952 1064 3006 altam
1072 2993 1081 3020 ‚
1093 2953 1166 3025 quod
1173 2953 1260 3006 voluit

207 3040 326 3092 Statius:
342 3035 439 3101 Mam,
451 3047 546 3105 utpote
560 3053 617 3107 que
631 3034 749 3086 Liberior
759 3033 853 3106 spatii‚·
867 3031 968 3100 altam,
982 3045 1009 3084 et
1022 3052 1147 3108 moqnom
1160 3033 1258 3100 simul,

208 3120 270 3190 quie
280 3114 392 3172 mulnrm
402 3116 486 3186 aperti
495 3113 620 3169 etiterum
629 3112 779 3186 complexa,
789 3113 842 3166 hoc
852 3126 905 3180 eet,
915 3112 1040 3185 inplens,
1051 3115 1150 3166 ambitu
1161 3133 1209 3168 suo
1221 3133 1260 3167 oo·

208 3215 320 3268 cupane,
333 3207 363 3245 ut
375 3193 410 3256 ad
421 3197 471 3266 sq,
484 3194 554 3246 Max.
567 3213 592 3245 v.
606 3211 635 3260 α,
648 3195 782 3250 annotevi.
798 3195 831 3246 N.
844 3195 967 3246 Heinsius
981 3193 1015 3246 ad
1026 3191 1164 3247 Glandien.
1181 3198 1258 3268 llnpt.

206 3279 282 3329 Pros.
296 3277 324 3342 l,
341 3291 406 3344 ¹7²2
421 3275 484 3348 legit
498 3277 581 3347 operti
593 3275 714 3329 AEthoros
725 3293 758 3332 ex
773 3275 836 3328 edit.
851 3277 1001 3338 Parmensi;
1016 3288 1042 3327 et
1057 3295 1089 3328 ex
1102 3279 1260 3347 conjectura

207 3356 306 3428 eampis
316 3375 365 3427 pro
377 3357 466 3430 compi
479 3377 486 3406 .·
501 3375 573 3427 quo,
587 3353 694 3427 quondo
707 3355 840 3427 intelligo,
853 3356 930 3410 facile
942 3375 1052 3428 possum
1065 3355 1193 3410 refutare.
1210 3361 1260 3409 Ve-

206 3457 268 3490 rurn
283 3451 322 3491 est
335 3439 420 3512 operti
431 3437 552 3490 AEtlteros
565 3451 658 3490 eontra
672 3451 780 3490 centum
799 3437 912 3493 Codices
931 3460 937 3490 :
958 3451 984 3491 et
996 3439 1033 3490 ita
1045 3440 1194 3508 conjecisse
1204 3442 1259 3510 J'em

207 3515 285 3571 rideo
300 3515 505 3569 eruditissimum
520 3517 626 3568 Petrum
639 3515 806 3569 derisorium.

245 3703 287 3757 ²7·
298 3685 387 3738 Multa
396 3686 488 3754 Syene.
499 3685 561 3736 Non
573 3683 716 3736 admodum
727 3685 813 3756 placet
822 3682 850 3737 ri
860 3684 958 3748 multas
968 3700 995 3740 et
1004 3686 1086 3738 latere
1095 3683 1147 3738 sub
1157 3703 1259 3737 esvoce

207 3781 274 3841 puto
284 3765 421 3839 epitheton
431 3764 541 3836 aliquod
550 3768 675 3817 marmori
684 3765 781 3838 Syeniti
791 3767 944 3838 proprium,
955 3781 981 3820 et
991 3766 1065 3839 qnod
1074 3766 1194 3818 colorem
1206 3771 1259 3838 ejus

209 3848 330 3907 denotet;
340 3855 370 3895 ut
379 3861 455 3896 versu
467 3846 586 3914 proxime
598 3863 651 3916 seq.
661 3843 756 3917 planca
765 3846 892 3896 certantia
903 3845 1085 3912 Deridesne,
1096 3845 1130 3900 de
1140 3847 1259 3917 Carystio

209 3943 347 3980 marmore.
360 3925 400 3977 De
411 3924 517 3998 Syenite
526 3923 614 3998 lapide
624 3925 682 3978 vide
693 3925 757 3978 Plin.
769 3927 891 3993 xxxvl,
901 3928 926 3980 8.
