2782 4486
179 312 244 396 690
354 308 488 372 rore
514 309 561 369 iu
586 309 782 372 esuries
808 309 1042 390 Quintum

177 452 240 502 test,
254 437 357 506 scripsit
368 435 479 497 Statius,
491 433 548 484 Hoc
561 450 663 504 queque
678 434 737 486 dtur·
754 435 847 486 tritor.-
863 453 925 488 nem
936 449 1069 505 porussos
1081 441 1179 514 syllaba
1189 448 1220 497 irs

177 529 329 590 sequentem
343 531 435 565 rocem
450 510 577 566 subsedit.
591 511 651 564 Nitr'
661 529 766 568 carmen
777 512 888 580 dieitur,
901 517 947 585 qui
963 535 1060 588 meque
1073 520 1163 576 labore
1172 543 1219 575 re-

176 602 241 653 lute
255 613 353 670 quercu
370 593 505 662 exsculpit,
525 594 611 664 Atque
628 593 680 646 boc
699 596 719 646 si
738 605 798 648 uon¹
811 594 912 665 placet,
930 597 1000 650 melo
1017 598 1073 654 berc
1091 617 1118 654 et
1133 608 1219 674 quarti

174 697 265 734 versus
277 676 356 728 verbe
366 673 441 743 (orsa
451 685 477 724 et
487 684 564 745 atque
576 674 614 726 ira
627 673 744 743 tacendi)
755 692 815 728 cum
827 674 929 729 lacunis
941 695 1057 748 ponere,
1070 695 1100 732 nt
1109 685 1136 734 iss
1144 683 1216 738 MSS.

176 758 312 814 codicibus
328 753 509 818 habebantur,
525 771 604 822 quem
625 755 697 823 peti,
716 765 747 806 ut
765 756 898 808 Domitius
913 775 963 827 pro
982 760 1092 830 Pupinia
1107 762 1217 833 legetur.

175 839 254 910 Quod
266 853 293 890 et
304 837 354 907 ipsi
362 833 460 886 facturi
471 851 577 897 sumus,
591 851 674 904 quum
685 832 782 888 edituri
795 833 868 887 buno
880 849 1004 906 postem,
1017 854 1042 894 et
1053 843 1100 913 qui
1110 861 1158 897 m
1169 863 1217 896 ορ.

175 921 328 992 cupebunt,
340 931 386 970 eut
400 911 515 966 secuturi
529 927 606 978 sunt,
625 915 663 966 sis
677 912 747 967 idem
759 929 788 968 ut
803 916 919 983 facient,
932 920 1073 974 consilium
1086 921 1185 976 demus.
1200 947 1213 970 ι

176 1006 257 1052 Pereo
271 997 374 1050 monitis
387 995 454 1060 tuis,
468 995 505 1044 vir
515 991 681 1056 doctissime3
694 996 767 1046 etita
780 993 860 1046 edidi.
874 994 962 1049 Placet
973 1001 1053 1051 etium
1064 1003 1216 1072 conjecturs

175 1095 236 1146 tue,
253 1079 330 1128 «Hoc
343 1091 451 1146 quoque
462 1091 523 1126 eum
534 1073 640 1134 nilon·-
659 1091 715 1144 quo
728 1073 823 1126 laboris
833 1088 874 1126 est
886 1095 934 1128 rox
946 1099 953 1138 ;
967 1078 1092 1146 Ovidius,
1105 1083 1166 1134 Met.
1177 1086 1215 1149 11,

175 1179 223 1230 7²⁷
238 1157 336 1208 :Nitor
347 1157 375 1204 in
386 1151 540 1214 adversum
555 1171 605 1204 nco
619 1171 660 1204 me
667 1191 675 1218 ,
694 1156 739 1226 qui
752 1166 860 1221 cetere,
871 1157 952 1208 vincit
964 1159 1119 1230 Impetum·
1135 1155 1212 1214 Coro.

174 1241 280 1309 Nepos,
294 1235 395 1299 Attico,
409 1251 432 1283 c.
446 1233 506 1299 XV,
522 1231 614 1284 «tuem
631 1235 658 1284 in
671 1234 777 1285 nitendo
788 1234 860 1306 quod
871 1236 952 1288 semel
963 1236 1127 1305 admisisset,
1144 1253 1213 1293 tants

174 1329 231 1371 erat
240 1334 317 1379 cure,
329 1326 358 1364 nt
370 1331 425 1363 nen
436 1310 602 1378 mandatum,
619 1311 665 1364 sed
681 1331 756 1364 suam
771 1332 828 1365 rem
839 1311 973 1367 rideretur
983 1337 1076 1388 egere:
1087 1343 1098 1365 ι
1114 1333 1141 1370 et
1153 1318 1213 1373 buis

172 1400 240 1452 bene
253 1389 434 1467 respondetur*
446 1393 557 1457 Melior,
569 1412 607 1445 rs.
621 1410 668 1462 27,
682 1412 732 1465 pro
747 1413 800 1466 quo
814 1396 900 1450 Perus.
915 1411 941 1446 et
951 1399 1033 1463 Ven,
1047 1397 1174 1454 Mollior.-
1187 1413 1212 1453 et

173 1497 229 1532 orso
245 1475 289 1500 ⁰·
305 1483 358 1527 est.-
373 1482 449 1544 atque
463 1474 501 1523 ira
518 1470 619 1524 mcendr'
633 1473 794 1545 Impatiens,
810 1473 1034 1545 quemadmodum
1047 1476 1133 1544 edidi,
1147 1483 1212 1550 reje-

173 1573 216 1612 cto
227 1558 336 1612 Domitii
347 1553 485 1625 figmento,
501 1577 512 1600 ι
523 1572 582 1610 ertu
593 1553 670 1608 dulor·
677 1553 816 1628 probibet,
828 1569 909 1626 atque
919 1557 996 1618 iret·
1014 1557 1075 1611 licet
1085 1561 1121 1612 its
1133 1563 1211 1612 citen-

175 1656 227 1693 tem
238 1637 341 1690 vidcem
353 1635 508 1695 idolotitum,
523 1633 558 1686 ed
568 1635 677 1687 Auctor.
691 1634 799 1688 Consol.
812 1633 845 1687 sd
858 1636 913 1687 Lir.
926 1637 994 1708 Aug.
1007 1656 1045 1690 rs.
1058 1657 1125 1706 sto,
1138 1663 1150 1686 s
1158 1641 1212 1694 Tsi-

174 1720 223 1772 stis
235 1713 431 1788 quumnnedins
445 1723 580 1784 rumperet
595 1730 656 1764 orsa
670 1710 762 1776 dolor;
773 1736 785 1760 s
803 1713 1026 1785 quemadmodum
1043 1732 1114 1769 recte
1127 1737 1211 1770 emen·

173 1798 219 1850 det
233 1815 281 1868 pro
293 1813 347 1848 ossa
360 1793 450 1853 dolor,·
465 1791 579 1844 adducto
591 1791 644 1844 hoc
656 1791 747 1859 Statii,
759 1809 806 1844 sen
817 1794 905 1866 potius
918 1793 1026 1846 Domitii
1037 1795 1097 1848 loco
1108 1796 1144 1850 sd
1154 1817 1212 1850 cou-

173 1873 327 1930 firmundsm
340 1871 559 1926 emendationem.
575 1871 638 1924 Orsa
649 1885 711 1924 sunt
723 1871 811 1940 umba,
824 1885 853 1924 ut
863 1871 991 1926 lbebeid.
1004 1877 1041 1941 ss,
1054 1876 1118 1942 451,
1132 1877 1210 1928 sNon

172 1957 240 2009 ultre
252 1971 358 2027 pessus,
371 1964 397 2004 et
411 1969 471 2004 orsu
487 1951 581 2020 injecit
595 1950 700 2024 Tydeus
717 1951 880 2005 sermonibus
897 1952 993 2004 obriti:
1006 1954 1125 2020 Reddes,
1140 1959 1212 2028 lnge·

172 2037 289 2100 minens,
302 2029 442 2084 Reddet:-
460 2033 497 2082 its
507 2030 663 2101 legendum
677 2029 755 2103 vulgo
767 2033 861 2103 injecit
870 2035 974 2098 mediis,
987 2047 1014 2085 et
1024 2036 1180 2108 Inpemioat.

207 2196 249 2245 30.
269 2190 421 2260 Hilarurque
435 2189 521 2242 ederm
534 2188 637 2258 ploratu
653 2207 782 2262 cupressus
793 2191 920 2244 Excludit
937 2197 1022 2246 rumis.
1041 2197 1124 2250 Totus
1138 2195 1210 2248 locus

171 2277 197 2324 in
210 2268 332 2322 omibus
345 2285 410 2339 quse
423 2267 478 2318 vidi
490 2268 527 2318 ite
542 2266 654 2320 hebetur
663 2281 676 2318 ε·
706 2287 709 2302 ·

683 2367 776 2398 ....eo
787 2363 947 2399 teseemsmet

355 2421 416 2468 Silus
424 2421 507 2481 eorus,
516 2421 647 2483 hilaresque
657 2421 737 2470 ederes
746 2421 837 2485 plorsts
845 2439 969 2487 cuprum

355 2491 460 2540 Fududit
467 2493 550 2543 remit:
561 2494 645 2556 iqnam
653 2492 735 2555 pollice
745 2493 845 2544 cbotdet

355 2562 437 2619 Pulso;
447 2562 488 2609 sed
498 2564 609 2612 incertum
618 2563 694 2627 digitis
704 2565 834 2614 errantibus
842 2581 920 2614 sutus

355 2631 439 2682 Scindo
449 2631 539 2698 chelyn.

170 2735 281 2788 Statium
292 2751 355 2786 vero
367 2750 421 2786 non
433 2735 470 2786 its
482 2734 616 2802 scripsisse
627 2750 685 2786 sum
694 2744 797 2792 eertust
811 2735 912 2804 quippe
922 2731 1002 2803 plene
1013 2734 1102 2802 inepte
1114 2745 1153 2786 est
1164 2753 1213 2805 po·

169 2816 229 2866 sitio
240 2814 313 2866 vocis
329 2812 419 2878 ramis,
436 2829 563 2881 cupressus
579 2810 692 2866 excludit
702 2813 788 2864 ederas
803 2813 889 2866 menis.
903 2810 976 2880 Quid
987 2809 1023 2864 sd
1032 2831 1088 2866 rem
1101 2831 1154 2882 quo
1167 2831 1212 2883 pe-

168 2908 211 2946 cto
226 2893 344 2946 excludat
361 2893 447 2944 ederus
466 2909 610 2962 cupressus,
631 2903 720 2946 utrum
742 2892 835 2958 ramis,
855 2892 895 2944 vel
912 2891 1006 2963 follis,
1025 2892 1068 2946 rel
1085 2911 1138 2964 quo
1159 2893 1211 2946 clio

168 2973 263 3040 modo,
278 2969 422 3024 dummodo
433 2969 574 3026 excludas?
587 2972 616 3022 in
630 2969 740 3042 Epioed.
754 2973 826 3024 Patr.
837 2991 874 3024 rs.
889 2974 922 3036 8,
934 2973 1140 3043 «funestamque
1152 2971 1212 3026 ede·

168 3055 204 3105 ris
219 3055 335 3121 irrepere
347 3064 435 3105 texum
452 3050 582 3114 Extimui,
596 3049 781 3122 trepidumque
797 3051 923 3122 (uelesl)
939 3069 1058 3104 erescere
1069 3050 1209 3105 luorum:-

170 3151 223 3184 non
240 3131 320 3196 dicit,
336 3130 466 3182 «extimui
482 3143 571 3184 tuum
585 3132 663 3184 mutis
675 3133 793 3200 irrepere
807 3127 928 3196 ederis„
949 3145 975 3184 et
991 3131 1119 3186 «tsumm
1137 3133 1212 3184 ranis

169 3229 302 3272 erescere3
313 3234 324 3258 n
335 3212 435 3280 quippe
446 3211 531 3262 otiosa
543 3223 568 3261 et
580 3209 688 3283 puerilis
699 3211 770 3262 foret
780 3228 811 3262 eo
821 3211 932 3279 ingestio
938 3212 1010 3262 uocis
1021 3212 1112 3272 ramim
1122 3230 1212 3284 quem·

167 3291 309 3360 sdmodum
321 3292 349 3342 in
361 3289 413 3342 hoo
425 3289 495 3344 loco.
505 3291 564 3344 Seio
577 3288 647 3342 istud
659 3291 777 3354 Herodi,
788 3307 870 3344 emm.
880 3291 920 3357 ll,
932 3289 978 3357 sb,
987 3307 1018 3361 9,
1031 3293 1117 3346 «Tum
1129 3293 1212 3362 spissa

168 3367 247 3427 ruinis
264 3369 357 3424 loures
375 3369 489 3424 fervidos
507 3369 635 3426 Excludet
653 3371 759 3433 istest·
776 3368 824 3424 sed
840 3369 877 3424 ibi
897 3373 1060 3424 consuesse
1078 3385 1120 3424 est
1135 3373 1211 3444 spisse

168 3452 260 3515 ramis,
273 3469 327 3500 non
341 3448 462 3500 excludet
474 3451 558 3502 ramis.
575 3452 712 3521 imperitius
725 3467 831 3522 quoque
846 3453 921 3521 srgni
934 3463 1021 3522 potest
1033 3449 1132 3504 Statius
1145 3452 1212 3504 inte·

166 3532 259 3602 quenti
271 3543 347 3600 perte
366 3531 517 3595 sententie,
537 3529 630 3604 ipnavo
640 3529 739 3600 pollice
750 3529 857 3581 chordas
871 3529 950 3583 Pulso
957 3552 967 3592 ,-
980 3530 1055 3582 deest
1070 3531 1140 3582 enim
1154 3531 1210 3599 epi·

166 3609 261 3662 theton,
280 3609 321 3660 ccii
342 3606 463 3676 elsortlus,
486 3609 559 3681 quod
573 3625 680 3662 senem
692 3607 824 3678 sdsuqeet
839 3621 867 3660 et
881 3607 1033 3670 diffundum
1053 3605 1130 3679 qutle
1145 3620 1212 3658 esset

166 3702 265 3744 moestas
279 3689 319 3742 vel
334 3689 436 3752 tacitas,
451 3689 492 3742 rol
506 3689 569 3760 quid
583 3688 723 3760 ejusmodi·
738 3692 845 3744 (lertum
856 3691 937 3760 igitur
947 3703 988 3744 est
1003 3689 1113 3742 astutio
1130 3688 1210 3742 luisse

165 3769 234 3822 heoc
252 3769 467 3834 distinctionem,
489 3769 660 3840 «hilaresque
679 3768 772 3824 ederes
790 3769 891 3840 plorem
910 3785 1051 3843 cupressus
1070 3765 1209 3822 usumin:

164 3852 242 3904 caruis
252 3853 346 3920 ignom
357 3847 452 3920 pollice
466 3847 584 3904 chordas
592 3849 681 3902 Pulso.
691 3873 702 3900 s
714 3849 768 3904 Sub
778 3868 844 3902 voce
856 3851 933 3904 ramis
944 3850 1009 3904 latet
1020 3847 1159 3922 epitheton
1169 3845 1211 3896 «ss

164 3930 288 3992 olordass
302 3927 375 4000 quod
386 3930 441 3998 jrm
456 3927 636 3998 querendum.
651 3931 684 3982 Et
700 3931 845 3984 Parmensis
861 3949 910 4001 pro
924 3929 1051 3984 Excludit
1065 3927 1147 3982 bsbet
1159 3926 1209 3980 Er·

165 4009 235 4065 eludi
242 4032 250 4070 ‚·
260 4010 331 4064 unde
340 4009 554 4064 verisimillimum
566 4021 619 4076 est,
631 4027 722 4064 vocum
735 4013 855 4081 proxime
867 4025 1022 4081 sequentem
1034 4029 1049 4064 s
1061 4009 1135 4063 blera
1149 4019 1158 4060 t
1170 4011 1208 4062 in·
