2824 4488
204 327 1245 354 mmmmmwxmmmmfflmfflmwumm

628 531 818 627 NOTAE

260 763 1193 848 INGARMENTERTIUMLIBRITERTH

601 973 850 1042 SILVARUM.

207 1399 367 1485 'Lacutur
379 1430 486 1482 Cuauou
499 1431 616 1480 Eunuscr.
632 1427 759 1482 Claudius
771 1429 897 1482 Etruscus
913 1427 1059 1500 Smyrnaeus
1076 1428 1163 1480 servili
1178 1447 1244 1480 con-

207 1514 319 1576 ditione,
333 1513 445 1563 Romam
461 1507 601 1562 translatus
619 1509 646 1560 in
662 1511 851 1579 imperatorum
866 1509 926 1560 aula
938 1510 1059 1571 servivit,
1077 1507 1176 1558 'liberii
1192 1510 1244 1578 pri-

207 1613 296 1660 mum,
314 1611 329 1645 a
344 1610 398 1664 quo
412 1591 533 1643 libertate
551 1600 592 1640 est
609 1587 731 1642 donatus.
750 1591 812 1641 Mox
830 1591 858 1641 in
877 1588 937 1641 aula
955 1588 1079 1660 Caligula
1093 1589 1203 1648 manain
1218 1601 1242 1638 et

206 1672 309 1728 Claudii
322 1673 367 1743 qui
379 1672 561 1742 successitaet
571 1670 692 1720 Neronis.
706 1670 728 1718 A
742 1667 894 1721 Domitiano
908 1671 934 1719 iu
949 1667 1070 1720 exsilium
1082 1669 1177 1718 misam
1191 1683 1242 1732 est,

208 1773 290 1826 quum
300 1755 327 1804 iu
338 1771 366 1804 re
380 1753 464 1804 aerarii
478 1748 684 1802 administranda
698 1747 749 1802 lcvi
760 1749 875 1820 quodam
891 1767 980 1800 errore
992 1747 1082 1820 lapsus
1096 1760 1164 1799 essct
1178 1768 1185 1799 ι
1206 1746 1242 1798 la-

207 1834 293 1884 crimis
310 1845 335 1883 et
349 1833 446 1902 pietate
462 1829 508 1881 filii
524 1825 611 1879 reditu
627 1829 782 1898 impetrato,
799 1839 938 1880 revocatus
950 1840 997 1879 est.
1013 1826 1103 1891 Quum
1115 1824 1149 1877 ad
1160 1843 1244 1876 nona-

206 1913 334 1982 gesimum
346 1913 426 1962 atatis
442 1927 540 1961 annum
552 1909 726 1979 pervenisset,
740 1921 860 1960 mortuus
872 1906 965 1978 illatus
973 1920 1013 1958 est
1026 1901 1128 1957 tumulo
1141 1907 1243 1968 uxoris,

207 1991 315 2044 defletus
327 1993 392 2042 mira
403 1991 501 2062 pietate
513 1985 567 2038 filii.
586 1990 684 2042 Doutu.

241 2157 317 2206 Vana.
341 2153 380 2206 15.
393 2113 486 2227 Siquis
494 2151 604 2224 pulsatu
612 2153 726 2206 conscius
736 2172 853 2227 unquam
863 2154 968 2218 Matris,
979 2165 1004 2206 et
1016 2156 1122 2228 inferna
1132 2155 1241 2232 rigidum

207 2239 278 2289 timet
288 2239 389 2289 AEacon
404 2253 479 2287 urna.
494 2237 532 2286 lta
548 2253 640 2288 omnes
655 2254 721 2307 quas
737 2237 790 2290 vidi
802 2237 938 2290 editiones.
954 2239 988 2288 Et
1005 2255 1103 2310 supra,
1119 2235 1154 2288 ad
1166 2240 1241 2292 Herc.

205 2313 320 2369 Sur-rent.
333 2317 423 2368 notavi
437 2331 528 2367 vocem
542 2333 657 2386 unquam
671 2333 738 2387 saepe
753 2319 865 2369 otiosam
877 2334 947 2383 esse,
965 2329 991 2367 et
1004 2313 1137 2386 capium.
1148 2319 1242 2368 Remo-

205 2414 311 2448 veamus
322 2397 402 2466 igitur
412 2411 469 2446 cam
480 2411 636 2465 parumper,
650 2408 676 2446 et
685 2398 849 2449 constructio
859 2398 919 2462 erit,
934 2396 977 2449 «Si
988 2397 1048 2468 quis
1059 2397 1177 2447 conscius
1187 2394 1243 2465 pul·

205 2489 266 2527 satec
284 2477 373 2528 matris
388 2487 414 2527 et
428 2477 501 2526 timet
519 2474 619 2524 AEacon
635 2475 749 2546 rigidum
768 2477 870 2529 inferna
889 2493 964 2527 urna.
976 2500 987 2522 ι
1004 2475 1091 2542 Quare
1109 2485 1133 2525 et
1151 2475 1244 2525 timet?

206 2558 340 2625 oportuit,
357 2556 379 2608 si
394 2557 451 2628 quis
467 2554 581 2606 conscius
593 2553 702 2626 pulsoloe
718 2556 810 2610 matris
826 2557 900 2608 timet
916 2557 1032 2622 AEocon,
1048 2574 1101 2608 uon
1114 2565 1139 2606 et
1152 2555 1242 2616 timet,

204 2634 256 2684 nisi
274 2634 347 2687 dicas
360 2633 470 2686 verbum
489 2631 682 2686 substantivum
697 2634 805 2707 intelligi
823 2637 851 2688 iu
865 2637 947 2708 priori
965 2633 1102 2700 membro,
1118 2634 1166 2688 «si
1185 2636 1242 2707 quis

205 2716 327 2766 conscius
338 2725 377 2766 ost
388 2713 496 2784 pulsate
507 2715 612 2780 matris,
626 2728 651 2766 et
664 2715 737 2767 timet
745 2716 854 2768 AEacon.
863 2740 874 2762 ι
887 2715 939 2769 sed
950 2717 1059 2767 omuino
1071 2714 1195 2786 frigidum
1205 2727 1244 2766 est

204 2794 274 2848 istud
286 2813 402 2867 unquam
408 2817 418 2856 ,·
432 2795 537 2864 scripsit
549 2795 661 2863 Statius,
675 2799 718 2847 «ai
730 2798 788 2868 quis
799 2797 908 2869 pulsata
919 2798 1043 2848 conscius
1055 2795 1175 2847 umbram
1189 2797 1244 2847 Ma-

204 2876 267 2941 tris,
282 2889 308 2927 et
323 2875 426 2926 inferna
442 2872 557 2942 rigidum
571 2875 646 2927 timet
659 2877 758 2928 AEocon
775 2895 879 2939 urna;»
898 2889 999 2948 quanto
1016 2873 1160 2944 elegantius
1173 2872 1245 2926 hoc?

203 2968 233 3006 ut
245 2954 278 3008 de
289 2958 345 3026 ejus
356 2949 487 3020 werricum
501 2953 621 3006 dubitare
633 2975 706 3026 paene
717 2956 861 3026 malignum
876 2956 944 3008 foret
957 2977 962 3006 :
983 2953 1121 3005 numbram
1133 2951 1245 3023 pulsatas

204 3035 327 3101 matris,·
345 3033 385 3086 vel
405 3036 549 3086 «conscius
563 3033 672 3104 pulsatae
686 3037 812 3095 matris„
831 3037 931 3085 utrovis
946 3035 1014 3085 enim
1029 3030 1108 3084 modo
1123 3029 1158 3082 ad
1171 3030 1243 3083 idem

202 3112 258 3164 ,lere
273 3112 373 3165 recidit.
387 3111 546 3183 Hujusmodi
558 3113 658 3166 conscii
672 3113 779 3164 fuerunt
792 3109 880 3180 Nim,
890 3109 1013 3183 ’opimo
1022 3107 1168 3178 Ἀψίλαι,
1180 3117 1245 3162 ΜΗ·

202 3195 389 3243 nortorum.
406 3191 564 3256 Suetonius,
578 3193 701 3258 Nerone,
715 3211 738 3243 c.
755 3191 805 3258 34,
821 3193 915 3264 «Saepe
930 3194 1066 3245 confessus
1079 3193 1203 3263 exagitari
1214 3209 1245 3242 se

203 3282 321 3322 materna
333 3274 435 3343 specie,
448 3271 602 3324 verberibus
614 3273 763 3339 Furiarum,
779 3291 809 3324 ac
822 3270 894 3325 taedis
908 3272 1075 3336 ardentibus;
1089 3274 1153 3344 quin
1164 3285 1189 3322 ct
1201 3271 1244 3321 la-

202 3358 246 3398 cto
260 3366 308 3418 per
323 3367 411 3420 magos
425 3369 500 3402 sacro
516 3367 625 3400 evocare
640 3366 744 3415 manes,
759 3363 785 3402 et
800 3369 907 3404 exorare
920 3354 1059 3405 tentavit·
1077 3354 1181 3416 Noster,
1191 3347 1245 3399 Ge-

201 3425 273 3477 neth.
288 3428 404 3495 Lucani,
417 3449 442 3481 v.
459 3429 521 3482 118:
540 3428 742 3502 «pallidumque
755 3431 809 3483 visa
826 3430 918 3484 Matris
932 3430 1055 3504 lampade
1068 3433 1175 3502 respicis
1189 3429 1244 3480 Nc-

202 3522 301 3558 ronem.
313 3530 324 3553 n
337 3506 414 3560 Ovid.
429 3509 535 3559 Metam.
551 3507 604 3574 lX,
617 3507 685 3573 410,
699 3507 731 3562 de
743 3509 904 3562 Alcmaeone:
924 3513 1089 3582 «matrisque
1100 3508 1246 3580 agitabitur

202 3582 300 3637 umbris
310 3606 316 3647 ;
328 3610 338 3632 n
354 3585 444 3657 virgil.
458 3587 516 3639 AEn.
529 3587 573 3652 lv,
584 3586 650 3658 471:

386 3685 432 3727 Aut
439 3685 634 3744 Agamemnonius
643 3685 719 3734 Poeuis
727 3689 824 3750 agitatus
833 3687 938 3742 Orestes,

386 3757 501 3802 Armatam
511 3755 602 3803 lacibus
609 3770 706 3806 matrem
715 3773 739 3806 et
746 3760 893 3824 serpentibus
901 3762 957 3807 atris

385 3827 461 3886 Quum
471 3826 541 3888 fugit,
551 3827 690 3891 ultricesque
700 3831 780 3877 acdent
788 3833 812 3876 iu
821 3830 900 3877 limine
909 3832 985 3884 nim

203 3913 237 3963 ita
248 3908 386 3981 legendum
397 3931 455 3965 ease
465 3910 516 3966 alio
527 3914 656 3986 opusculo
666 3915 759 3983 docui,
770 3920 851 3988 Epist.
861 3919 949 3969 Critic.
958 3935 1019 3988 pag.
1031 3915 1080 3967 123
1090 3913 1157 3980 (vid.
1168 3915 1236 3985 virg

203 4005 270 4042 noae.
280 3989 342 4042 edit.
350 3993 400 4044 vol.
410 3993 432 4045 ll
439 4031 447 4059 ,
454 4011 481 4065 p.
491 3993 549 4047 5²8.
557 3995 632 4066 En),
641 4009 666 4048 ct
674 3997 773 4048 firmavi
780 3995 987 4050 imitationeval.
997 3995 1092 4060 Flacci,
1100 3995 1154 4060 Vll,
1166 3995 1215 4062 ¹4?
1225 4017 1233 4045 :
