2804 4490
353 331 482 396 sissi
507 329 712 396 secunus
739 333 990 398 sssvsnusr.
1127 361 1185 426 ¹97

145 473 232 533 petel,
239 457 364 510 absolute
372 470 399 509 et
404 475 453 528 per
459 470 620 527 seponatur,
629 475 710 528 quum
717 476 748 508 ex
758 459 959 512 circumstantiis
967 479 1022 512 non
1033 460 1119 531 colligi
1128 481 1190 534 pos.

146 544 195 608 sit,
210 557 265 612 quo
280 556 362 591 sensu
376 535 487 606 intelligi
500 549 632 608 oporteat.
645 534 695 588 Sed
709 549 735 588 et
747 555 828 607 quare
842 551 936 590 cessant
950 541 976 590 in
990 543 1110 610 presenti
1122 554 1190 594 tem·
1293 539 1295 546 '

145 639 226 692 pore,
242 637 326 691 quum
339 629 365 668 et
377 617 549 688 precedentis
565 629 592 668 et
604 616 791 686 subsequentia
804 619 831 668 in
843 620 974 688 praeterito
986 621 1138 686 efferantur,
1150 611 1190 672 sle·

147 699 232 765 labat,
240 696 385 771 pandebat,
396 697 499 747 deerat?
507 697 589 767 Lege,
603 717 615 740 a
626 713 679 747 non
692 696 770 748 turba
782 715 886 760 comes,
898 717 951 749 non
961 716 1070 750 munera
1082 717 1191 768 census,

146 777 208 832 sota
218 775 373 830 verecundo
385 775 475 828 deerat
487 789 613 847 praetexta
624 773 722 827 decori.
735 799 746 823 r
760 775 833 828 Nihil
843 778 953 840 certius;
965 791 1026 829 ante
1038 775 1130 830 oculos
1141 778 1191 832 ha·

147 859 206 910 buit
216 857 370 923 Horatium,
381 855 463 908 Serm.
471 858 497 922 Ι,
507 855 531 908 6.
542 858 581 907 lta
592 867 618 907 et
627 855 670 906 hic
680 854 803 909 Glaucias
814 855 972 910 describitur
980 875 1071 908 omnes
1080 858 1192 931 Inpenus'

147 951 226 989 notas
239 935 358 1001 habens,
372 948 461 1000 uestes,
474 953 603 1007 pemmos,
614 952 698 987 servos
708 948 851 1008 sequentes,
869 949 894 987 et
909 949 994 988 cetera
1009 955 1095 989 censsrs
1106 950 1133 989 et
1143 955 1191 1008 pa-

148 1019 266 1070 trimonii
276 1018 349 1086 signa
361 1027 387 1066 et
399 1032 521 1077 munera,
534 1028 628 1084 praeter
635 1025 800 1085 praetextam:
814 1034 921 1068 munera
933 1035 1033 1084 cerasus,
1046 1030 1076 1068 ut
1085 1035 1192 1068 munera

146 1096 276 1168 pulveris,
288 1097 379 1147 Horat.
393 1095 479 1147 carm.
492 1095 518 1160 Ι,
530 1093 577 1159 483
592 1113 699 1146 munera
712 1094 822 1156 tumuli,
836 1095 924 1148 sabin.
936 1098 1020 1168 Epist.
1033 1100 1059 1163 Ι,
1072 1096 1117 1160 26;
1131 1116 1190 1148 mrs-

149 1195 208 1228 nere
219 1175 303 1241 clavi,
316 1177 457 1246 Propemp.
469 1174 533 1226 hiet.
549 1173 603 1226 Cel.
616 1193 683 1226 vers.
701 1175 762 1241 tad,
778 1176 826 1226 inf.
842 1175 888 1226 lib.
904 1175 955 1240 ΙΙΙ,
970 1175 1025 1227 silv.
1039 1193 1069 1238 π,
1084 1195 1191 1228 munem

148 1257 273 1319 scientim,
287 1253 435 1320 Aruobius,
450 1252 496 1304 lib.
514 1254 550 1319 ll,
569 1271 596 1323 p.
612 1253 645 1306 55
651 1274 658 1314 ;
676 1272 784 1306 munero
799 1254 875 1317 turis,
895 1253 1020 1321 Sedulus,
1034 1257 1071 1320 V,
1083 1254 1130 1318 55,
1145 1258 1190 1326 qui

150 1334 247 1386 multus
260 1335 338 1386 estin
350 1332 403 1384 hoe
416 1334 487 1385 vocis
499 1349 558 1384 usu.
572 1331 723 1404 symposius
734 1333 819 1403 AEnig.
832 1333 867 1400 95
880 1332 913 1386 de
924 1334 1033 1386 umbra:

335 1427 392 1470 llam
401 1427 462 1471 Dens
471 1426 576 1472 attribuit
586 1427 653 1471 nobis
662 1425 711 1470 haec
720 1441 818 1471 munera
826 1427 920 1486 formae,

335 1496 405 1558 Quod
414 1511 450 1542 rue
460 1511 529 1544 nemo
539 1507 617 1542 movet
625 1497 669 1542 nisi
678 1495 719 1557 qui
727 1497 792 1558 prius
800 1497 850 1558 ipse
858 1511 977 1544 moretur:

151 1592 186 1641 ita
200 1585 361 1658 legendum:
380 1587 407 1637 in
422 1583 537 1638 editione
557 1603 610 1656 qua
624 1597 685 1635 utor
698 1581 826 1636 mendose
845 1596 885 1635 est
900 1584 970 1656 quod
985 1589 1065 1657 prius.
1081 1590 1191 1640 Munera

152 1669 245 1722 dextre
255 1665 400 1732 Dedaleoe,
412 1664 572 1730 Columella,
584 1665 622 1728 X,
635 1681 682 1732 29,
695 1676 720 1713 et
733 1661 825 1714 similia
838 1662 944 1735 ubique.

190 1810 246 1881 ¹6⁸·
265 1809 380 1886 Fraqs'les
396 1810 540 1884 umentibus
555 1825 645 1863 annos.
663 1811 732 1863 Auni
743 1809 855 1885 frrpiles
871 1813 919 1886 qui
932 1814 983 1865 sint
1000 1812 1070 1865 dicet
1083 1813 1194 1866 Ovidius

152 1895 229 1947 Trist.
246 1897 292 1960 IV,
307 1895 337 1959 8,
351 1913 376 1944 v.
388 1895 420 1946 3:
439 1891 575 1947 «subeunt
589 1893 651 1942 anni
666 1890 772 1963 fragiles
789 1905 814 1944 et
827 1894 937 1944 inertior
949 1906 1045 1959 τηεμ
1063 1893 1096 1946 de
1110 1913 1138 1947 se
1154 1913 1193 1947 se-

154 1986 275 2029 nescente.
291 1973 335 2026 stt.
349 1971 432 2026 Italic.
447 1973 516 2038 xiv,
529 1970 577 2035 85,
592 1970 625 2022 de
640 1972 770 2024 llierone:
789 1972 896 2042 «fragili
910 1985 1046 2026 senecta·
1066 1976 1104 2025 lta
1124 1977 1193 2025 muri

148 2053 258 2126 frapiles
268 2070 337 2118 oevo,
349 2051 433 2104 Theb.
444 2053 481 2116 Il,
494 2067 536 2120 7ο.
549 2051 607 2102 Nisi
619 2049 730 2102 multum
741 2049 832 2118 fallor,
844 2053 948 2122 scripsit
959 2051 1068 2117 Statius,
1084 2053 1192 2105 «Parcis

154 2134 243 2187 faciles
251 2134 407 2207 urgentibus
418 2149 514 2194 annos3
526 2155 537 2179 ι
550 2129 603 2182 hoc
615 2132 769 2203 exquisitam
782 2131 851 2184 illius
863 2133 1018 2203 elegantiam
1031 2133 1115 2185 decet.
1125 2133 1194 2185 The-

155 2211 225 2266 baid.
235 2213 296 2280 xit,
308 2213 375 2284 736:
392 2237 402 2260 ι
412 2231 462 2264 nec
474 2211 578 2264 facilem
590 2210 714 2282 dignatur
724 2211 814 2264 dextra
826 2231 961 2275 eruorem
972 2237 983 2261 n
995 2215 1031 2264 ita
1037 2211 1133 2284 faciles
1142 2226 1194 2265 tur·

154 2311 223 2361 mas,
234 2292 362 2347 Thebaid.
372 2295 443 2358 vttt,
456 2293 517 2362 571,
530 2309 585 2364 quar
591 2291 744 2362 faciliteret
753 2291 826 2345 nullo
838 2292 930 2345 labore
936 2295 1089 2356 vincuntur3
1100 2290 1193 2346 eadem

155 2373 291 2446 elegantia.
305 2374 391 2438 Valet.
406 2373 492 2426 Flauo.
509 2375 533 2438 Ι,
549 2372 609 2425 151:
626 2376 741 2426 «animus
752 2372 878 2437 faciles3·
893 2375 984 2427 Senes.
998 2374 1031 2427 de
1045 2375 1135 2426 Beuef.
1148 2377 1192 2440 Ν,

158 2455 202 2507 rs:
216 2453 431 2506 imbecillissimus
441 2473 471 2505 ac
485 2452 624 2505 facillimus
639 2455 754 2520 sanguis.
767 2454 808 2504 Sia
817 2454 913 2524 faciles
926 2453 1036 2520 herbas,
1050 2453 1135 2506 Theb.
1148 2457 1194 2520 lV,

156 2533 216 2603 7873
225 2531 319 2602 facilis
329 2532 401 2585 unda
413 2533 567 2602 Propertio;
583 2550 641 2603 quse
655 2531 769 2584 faciliter
779 2530 851 2584 cedit
864 2547 890 2584 et
904 2553 957 2588 non
971 2533 1068 2587 resistit.
1082 2533 1193 2602 Quintil.

156 2612 269 2664 Declam.
282 2613 307 2675 Ι,
323 2613 423 2686 injurie
433 2609 553 2680 facilem.
569 2613 612 2663 lle
624 2629 686 2662 vero
700 2630 778 2663 voces
793 2625 922 2683 perpetuo
937 2613 1144 2675 commutantur}
1159 2614 1199 2664 its.

155 2688 240 2742 Theb.
251 2689 290 2754 ΙΙ,
302 2689 365 2754 564,
376 2710 424 2762 pro
430 2690 544 2765 fraqiles
556 2689 676 2774 thyrsos,
685 2689 738 2743 MS.
751 2693 883 2746 Patrensis
895 2691 975 2744 habet
982 2690 1087 2766 faciles.

196 2829 255 2882 181.
274 2831 308 2881 fn
321 2833 459 2905 anpuiferoe
477 2830 607 2884 ludentem
624 2833 744 2904 promise
761 2833 859 2885 Lerne.
874 2832 945 2900 Quid
963 2849 1068 2896 narras,
1085 2831 1196 2901 Papini?

157 2910 291 2984 Ophelten
305 2915 417 2965 occisum
432 2932 489 2966 esse
503 2915 529 2965 in
542 2914 660 2984 gramine
674 2914 781 2966 Lernae?
795 2911 896 2966 adeone
911 2911 1007 2964 oblitus
1023 2910 1139 2962 historiae
1152 2928 1196 2962 ve-

155 2995 230 3059 teris,
242 3006 269 3044 et
280 2991 339 3044 libri
351 2996 436 3066 quinti
448 3009 497 3045 tum
508 2993 674 3064 Thebaidos,
687 3008 713 3049 et
724 2996 811 3067 quarti
822 2996 899 3046 stiam
912 3007 937 3045 et
949 2995 1028 3058 sexti,
1039 3004 1070 3042 ut
1081 2991 1196 3042 coufun-

155 3073 229 3127 deres
238 3075 367 3128 Nerneum
378 3089 404 3128 et
412 3075 542 3128 worm?
553 3094 635 3148 quum
647 3079 726 3129 etiam
738 3077 826 3148 pueris
837 3087 929 3128 notum
942 3077 974 3126 sit
985 3071 1115 3145 Ophelten
1124 3074 1196 3143 peri-

155 3157 204 3206 isse
217 3155 245 3206 in
256 3153 323 3206 silua
335 3153 435 3205 Nemeo
447 3154 488 3224 (et
501 3153 563 3207 inde
575 3155 660 3207 Ludos
671 3155 804 3207 Nemeseos
814 3156 840 3206 in
854 3157 910 3226 ejus
922 3153 1050 3204 honorem
1063 3152 1195 3204 institutos

156 3234 250 3304 fuisse)
260 3253 316 3286 uon
328 3237 355 3286 in
364 3235 463 3305 palude
474 3237 567 3288 Lerna.
575 3235 646 3306 Quid
656 3234 789 3288 dicemus?
799 3236 953 3288 festinanter
963 3248 988 3286 et
997 3231 1130 3286 celeritate
1140 3251 1194 3283 non

156 3312 302 3365 excusanda
314 3312 369 3364 ltaec
381 3315 523 3383 scripsisti:
539 3328 565 3367 et
574 3317 630 3385 jam
637 3332 728 3365 rerum
741 3333 797 3366 esse
806 3313 882 3366 rideo
894 3312 966 3386 quod
975 3311 1053 3376 dicis,
1066 3313 1148 3383 Epist.
1162 3308 1196 3362 ud

155 3391 304 3456 Meliorem,
318 3388 389 3442 hanc
403 3389 609 3444 consolationem
622 3413 638 3443 a
652 3392 760 3462 confuso
776 3393 905 3461 scriptam.
921 3393 1093 3463 Inspiciamus
1107 3404 1195 3441 tamen

156 3468 219 3539 quid
227 3471 319 3531 silem
327 3483 353 3522 et
361 3473 476 3542 primum
484 3471 778 3545 condonoillipramina
789 3472 893 3525 teme.-
904 3491 985 3543 quum
995 3474 1063 3523 enim
1072 3470 1194 3542 paludem

155 3569 206 3622 pro
218 3549 281 3603 sitm
295 3553 377 3608 semel
392 3555 538 3624 posuisset,
552 3571 719 3626 consequens
734 3565 788 3605 erut
802 3568 831 3605 ut
844 3551 918 3624 quod
930 3554 1043 3624 pertinet
1058 3549 1091 3602 ad
1105 3553 1195 3604 siluam
1241 3605 1244 3614 ,

155 3629 309 3683 attribueret
320 3630 429 3702 paludi:
444 3646 469 3685 et
482 3635 518 3685 sie
528 3628 651 3706 p'rams'no
663 3635 751 3684 Lernae
760 3631 865 3705 paludis
876 3630 1004 3684 habemus
1015 3649 1064 3702 pro
1075 3630 1196 3702 promissa

153 3713 258 3764 Nemea
269 3709 358 3765 silve}
375 3713 427 3766 hoc
439 3713 547 3785 quidem
563 3728 603 3767 est
617 3712 799 3783 sDelphinum
815 3713 884 3764 silvis
899 3715 1057 3784 appingere,
1072 3709 1196 3762 fluctibus

153 3806 260 3859 aprum
271 3815 282 3837 ι
295 3789 358 3843 licet
369 3791 439 3844 forte
450 3791 557 3845 defendi
568 3795 651 3865 possit
664 3793 685 3844 si
698 3790 770 3843 diras
780 3791 901 3864 prominet
911 3791 1000 3844 Lerne
1013 3807 1068 3842 esse
1081 3807 1138 3858 quae
1151 3805 1197 3837 na-

152 3883 261 3924 scantur
273 3874 299 3924 in
314 3871 377 3944 ripis
387 3874 479 3925 Lerne
491 3873 608 3946 paludis3
621 3887 651 3925 nt
662 3893 757 3946 pascua
770 3873 870 3938 Iaemoe,
882 3871 958 3927 Ouid.
971 3873 1076 3922 Metam.
1091 3871 1114 3934 1,
1131 3866 1197 3935 597,
1221 3929 1226 3938 1

152 3967 213 4020 qua
225 3954 293 4005 circa
305 3953 419 4005 bernam
432 3967 499 4006 sunt.
515 3953 657 4024 Quomodo
669 3971 732 4005 vero
744 3953 876 4005 amolieris
888 3955 963 4003 istam
976 3947 1093 4010 sordem,
1106 3943 1198 4019 anquis

151 4049 180 4082 tn
190 4033 466 4107 gramineanpuiseroe
474 4035 581 4088 lerna?
593 4038 613 4086 si
628 4035 695 4088 enim
707 4031 778 4086 ‹licas
792 4028 902 4105 u'nprsem
917 4049 972 4084 esse
984 4033 1009 4080 in
1019 4027 1078 4078 loeo
1091 4025 1196 4096 aliquo,
