2804 4490
405 345 534 409 LIBRI
560 345 701 411 PRlMl
726 345 978 446 SILVARUM.
1149 349 1208 436 ¹37

165 474 320 542 conjecerat
327 479 494 540 nossequeex'
501 457 608 535 ordine,
617 471 752 522 mentione
760 467 868 542 ἆὶιῦηωπ
875 489 930 522 non
937 484 1072 544 putarem,
1083 475 1134 525 nisi
1143 489 1211 526 estet

164 549 296 601 Salustii.
310 547 388 599 Intet
401 547 501 619 aliquid
515 547 588 620 quod
602 551 758 618 conjectura
771 568 827 602 non
841 569 949 621 possum
963 553 1077 623 assequi.
1090 553 1212 624 Antiqui·

164 633 214 683 teti
226 643 317 683 autern
331 627 524 695 concedemus,
538 643 569 680 nt
582 647 614 681 ex
627 629 733 682 duobus
747 631 821 682 falsis
832 631 989 684 lectionibus
1002 637 1131 686 vetustior
1143 653 1212 706 prn-

164 715 284 766 feratur:
299 725 327 764 et
337 709 400 763 ideo
411 713 438 763 in
451 723 603 763 contextum
616 731 665 782 ego
678 712 770 766 admisi
782 732 920 787 nosseque.-
935 714 1007 787 quod
1019 728 1045 766 et
1055 713 1137 766 habet
1148 714 1210 767 etlit.

164 793 324 844 Parmensis.
339 790 425 862 Supra
437 809 475 842 vs.
490 807 530 857 ιι,
542 809 592 862 pro
603 792 726 864 urbesque
737 791 886 863 ubicunque
902 805 1007 865 togate,
1019 793 1168 846 Gronovius
1178 792 1210 844 ad

165 868 253 921 Plauti
269 868 389 920 Aulular.
401 870 441 935 11,
456 887 485 936 a,
496 887 534 920 vs.
550 887 592 936 nt,
608 868 685 940 legit,
702 869 746 922 ubi
756 888 882 945 queque:
895 885 978 938 recte,
995 871 1091 938 credo,
1102 885 1212 942 propter

166 948 257 1000 locum
264 946 367 1018 Virgilii
376 947 477 999 AEneid.
485 949 548 1014 Vll,
561 949 626 1015 loo,
637 967 717 1020 quem
728 951 847 1002 imitatur
858 950 963 1004 Statius.
971 950 1038 1003 Vide
1049 952 1211 1006 Gronoviurn
1269 971 1272 977 ·

167 1028 200 1081 ad
212 1027 303 1081 locum
314 1028 416 1091 Plauti3
428 1041 455 1080 et
465 1030 502 1081 ita
514 1028 600 1082 Theb.
612 1029 677 1097 ΧΠ,
691 1047 722 1082 22
734 1053 740 1081 :

354 1135 403 1180 Itur
411 1135 434 1180 in
444 1151 582 1197 exsanguem
591 1135 703 1200 populum
712 1136 814 1202 bellique
820 1138 919 1199 jacentis

355 1203 489 1269 llelliquiaa,
501 1223 546 1270 qua
555 1223 672 1274 quemque
681 1207 750 1255 dolor
757 1207 893 1272 luctusque,
902 1212 991 1256 cruenti

355 1277 457 1340 Exegere
467 1277 546 1324 ducet.

169 1371 285 1504 Ubssibls.
298 1373 429 1520 Petrer⁴1sis
439 1371 521 1424 babet
531 1378 681 1446 quaerique:
693 1373 768 1425 male.
779 1371 955 1443 Claudianus,
967 1374 1001 1427 de
1012 1375 1096 1445 Nupt.
1109 1375 1209 1428 Honor.

168 1464 195 1504 et
237 1470 274 1503 ar.
287 1470 326 1504 vs.
340 1469 374 1504 πο
403 1473 409 1502 :

354 1559 415 1613 Vos,
422 1568 524 1619 pennata
533 1555 629 1614 robore,
638 1573 686 1620 qno
695 1571 811 1620 quemque
819 1559 937 1604 vocaverit
944 1573 1010 1615 utut,

354 1629 430 1673 Divisa
439 1640 564 1690 properate
572 1643 650 1674 manu.

170 1725 288 1778 itureote
300 1725 424 1780 emendat
435 1727 557 1779 Heinsius
569 1743 619 1796 pro
631 1743 794 1798 quocunque.
801 1727 870 1779 Vide
881 1745 941 1778 oum
952 1726 985 1779 ad
998 1724 1095 1778 locum.

204 1887 246 1938 23.
266 1886 350 1938 Docto
364 1903 412 1937 nec
424 1885 495 1936 enim
507 1885 561 1937 sine
575 1887 691 1937 connino
702 1894 797 1938 untur.
810 1883 951 1936 Nonnullte
964 1883 1026 1938 edit.
1038 1884 1145 1935 numine
1161 1901 1211 1955 pro

170 1967 299 2018 carmine:
313 1979 393 2018 recte.
407 1964 458 2017 Sed
468 1965 534 2036 quid
543 1966 694 2018 estcloctum
706 1968 903 2030 numeniNon,
915 1967 1002 2037 inquit
1012 1965 1123 2030 Statius,
1134 1963 1211 2017 Pboe·

170 2045 231 2097 bom
248 2061 294 2098 ant
310 2047 401 2098 Musas
418 2046 563 2110 invocabo,
580 2045 627 2097 ted
645 2059 685 2110 te,
698 2045 798 2098 Gallice
815 2066 822 2097 ε
845 2061 874 2098 ιιι
889 2048 924 2098 sis
939 2047 1080 2118 propitius:
1096 2047 1213 2099 numinis.

170 2127 237 2176 enim
259 2128 345 2178 instar
362 2124 460 2189 habes3
479 2139 505 2179 et
517 2125 570 2178 hoc
580 2128 721 2198 propitium
739 2127 839 2197 experti
851 2141 913 2180 sunt
923 2127 1088 2180 centumviri.
1104 2125 1212 2197 Scripsit

171 2203 282 2257 Statius:
298 2205 409 2257 «dextro
423 2223 471 2257 nec
485 2207 555 2257 enim
569 2207 625 2256 sine
639 2206 747 2258 numine
760 2219 880 2258 tantus.»
897 2205 968 2258 lnlra
983 2225 1020 2259 vs.
1037 2203 1087 2268 665
1105 2203 1166 2259 Silv.
1185 2207 1211 2270 1,

174 2302 203 2348 2,
212 2303 250 2336 vs.
260 2283 311 2336 32:
323 2308 334 2330 ι
344 2285 462 2338 Numine
475 2285 564 2338 dextro
573 2287 641 2338 Vota
655 2303 763 2355 pavetur
776 2284 906 2340 Thebaid.
916 2287 955 2352 11,
971 2285 1033 2340 152:

356 2391 446 2452 Egressii
452 2390 579 2450 juvenum,
588 2404 648 2452 qnos
657 2405 705 2435 non
714 2390 763 2436 tine
773 2391 863 2436 numine
871 2390 949 2452 regnis

355 2463 444 2507 lnvexit
453 2476 499 2506 nor
508 2462 589 2507 dextra
599 2462 669 2517 mein

171 2557 216 2610 ubi
225 2559 348 2611 nonnulli
358 2559 469 2613 Codices
483 2579 532 2632 pro
544 2560 633 2612 dextra
645 2561 736 2632 legunt
747 2571 821 2626 atro,
836 2574 863 2614 et
874 2551 911 2613 ita
923 2559 1052 2613 editiones
1063 2561 1212 2633 pleneque,

172 2657 225 2692 non
236 2639 322 2692 bene:
339 2658 392 2691 nox
408 2637 502 2719 dextra
513 2640 610 2692 invexit
624 2659 678 2692 non
694 2641 749 2692 sine
762 2641 887 2706 numine,
902 2655 938 2693 est
951 2660 1003 2694 nox
1014 2642 1112 2694 invexit
1124 2640 1212 2694 dextro

174 2717 295 2782 sumine,
306 2737 379 2771 more
391 2719 516 2772 Statiano.
530 2721 625 2772 lterum
637 2719 723 2774 Theb.
731 2721 781 2787 Vl,
796 2720 838 2791 49.

210 2873 253 2926 26.
272 2873 400 2928 Excludut
417 2876 540 2948 Pimplea
557 2879 635 2930 sitim.
654 2877 785 2930 Excludct
802 2876 872 2930 sitim
886 2891 993 2930 estnon
1011 2877 1133 2929 admittat
1146 2873 1212 2926 iotis

171 2953 239 3006 sitim
255 2954 295 3006 vel
309 2967 392 3008 vatem
405 2959 544 3010 sitientem.
558 2960 649 3012 Heins.
664 2957 699 3011 ad
713 2957 790 3011 Ovid.
806 2959 914 3010 Metam.
929 2958 957 3022 l,
970 2958 1035 3024 504,
1049 2953 1128 3008 scribi
1141 2953 1213 3020 vult,

170 3033 311 3101 Est-Iudas,
328 3035 456 3107 Pimplei,
474 3037 558 3100 sitim5
578 3041 654 3091 etita
671 3039 786 3091 Surrent.
804 3037 869 3090 Poll.
887 3057 925 3090 vs.
942 3036 987 3108 37,
1003 3055 1052 3108 pro
1066 3037 1103 3087 Et
1114 3044 1214 3104 superet

169 3117 290 3190 Pimplea
301 3118 387 3185 sitim,
399 3137 498 3190 mperes
509 3120 633 3192 Pimplei.
650 3121 701 3174 Sed
717 3139 772 3172 non
788 3139 856 3192 opus
869 3131 917 3171 est.
928 3117 1051 3190 Pimplea
1065 3117 1135 3169 enim
1148 3113 1213 3181 Πίμ-

168 3213 251 3260 mm,
258 3199 326 3271 fone
337 3211 377 3250 eet
388 3198 440 3252 hoc
452 3199 528 3266 loco,
540 3218 595 3254 non
608 3203 693 3254 Musa.
702 3201 768 3255 Vide
781 3202 844 3254 satis
857 3201 1037 3271 exemplorum
1049 3199 1128 3271 hujus
1141 3199 1212 3250 vocis

168 3279 239 3350 apud
253 3279 318 3332 clar.
331 3280 476 3332 Bentleium
493 3280 526 3333 ad
540 3283 632 3334 Horat.
645 3285 730 3336 Carm.
743 3285 769 3349 1,
784 3281 831 3348 26,
843 3299 879 3332 vs.
893 3299 919 3350 9.
929 3285 1031 3333 Veneta
1045 3291 1133 3332 autern
1148 3277 1212 3330 edit.

168 3377 220 3410 non
231 3356 370 3431 Pimplea,
380 3359 426 3412 sed
435 3361 530 3432 Piplea
540 3359 637 3413 habet:
649 3376 716 3415 utet
727 3364 754 3415 in
765 3380 847 3433 supra
858 3363 939 3413 citato
949 3361 1008 3412 loeo
1019 3360 1052 3412 Su
1057 3371 1135 3412 rrent.
1146 3355 1211 3410 Poll.

168 3437 312 3508 Etouperet
322 3438 419 3508 Piplea
430 3440 514 3506 sitim,
529 3458 583 3492 non
596 3441 727 3513 Pimplea.
741 3443 782 3494 Sic
794 3443 822 3492 in
833 3441 967 3514 Epigram.
979 3438 1088 3505 catulli,
1104 3436 1167 3502 105,
1181 3453 1190 3487 1
1204 3457 1210 3486 ε

353 3542 459 3590 Mentula
468 3559 566 3592 conatur
575 3545 710 3608 Pimpluutn
718 3547 828 3594 scandere
838 3557 950 3592 montem.

168 3639 265 3692 lisdem
277 3639 342 3693 edit.
356 3639 439 3694 babet
447 3643 590 3715 pipellum,
607 3663 656 3715 pro
674 3643 841 3720 Pimploeum.
851 3643 918 3698 Vide
933 3646 1078 3696 Varronem
1092 3654 1117 3692 et
1129 3644 1213 3714 Hesy-

167 3717 272 3786 ebim,
291 3723 390 3774 citatos
409 3741 426 3774 a
441 3723 570 3777 bentleio.
588 3723 622 3776 Et
638 3723 702 3776 huic
717 3726 787 3777 forte
806 3725 945 3796 scriptura
965 3720 1058 3775 alludit
1076 3722 1150 3774 locus
1168 3721 1213 3774 ille

166 3799 273 3870 Apuleii
286 3803 396 3854 Metam.
406 3805 447 3855 tl:
463 3826 475 3850 ι
485 3803 527 3855 Sic
541 3806 567 3856 in
583 3803 692 3857 modurn
706 3805 816 3876 superbi
824 3806 929 3874 juvenis
940 3802 1044 3869 Adoni,
1058 3802 1100 3855 vel
1114 3815 1213 3854 muste-

127 3875 129 3883 ’
168 3875 245 3931 luatis
258 3879 368 3952 pipletit
384 3880 519 3934 laceratus
534 3893 615 3952 atque
630 3882 793 3954 discerptus,
807 3882 888 3935 domo
905 3881 1077 3954 proturbor.·
1096 3881 1157 3930 Haeo
1174 3891 1214 3930 est

167 3953 245 4008 lectio
253 3961 348 4011 vitiosa
362 3962 609 4032 antiquissimorum
620 3960 757 4012 librorum·
771 3963 892 4013 Heinsius
902 3975 964 4012 vero
977 3957 1011 4010 ad
1022 3955 1099 4010 Ovid.
1111 3956 1175 4007 Met.
1187 3958 1212 4020 l,

168 4033 232 4102 504,
241 4036 431 4110 legiujuoem'e
441 4039 537 4105 Aonii,
551 4039 593 4092 uel
604 4041 685 4094 rause
697 4043 753 4093 nati
765 4039 932 4112 rempotus,
945 4051 970 4091 ct
982 4038 1168 4107 interpretatur
1179 4035 1212 4086 de
