2844 4484
215 306 279 396 596
375 303 508 367 NOTAE
533 300 581 362 ΙΝ
607 298 803 362 CARMEN
830 297 1097 364 SECUNDUM

214 447 298 494 sumta
313 427 389 498 sunt)
403 428 465 478 dicit
479 424 626 488 Didonem,
643 421 864 494 quemadmodum
878 420 1014 492 (Genrlos)
1026 441 1117 496 equos,
1132 424 1168 475 ita
1185 444 1260 477 vm-

217 513 278 566 buta
293 528 401 584 quoque
416 505 615 578 suppeditasse,
631 503 732 556 AEneid.
747 505 795 569 tv,
815 503 877 556 131:
896 526 907 548 α
918 505 992 554 Retia
1005 521 1080 570 rara,
1094 503 1195 574 plagae‚
1207 505 1259 557 1210

214 589 344 645 venabula
359 589 460 638 ferron
477 583 572 636 Mclius
587 585 675 652 igitur,
689 595 719 634 nt
733 581 797 632 mihi
809 580 920 647 videtur,
932 580 1042 632 dixisset
1055 583 1168 650 Statius,
1187 606 1199 628 ι
1209 584 1261 634 Ge-

215 673 271 725 tulo
283 673 320 724 sic
332 665 443 739 pulcher
455 681 534 736 equo,
548 665 711 733 Sarranaque
724 679 851 732 quassans
863 661 927 713 Tela
937 682 944 720 ;
955 686 966 708 ι
981 661 1073 726 idest,
1089 662 1184 732 Tyria,
1199 664 1261 715 car.

215 751 401 826 tlraqireiensic15
416 765 467 817 quo
481 763 558 796 sensu
572 763 639 814 scope
651 742 701 794 hac
714 761 778 794 voce
791 744 875 794 utitur
887 742 931 793 Sil.
944 742 1066 804 Italicum
1078 756 1109 794 ut
1119 745 1181 808 vlt,
1193 744 1260 810 432:

218 847 286 887 aaut
300 833 350 884 hos
369 829 496 880 Sarranus
515 825 624 876 habebit
643 827 736 876 Navita
750 825 806 893 jam
824 825 958 894 portus?-
979 838 1005 875 et
1019 824 1092 890 Vlll,
1110 824 1164 890 462
1185 825 1263 878 uCnr

215 919 326 969 Sarrana
338 911 427 962 dicent
440 908 551 959 Olhrotri
564 907 672 956 numina
685 903 819 975 temp103u
835 917 861 954 er
877 903 939 954 alibi
954 905 1059 974 passim,
1075 903 1166 956 Sidon·
1179 903 1262 976 Apop-

215 997 320 1059 linaris,
334 991 420 1040 Carra.
435 990 456 1038 ll
470 1025 478 1053 ‚
492 985 522 1037 5:
539 1008 550 1030 a
560 986 738 1054 humerosque
752 1002 783 1034 ex
795 1001 869 1033 more
883 984 1000 1052 priorum
1014 983 1135 1035 Includat
1148 984 1262 1036 Sarrana

216 1075 369 1143 ⁰l¹¹²¹mi³i¹'
384 1068 410 1119 Μ
424 1079 478 1130 ⁰⁵¹2
494 1065 572 1133 TW
588 1066 687 1114 mum
700 1065 791 1114 dnm·
806 1059 1026 1135 Cfl'dfflfil'ienser
1037 1077 1125 1114 autem
1137 1082 1153 1115 a
1166 1064 1259 1134 Tyriis.

214 1149 304 1223 virgil.
318 1149 413 1216 Geurg.
430 1143 544 1209 11‚506:
561 1167 572 1188 u
582 1145 615 1194 Ut
633 1163 735 1214 gemma
749 1142 837 1206 bibat,
853 1155 879 1192 et
891 1141 1004 1193 Sarrano
1019 1141 1136 1195 dormiat
1149 1157 1236 1206 osus„
1246 1167 1258 1188 .

216 1249 241 1287 et
256 1231 318 1284 alibi
331 1243 395 1300 puto
410 1226 460 1277 hac
475 1244 540 1276 voco
555 1237 682 1289 uteretur,
698 1226 719 1276 si
734 1241 781 1292 per
793 1221 915 1273 librarios
929 1221 1063 1285 licuisset;
1079 1226 1137 1275 AEn.
1152 1226 1179 1291 Ι,
1193 1223 1258 1274 316:

218 1337 229 1359 ι
239 1311 352 1381 Virginis
367 1325 396 1358 os
412 1304 586 1373 hahitumque
602 1320 713 1373 gerens,
730 1315 756 1351 et
771 1302 879 1371 virginis
899 1320 968 1352 arma
989 1301 1146 1366 Sari-anm·
1164 1304 1193 1355 id
1206 1314 1259 1365 est,

217 1393 317 1463 Tyriis),
335 1384 566 1456 Curthoqiniensis:
582 1382 660 1452 vulgo
676 1382 771 1452 legitur
784 1375 936 1451 Sprirtanoe:
952 1384 1044 1434 etacio
1059 1381 1124 1453 quid
1136 1382 1187 1434 dici
1200 1399 1260 1452 pos-

216 1478 249 1526 sit
267 1471 299 1524 de
319 1467 489 1522 senatricibus
503 1462 598 1536 puellis
612 1463 760 1535 Spartanis;
778 1462 825 1513 sed
838 1475 909 1512 certe
924 1479 1028 1534 :equum
1043 1477 1099 1516 erat
1113 1477 1143 1515 nt
1155 1466 1259 1526 Venus,

217 1571 298 1625 quum
313 1553 381 1601 inter
395 1546 487 1615 Tyrios
499 1557 583 1606 esset,
597 1555 712 1611 gestaret
724 1560 754 1593 os
766 1555 791 1592 et
803 1539 922 1591 habitum
937 1553 961 1591 et
974 1559 1045 1593 arma
1058 1544 1164 1615 virginis
1178 1543 1260 1613 Tyriae

218 1634 284 1702 (hoc
299 1621 351 1688 ‘Sis
365 1624 512 1692 Sssmnoe),
528 1641 582 1674 non
596 1623 739 1691 Spartanae.
754 1622 836 1671 Immo
849 1622 907 1690 ipsa
924 1620 996 1672 litem
1012 1617 1082 1674 hanc
1098 1621 1174 1673 solvit
1186 1640 1259 1684 mox,

217 1729 283 1764 vers.
300 1708 350 1760 335
364 1719 389 1756 et
405 1721 464 1775 tqq.

402 1796 461 1838 Tum
473 1793 564 1836 Venus:
576 1788 643 1835 llaud
653 1788 759 1851 equidem
770 1789 807 1834 tali
818 1805 854 1834 rne
864 1789 946 1851 dignor
955 1786 1058 1836 honore:

405 1865 538 1924 Vir-pinibus
547 1865 621 1926 Tyriis
630 1878 679 1907 mos
689 1875 723 1908 est
732 1873 821 1923 gestare
831 1859 962 1924 pharetram
971 1898 978 1918 ‚

405 1941 569 1997 Purpurcoqtie
580 1933 626 1980 alte
636 1951 699 1980 suras
709 1935 796 1980 vincire
806 1933 936 1980 cothurno:

218 2051 359 2122 virqinihus
381 2045 483 2115 Tyriis,
504 2043 528 2093 iil
551 2056 608 2109 est,
626 2043 766 2094 Sarranis:
785 2040 844 2093 ideo
863 2055 929 2113 puto
948 2059 989 2092 me
1008 2055 1079 2093 recte
1099 2040 1261 2096 emendasse.

218 2133 316 2178 Vocem
335 2127 453 2178 Sarrmne
473 2121 554 2192 paulo
573 2109 716 2186 rariorem,
732 2121 758 2170 in
776 2122 857 2191 magis
875 2118 1044 2183 familiarem,
1060 2121 1208 2192 Spartanoe,
1223 2123 1261 2174 vi·

217 2210 312 2260 dentur
323 2206 430 2256 venisse
442 2201 557 2262 librarii,
575 2219 623 2251 suo
641 2219 722 2252 more.
736 2202 840 2254 Servius
854 2198 961 2270 quidem
976 2200 1038 2270 legit
1052 2201 1202 2271 Spar-taum
1218 2202 1263 2254 sed

219 2291 270 2342 hoc
282 2285 346 2340 nihil
359 2283 454 2356 probat
468 2293 562 2354 praeter
577 2279 665 2332 mendi
678 2295 843 2333 vetustatem.

261 2502 316 2537 rao.
337 2483 510 2553 Miserumqne
517 2481 724 2555 potriflaqrabat
733 2479 841 2530 Elisum.
854 2477 1029 2531 Difficillimus
1038 2477 1125 2536 locus;
1136 2475 1171 2528 ad
1180 2494 1262 2546 quem

222 2565 356 2616 Barthius:
376 2561 466 2611 «Dura
487 2559 602 2622 locutio,
623 2562 777 2612 sementiam
797 2560 914 2612 ridemus
934 2557 1265 2612 esselranc:1ncendebat

221 2645 319 2696 Elisium
336 2654 363 2694 nt
377 2639 486 2692 similem
502 2659 609 2713 puerum
623 2661 653 2690 ex
666 2643 750 2690 AEnea
762 2641 868 2714 qiqnere
884 2650 1018 2710 cuperet.»
1035 2637 1172 2712 Flaqrobut
1185 2641 1264 2708 igitur

223 2727 325 2796 accepit
338 2743 386 2796 pro
395 2723 513 2798 fhrqrore
526 2721 657 2791 faciebam
676 2720 748 2791 quod
764 2723 824 2772 ferri
839 2720 943 2792 quidem
963 2734 1059 2792 potest.
1077 2719 1128 2772 Sed
1143 2719 1207 2792 qnid
1221 2721 1264 2770 fiet

223 2807 255 2856 de
267 2808 318 2857 isto
329 2805 414 2874 patri?
426 2805 525 2874 quippe
537 2803 626 2853 latine
639 2801 688 2852 dici
705 2824 716 2845 ι
727 2801 836 2870 flagrare
846 2800 959 2852 faciebat
971 2801 1069 2852 Elisam
1081 2803 1169 2871 patri·
1185 2817 1263 2850 nemo

224 2883 287 2935 mihi
300 2884 470 2953 persuaserit,
483 2899 529 2931 sua
543 2893 658 2944 tantum,
671 2895 697 2930 et
708 2883 764 2931 sine
774 2895 888 2932 veterum
902 2884 1069 2933 auctoritate.
1081 2883 1118 2932 Ex
1130 2897 1265 2951 compara·

223 2965 294 3013 tione
312 2961 479 3011 manifestum
495 2974 533 3010 est
553 2961 660 3012 Statium
676 2959 792 3012 alludere
812 2963 854 3012 isti
868 2961 928 3013 loco
943 2961 1058 3031 Virgilii,
1077 2959 1123 3011 ubi
1136 2959 1264 3009 Ascanius

223 3049 291 3097 inter
302 3040 450 3092 venandum
463 3039 559 3092 dicitur
573 3041 627 3090 acri
639 3041 753 3111 gaudere
768 3061 833 3111 equo
839 3063 847 3100 ,·
862 3042 884 3092 is
897 3055 936 3092 est
951 3041 1054 3094 AEneid.
1067 3043 1110 3106 IV,
1128 3038 1192 3092 156:
1210 3041 1265 3090 ιΔι

223 3141 290 3192 puer
304 3119 434 3171 Ascanius
447 3119 537 3170 urediis
552 3122 579 3170 in
592 3119 701 3170 vallibus
717 3120 771 3169 acri
785 3117 887 3171 Gaudet
902 3138 1009 3190 eqnn3·
1027 3119 1079 3170 hoc
1094 3133 1212 3190 reperto,
1225 3119 1264 3168 ln·

223 3201 273 3254 cile
291 3214 330 3249 est
349 3200 459 3250 Statium
475 3219 583 3262 cruere,
603 3197 775 3249 «novercales
794 3199 848 3251 ibat
867 3213 976 3250 venator
988 3202 1015 3250 in
1030 3217 1107 3270 agros
1123 3201 1265 3256 Ascanius,

223 3282 397 3348 miseramque.
407 3296 474 3348 puer
487 3278 636 3328 llammabat
648 3277 753 3328 Elisam.
765 3301 775 3323 ι
789 3281 837 3330 Vix
850 3279 925 3330 aliter
936 3279 1051 3330 scrihere
1064 3281 1165 3350 potuit,
1178 3281 1199 3330 si
1212 3296 1265 3329 rem

223 3373 342 3430 spectes;
361 3371 386 3408 et
405 3372 474 3409 amat
495 3359 590 3409 Statius
608 3359 678 3407 omni
693 3359 833 3410 occasione
847 3359 983 3428 sublegere
998 3358 1077 3410 rerba
1094 3361 1213 3428 magistri
1227 3360 1265 3409 sui

222 3441 330 3510 Virgilii.
342 3441 420 3491 Potes
434 3439 540 3510 quidem
553 3439 803 3514 retinercflaqrabat
819 3459 868 3510 pro
877 3442 996 3517 flaqrirre
1006 3439 1138 3511 faciebat,·
1153 3439 1265 3492 sednon

223 3541 291 3592 opus
307 3532 347 3570 est
360 3520 468 3590 figurata
482 3517 615 3569 locutione
628 3536 709 3586 quum
724 3521 751 3569 iu
765 3521 886 3588 proximo
902 3523 935 3570 sit
946 3517 1177 3596 svoxflnmmudet,
1193 3536 1266 3589 qun,

223 3601 329 3652 minima
341 3601 497 3664 mutatione,
510 3597 601 3648 melius
612 3601 743 3649 convenit.
752 3597 889 3651 Claudiam.
900 3601 938 3660 X,
948 3599 981 3650 de
992 3601 1073 3670 Nupt.
1085 3599 1154 3648 Hon.
1165 3611 1192 3648 et
1201 3599 1265 3648 Mar.

223 3699 246 3730 r.
264 3677 310 3741 16,
328 3676 434 3746 “Scyria
448 3679 484 3726 sic
499 3689 616 3726 tenerum
631 3677 705 3744 virgo
721 3676 870 3728 flammabat
882 3675 1048 3740 Achillem·
1064 3679 1156 3730 Seneo.
1169 3675 1265 3726 'l'road

222 3779 260 3811 vs.
277 3757 345 3820 303,
363 3757 482 3822 sllequm
498 3769 622 3824 tyranne,
638 3758 726 3824 jamne
746 3757 905 3810 flammatum
921 3763 990 3829 geris
1005 3761 1102 3808 Amore
1116 3755 1207 3808 subito
1222 3775 1266 3828 pe-

224 3840 320 3892 ςωςῖ»
335 3834 421 3884 Valer.
435 3834 520 3885 Flacc.
535 3835 610 3900 Vlll,
625 3839 690 3888 300:
710 3861 721 3883 a
732 3841 861 3910 Conjugio
877 3853 956 3910 atque
968 3841 1063 3891 iterum
1077 3855 1184 3908 sponsa·
1196 3835 1267 3887 llam-

224 3935 308 3972 matus
323 3931 442 3966 amorem
460 3911 621 3968 Flummatus
638 3931 676 3968 est
693 3919 822 3983 incensus,
840 3933 869 3968 ut
886 3920 997 3982 Nostro,
1012 3916 1096 3969 Theb.
1112 3920 1184 3980 Vlll,
1198 3915 1265 3967 606:

225 4002 383 4068 ainsurgunt
396 3998 468 4065 justo
481 3993 610 4046 llamrnata
624 3997 726 4067 pudore
739 3999 847 4066 Agmina
858 4019 864 4060 ς
877 4021 887 4044 ι
903 4001 937 4048 ita
951 3996 1107 4066 legendum
1119 3991 1266 4066 vulqoffir-
