2784 4484
400 307 726 374 nacuurronrs
750 281 988 376 aureolus.
1148 309 1213 403 xvij

185 438 238 513 fit,
253 449 291 496 ut
300 433 405 496 verbis
415 433 553 493 multum
566 433 606 492 ab
618 434 655 492 iis
667 432 815 508 discedat,
830 433 941 514 quibus
953 435 1053 516 ipsam
1064 435 1216 495 inventio-

188 557 261 596 nem
279 533 402 594 debeat.
424 532 471 591 De
484 553 547 612 qua
561 552 594 590 re
611 531 749 591 Henlrius
763 532 882 612 egregie
896 531 1019 592 monuit
1037 530 1084 591 his
1098 533 1216 608 verbis,

191 653 260 713 quae
271 651 328 690 suo
340 629 424 688 libro
437 627 614 709 adscripsit:
629 653 643 683 ιι
655 629 738 688 Unus
748 641 792 687 est
801 649 837 688 ex
845 623 1046 688 callidissimis
1055 631 1217 690 imitatori·

190 731 250 790 bus
263 728 423 809 Papinius.
444 725 575 806 Ingenio
590 745 646 787 suo
663 725 775 802 fretus,
795 725 851 786 ubi
871 726 1026 804 imitatur,
1043 747 1217 809 numquam

191 825 366 907 exemplum
386 843 478 884 suum
496 823 584 903 sequi
604 821 685 898 vult,
705 822 757 884 sed
775 823 923 905 praesilire
942 845 977 883 ac
994 825 1074 884 cirea
1093 825 1216 886 eosdem

194 935 474 984 seususcertameu
495 941 567 980 cum
588 919 643 980 illo
664 921 753 980 inire.
773 922 902 980 Homeri
921 920 1103 1002 virgiliique
1123 943 1217 1003 quam

195 1021 329 1106 plurima
342 1021 505 1103 expressit,
522 1039 640 1101 semper
653 1019 717 1080 fere
730 1019 858 1080 mudum
873 1039 1026 1101 egressus,
1041 1039 1138 1101 eoque
1152 1020 1218 1101 ipso

197 1121 341 1194 inferior,
361 1119 448 1200 quod
463 1141 480 1179 e
493 1119 615 1200 maguis
629 1120 799 1194 tumentia,
820 1140 836 1178 e
854 1118 1050 1178 mirabilibus
1069 1122 1221 1199 τιρατοἋογα

197 1235 228 1280 ct
243 1217 374 1302 puerilia
392 1215 504 1277 effecit.
525 1218 632 1296 ltaque
649 1238 706 1291 ue,
727 1236 790 1297 qua
809 1218 877 1292 via,
898 1217 1072 1299 quibusque
1091 1216 1219 1276 ducibus

194 1338 345 1391 summas,
355 1329 390 1374 ut
401 1315 546 1396 putabat,
557 1335 678 1374 veneres
691 1328 868 1395 assequutus
880 1328 958 1390 erat,
970 1327 1143 1397 appareret,
1153 1313 1220 1373 vul·
1299 1333 1303 1346 ·

194 1417 244 1498 pis
256 1417 368 1488 instar,
383 1411 469 1492 quod
483 1411 558 1472 dicit
571 1411 609 1473 de
621 1410 800 1494 Delphinis,
815 1411 924 1473 Achill.
940 1413 973 1487 l,
987 1415 1045 1474 60:
1061 1410 1163 1472 deleuit
1173 1432 1221 1493 pe·

195 1513 269 1574 dum
279 1512 399 1593 uesiiqt'a
410 1509 518 1572 eandm
531 1536 545 1567 n

222 1675 274 1736 De
290 1665 450 1734 Silvarum
466 1683 580 1736 autem
596 1665 836 1760 appellatione,
856 1665 957 1758 plura
974 1666 1168 1744 Gevartius,
1188 1663 1223 1728 in

177 1792 300 1882 Papio.
313 1789 393 1853 lect.
407 1790 429 1852 Ι
436 1803 470 1854 et
481 1787 542 1868 II;
560 1786 666 1871 uude,
684 1810 761 1880 quaa
778 1786 821 1854 ad
841 1785 1052 1877 propositum
1070 1798 1224 1850 nostrum
1258 1833 1261 1845 .

178 1907 326 1988 nciam,
341 1921 493 2000 excerpta
504 1904 561 1972 hic
572 1904 707 1973 habeas.

242 2059 258 2088 a
270 2032 476 2109 Quaerendum
489 2033 626 2109 videtur,
646 2053 708 2114 qua
720 2034 840 2092 ratione
851 2029 998 2093 Siluarum
1010 2051 1125 2090 nomen
1139 2027 1226 2088 libel-

200 2129 239 2190 lis
249 2129 333 2190 hisce
346 2131 491 2191 indiderit
502 2131 624 2190 Statius.
637 2131 685 2191 An
697 2130 809 2190 scilicet
822 2131 928 2191 omnia
940 2127 1086 2212 opuscula
1099 2126 1227 2208 conjun-

200 2229 275 2288 ctim
290 2242 429 2311 sumpta,
444 2249 485 2288 an
500 2249 572 2288 vero
589 2227 725 2310 singula,
743 2240 772 2288 et
785 2225 1032 2308 unumquodque
1046 2225 1226 2306 poemation

199 2324 314 2388 Silvam
336 2325 507 2409 appellarit.
529 2326 621 2405 Quod
638 2340 672 2385 ut
689 2328 799 2385 rectius
814 2324 1020 2406 intelligatur,
1035 2322 1226 2398 notandum,

199 2437 316 2483 emeres
329 2423 447 2506 duplici
462 2425 596 2500 ratione,
611 2444 705 2505 opera
721 2445 775 2482 sua
787 2423 882 2485 Silvas
894 2421 1071 2505 appellasse.
1086 2421 1227 2479 Primum

200 2519 329 2602 quidem
345 2543 368 2610 'a
389 2521 554 2605 multiplici
579 2525 723 2596 materia,
743 2536 773 2582 et
793 2523 939 2582 varietate
959 2522 994 2579 in
1016 2521 1052 2579 iis
1073 2531 1227 2578 contenta.

200 2619 475 2696 Quemadmodum
488 2623 573 2681 enim
586 2621 679 2702 vulgo
693 2621 842 2696 solemus,
854 2617 1010 2680 infinitam
1023 2618 1171 2680 arborum
1185 2617 1229 2675 in·

203 2717 439 2778 discriminatim
455 2720 645 2779 nascentium
664 2718 896 2778 multitudinem
915 2717 1027 2777 Silvam
1047 2714 1162 2786 dicere,
1187 2713 1230 2770 ita

202 2815 300 2873 etiam
317 2813 413 2874 libros
430 2835 499 2875 suos
516 2817 552 2874 iu
567 2815 679 2896 quibus
693 2815 778 2874 varie
799 2825 830 2882 et
847 2813 973 2874 diversae
994 2811 1129 2870 materiae
1151 2828 1230 2890 opu-

203 2911 290 2971 scula
304 2925 413 2973 temere
426 2927 571 2993 congesta
586 2926 690 2990 erant,
705 2913 801 2975 Silvas
815 2911 1023 2996 appellabant.
1044 2908 1091 2966 lta
1105 2907 1229 2985 elegan-

206 3023 251 3069 ter
263 3007 398 3085 Gellius,
414 3009 469 3071 lib.
485 3011 559 3087 XII,
575 3033 642 3095 cap.
660 3032 695 3071 ro
710 3035 717 3070 :
735 3037 749 3067 ιι
761 3012 824 3088 Qui
839 3010 975 3082 variam,
988 3005 1108 3084 iuquit,
1126 3015 1155 3062 et
1174 3004 1230 3061 rni-

204 3107 403 3184 seellaueam,
418 3123 447 3169 et
460 3111 545 3192 quasi
558 3111 719 3171 confusam
731 3109 905 3168 doctrinam
919 3103 1181 3185 conquisiverant,
1194 3122 1230 3161 co

206 3205 311 3266 titulos
321 3227 447 3288 quoque
457 3207 496 3268 ad
505 3229 573 3268 eam
583 3208 763 3276 sententiam
775 3202 1027 3287 exquisitissimos
1039 3198 1230 3259 indiderunt:

205 3323 341 3385 namque
353 3304 407 3363 alii
419 3303 570 3364 Silvarum
584 3294 824 3386 inscripserunt,
841 3299 894 3360 alii
911 3299 1080 3358 Musarum.
1094 3319 1107 3349 r
1122 3295 1161 3352 Et
1172 3289 1233 3352 hoc

206 3401 300 3462 modo
317 3402 555 3484 intelligendum
572 3401 650 3462 illud
666 3400 819 3475 Suetonii,
834 3398 888 3458 lib.
904 3395 942 3456 de
958 3394 1231 3454 clarisGramniat.

206 3499 260 3558 ubi
272 3499 309 3559 de
320 3499 445 3560 Valerio
458 3498 561 3560 Probo
574 3521 581 3557 ι
601 3524 614 3554 ιι
626 3497 761 3580 Reliquit
772 3517 836 3556 non
851 3494 1039 3555 mediocrem
1052 3487 1162 3550 Silvam
1175 3492 1246 3546 ser-‘

209 3599 307 3657 monis
319 3599 470 3678 antiquina
485 3597 525 3655 Et
537 3595 632 3654 Cicer.
645 3594 683 3654 de
695 3594 748 3653 Or.
765 3593 827 3667 lll,
841 3591 897 3650 26:
913 3614 927 3644 ιι
940 3589 1096 3661 Primum,
1112 3585 1232 3666 inquit,

211 3693 284 3754 sitm
298 3715 402 3755 rerum
418 3709 448 3754 et
461 3693 683 3754 sententiarum
697 3688 909 3772 comparanda
923 3701 975 3746 est.
989 3711 1002 3740 u
1025 3683 1065 3741 Et
1084 3683 1125 3741 sic
1140 3683 1231 3741 etiam

211 3789 347 3853 Alexand.
371 3789 609 3874 Aphrodisoeus,
629 3788 775 3850 Febrium
797 3783 984 3844 differentias
1003 3802 1038 3840 ac
1062 3773 1234 3837 multitudi-

209 3909 294 3965 nem,
312 3889 451 3950 Febriwn
465 3885 564 3949 Silvas
578 3885 760 3944 nominavit.
785 3880 943 3955 Secundo,
957 3892 1071 3938 veteres
1085 3870 1232 3958 opuscula

207 4005 272 4060 tua,
282 3981 591 4056 arudietinchoata,
601 3994 630 4041 et
638 3980 766 4040 necdum
776 3980 847 4040 satis
856 3977 1024 4058 composita
1033 3962 1235 4043 niateria,Sil-
