2844 4484
397 327 525 390 LIBRI
549 330 723 412 QUINTI
749 333 999 401 SILVARUM.
1151 342 1212 430 597

177 462 247 502 mato
257 452 369 522 pridem
384 451 524 505 Achilleid.
539 456 567 521 I,
581 457 647 525 398:
666 458 815 511 «Dulcibus
830 463 1047 515 armorumoluriis
1059 478 1084 516 et
1096 467 1216 538 supplice

176 547 268 600 regum
278 530 429 602 Conquestu
442 531 573 585 flammata
586 551 707 596 moretm·
722 537 815 591 Claud.
829 541 950 604 XXVIII,
963 542 996 593 de
1005 545 1040 594 vl
1052 545 1130 596 Cons.
1146 549 1214 599 Hon.

175 627 199 659 r.
213 609 274 679 467,
291 632 303 655 ι
313 610 471 664 flammatus
483 614 579 665 virtute
595 617 654 685 pia,
671 621 837 691 propriaeque
850 621 940 672 salatia
951 624 1102 682 Immemor3
1115 648 1125 670 n
1140 627 1217 678 Cata-

176 688 245 740 leeta
256 689 362 757 Pithoei,
377 710 438 763 pag.
451 693 484 756 3,
501 717 512 739 ι
522 695 585 764 Igne
598 695 731 750 salutifero
745 702 853 752 Veneris
868 683 934 772 pu'er
945 703 1032 754 omnia
1050 703 1192 756 flammans.
1205 731 1215 752 n

177 772 252 820 Potes
271 773 367 838 etiam,
387 773 482 824 minori
499 776 663 842 mutatione,
681 776 767 846 legere
787 783 983 854 miseramque
997 785 1080 853 patris
1094 783 1219 854 flagrabat

176 848 309 912 Elisam3»
326 852 444 904 miseram
456 855 538 925 patris
546 893 554 920 ,
568 854 709 908 Grueismo
724 872 802 923 noto,
816 860 847 910 ob
862 871 961 930 patrem
971 882 980 922 ,·
992 859 1046 927 vel,
1064 865 1218 915 amiseram-

177 946 229 998 que
240 933 322 1001 magis
336 930 464 1000 flagrabat
477 933 611 996 Elisam32
629 937 711 1008 mopis
725 938 885 990 incendebat
898 940 1008 1003 Elisam,
1024 937 1084 994 inte
1097 945 1160 996 satis
1171 947 1220 995 mi-

177 1025 271 1059 seram.
284 1009 350 1062 MIhi
365 1009 453 1064 adbuc
464 1011 552 1083 placet
564 1015 650 1088 prima
661 1019 822 1087 conjectura.

217 1161 274 1212 123.
292 1162 405 1216 Arcadas
416 1167 515 1240 quqio
527 1179 667 1220 versantem
681 1169 708 1221 in
719 1171 828 1241 pulvere
837 1185 924 1224 metor.
935 1174 1064 1245 Loquitur
1076 1176 1174 1228 Statius
1187 1175 1219 1226 de

178 1239 367 1314 Parthenopaeo
378 1245 496 1310 Arcade,
512 1249 653 1300 notissima
664 1247 871 1321 pulchritudinis
881 1253 987 1320 J'uveni;
1002 1266 1026 1305 et
1038 1253 1100 1305 huie
1113 1273 1221 1325 eompa-

178 1333 218 1372 rat
234 1322 395 1393 Crispinum,
410 1343 475 1397 equa
490 1345 518 1378 se
533 1343 696 1380 exercentem
702 1349 709 1389 ;
725 1329 947 1400 quemadmodum
963 1332 1053 1385 Troilo
1069 1337 1220 1408 etOAscanio

178 1399 318 1467 equitibus,
334 1400 414 1471 paulo
428 1417 498 1454 ante.
513 1404 682 1476 ComparaIIo
694 1409 774 1478 igitur
785 1408 901 1479 postulat
914 1408 1015 1480 aliquid
1029 1412 1063 1463 de
1075 1410 1221 1464 Partheno-

177 1495 235 1547 paeo
250 1482 395 1550 equitante,·
412 1482 485 1552 quod
500 1485 527 1534 in
544 1482 585 1536 his
596 1485 683 1537 verbis
698 1489 793 1540 frustra
809 1493 971 1560 quaesiverim
987 1493 1087 1562 qnippe
1101 1505 1175 1544 mette
1186 1491 1219 1542 ad

179 1561 323 1611 certamina
332 1579 452 1613 cunnum
464 1565 610 1634 pertinent,
622 1579 652 1618 ut
663 1569 752 1618 Horat.
764 1570 851 1621 Carm.
863 1573 888 1635 I,
900 1569 943 1621 od.
959 1588 983 1635 r,
995 1591 1017 1621 v.
1031 1571 1062 1637 4:
1078 1594 1089 1618 ι
1100 1585 1220 1642 metaque

179 1638 287 1692 fervidis
301 1643 401 1694 Eritata
414 1646 513 1706 rotis;·
528 1646 570 1696 vel
586 1646 622 1698 ad
635 1666 757 1714 cursores,
773 1662 802 1700 ut
818 1649 910 1702 Sidon.
922 1649 1040 1722 Apollin.
1053 1653 1139 1704 Carm.
1152 1654 1220 1720 XIV,

179 1718 253 1770 Praef.
266 1719 354 1793 Epith.
368 1721 475 1774 Polemii
488 1738 513 1776 et
525 1725 679 1794 Araneola,
691 1727 724 1778 de
735 1729 901 1798 Hippomene
913 1741 1043 1794 currente,
1054 1749 1092 1782 rs.
1107 1732 1153 1798 ¹4²

426 1825 516 1873 Pallens
526 1829 686 1889 Hippomenes
695 1829 724 1874 ad
734 1833 778 1877 Ima
788 1845 854 1877 meta·

425 1898 511 1944 Tardat
519 1898 640 1946 Sehoeuida
650 1915 685 1947 ter
695 1902 791 1948 radente
801 1919 877 1964 pomo.

179 1994 260 2062 Quod
271 1997 292 2047 si
305 1994 338 2046 ad
350 1998 492 2048 certamina
501 1998 628 2070 equestria
639 2000 731 2052 referri
744 2014 854 2072 possent
865 2014 939 2054 metor
950 2003 992 2072 (et
1003 2005 1070 2056 forte
1082 2008 1221 2076 possunt),

181 2087 268 2126 tamen
284 2093 381 2127 versane
394 2087 474 2128 metas
486 2077 587 2129 nullum
604 2078 687 2131 habet
704 2098 808 2133 sensum
824 2095 870 2134 aut
884 2084 1019 2134 notionem
1033 2084 1119 2135 rerbis
1133 2085 1222 2154 subje-

180 2169 262 2206 ctam:
275 2157 337 2227 quin
348 2169 373 2208 et
384 2159 404 2208 si
411 2155 522 2210 haberet
532 2157 647 2231 aliquam
657 2161 875 2232 significationem
887 2161 1005 2214 ludomm
1017 2177 1043 2214 et
1052 2165 1222 2216 certaminum

179 2234 336 2304 equestrium
348 2235 389 2305 (et
399 2235 499 2287 nullam
511 2235 589 2288 allam
601 2237 700 2290 habere
713 2240 822 2310 debet),
834 2241 897 2292 huie
909 2254 995 2292 tamen
1010 2241 1069 2293 loco
1083 2241 1167 2294 aliena
1180 2262 1221 2293 es-

181 2325 237 2375 set;
252 2314 305 2383 agit
320 2316 389 2365 enim
405 2328 485 2385 poeta
501 2316 534 2368 de
546 2316 737 2388 Parthenopaeo
750 2320 777 2369 in
791 2320 922 2372 obsidione
937 2319 1061 2371 Thebana
1076 2334 1223 2389 occupato,

183 2392 283 2463 qupio
298 2393 325 2444 t'n
335 2392 457 2464 pulvere,
470 2409 530 2447 aute
542 2414 630 2448 muros
641 2395 811 2459 Thebarum
824 2416 877 2468 quo
890 2410 1009 2469 tempore
1022 2397 1143 2449 Inanibus
1156 2397 1223 2449 ludis

181 2487 295 2528 mentem
306 2473 436 2526 oblectare
446 2474 483 2526 illi
494 2493 548 2526 non
558 2476 677 2528 vacabat.
689 2477 761 2528 Nihil
770 2479 856 2528 verius
867 2495 946 2548 quam
956 2479 1067 2531 Statium
1078 2478 1223 2546 scripsisse,

185 2575 195 2597 ι
207 2551 324 2605 Arcadas
336 2555 438 2624 Ogygio
449 2570 596 2608 versantem
608 2558 635 2607 in
648 2555 754 2626 pulvere
767 2569 903 2620 turmam
918 2568 1007 2610 turmoe
1019 2569 1081 2609 sunt
1094 2557 1223 2627 equitum,

182 2645 212 2682 ut
222 2634 309 2702 puerIs
320 2646 428 2694 notum;
443 2635 549 2694 Noster,
562 2634 623 2686 Silv.
637 2636 684 2698 III,
698 2653 728 2699 2,
742 2635 803 2701 125,
815 2639 895 2707 Prop.
908 2633 992 2688 Celer.
1008 2658 1020 2680 ι
1029 2638 1087 2687 Iam
1100 2646 1187 2718 qanren
1200 2648 1225 2684 et

182 2725 283 2763 turmas
297 2709 368 2762 taciti
381 2726 534 2782 prevertere
546 2731 610 2783 gyro
624 2715 744 2773 Fortis„
759 2712 896 2766 claudian.
909 2715 970 2765 XXI
983 2715 1015 2766 de
1027 2713 1109 2766 Laud.
1123 2712 1223 2765 salicti.

183 2791 210 2853 I,
231 2805 294 2838 102:
311 2801 431 2840 sturmus
446 2792 580 2859 equitum,
594 2789 766 2862 peditumque
783 2804 939 2854 catervam·
954 2811 985 2844 ex
1002 2794 1127 2856 Horatio,
1144 2792 1224 2861 Epist.

182 2869 222 2931 II,
242 2885 265 2934 1,
278 2887 315 2920 vs.
334 2886 398 2938 190:
416 2869 507 2919 «Dum
521 2869 627 2939 lugiunt
643 2871 761 2940 equitum
777 2882 882 2936 turmae,
897 2868 1069 2940 peditumque
1085 2881 1200 2920 catervae.
1212 2895 1222 2915 s

183 2951 236 3000 Has
249 2951 327 3022 igitur
341 2963 439 3002 tunnas
451 2947 656 3021 Parthenopaeus
670 2951 696 3001 in
710 2949 817 3021 pulvere
831 2950 945 3024 quqt'o,
963 2952 1034 3001 circo
1048 2951 1142 3000 muenia
1156 2949 1227 3000 The-

183 3028 269 3095 bana,
283 3032 410 3096 versabat,
425 3030 452 3082 id
470 3044 523 3095 est,
537 3032 683 3097 exercebat,
701 3043 783 3082 artem
799 3031 929 3082 tractandi
946 3050 1030 3102 equos
1049 3047 1074 3082 et
1091 3044 1176 3082 cetera
1194 3029 1227 3080 ad

184 3109 330 3179 equitatum
344 3110 503 3179 pertinentia
517 3108 646 3169 docebam
660 3108 737 3163 Ovid.
750 3108 857 3161 lleroid.
872 3112 916 3173 IV,
929 3111 978 3177 45:

368 3217 433 3277 Saepe
440 3217 506 3276 juvat
515 3232 607 3264 versare
615 3215 677 3262 leves
686 3217 711 3262 In
720 3216 816 3278 pulvere
826 3233 920 3273 esurus,

399 3289 557 3352 Torquentem
567 3287 639 3334 IrenIs
648 3304 687 3334 ora
698 3290 803 3351 sequacis
814 3288 883 3351 equi;

184 3388 240 3438 Art.
252 3388 338 3438 Amat.
351 3390 377 3455 I,
389 3406 413 3438 r.
430 3385 495 3457 725:
515 3389 582 3458 «qui
596 3403 702 3450 vomere
717 3403 821 3457 semper
837 3385 941 3437 adunco
955 3387 987 3436 Et
1001 3385 1123 3456 gravibus
1137 3387 1226 3436 rastris

186 3467 235 3518 snb
245 3470 310 3520 Jove
318 3481 406 3520 versat
416 3468 525 3519 humum
532 3486 540 3528 ς
548 3492 559 3514 ι
573 3467 645 3538 quod
654 3485 768 3518 exercere
778 3467 895 3519 tellurem
907 3467 985 3518 vebat
994 3466 1125 3535 VirgiIius.
1138 3465 1209 3518 Idem
1219 3503 1226 3530 ,

184 3550 242 3600 AEn.
258 3549 322 3616 XII,
336 3550 402 3616 664:
421 3564 472 3600 «tu
488 3567 593 3600 currum
612 3549 717 3600 deserto
737 3549 763 3598 in
782 3548 901 3618 gramine
920 3565 1046 3606 versassr¹
1061 3546 1089 3612 jd
1104 3561 1156 3612 est,
1175 3547 1227 3598 huc

184 3626 247 3677 illuc
257 3628 335 3678 vertis
347 3641 374 3678 et
382 3641 491 3698 torques
504 3641 529 3678 et
539 3629 614 3701 quasi
624 3645 729 3678 exerces.
741 3627 836 3678 Omnia
846 3627 900 3694 jam
913 3626 1010 3677 laellia.
1024 3625 1229 3696 Parthenopaeus

185 3727 250 3778 equo
267 3707 377 3761 insidens
394 3721 489 3761 tunnas
502 3709 637 3776 versabat,
656 3721 682 3758 et
698 3725 801 3779 pugnas
816 3707 923 3767 obibat;
941 3706 1011 3758 unde
1025 3719 1136 3758 vocatur
1149 3709 1229 3758 Areas

185 3803 273 3858 eques,
287 3786 372 3839 Theb.
387 3791 419 3855 V,
433 3787 484 3842 555
493 3811 499 3840 t
515 3787 682 3860 uentemplo,
699 3789 800 3839 monitu
815 3785 907 3855 ducis,
921 3785 1026 3839 advolat
1041 3787 1135 3839 ardens
1148 3791 1228 3837 Arcas

186 3885 275 3938 eques.
288 3892 298 3915 u
313 3869 445 3940 Scriptum
462 3872 542 3923 fuisse
556 3869 661 3922 videtur
674 3887 722 3940 pro
739 3881 847 3936 tumeas,
864 3868 946 3921 literis
961 3871 1142 3940 transpositis,
1157 3885 1228 3916 mur*

186 3959 224 3999 tas
229 3969 238 4008 ;
254 3947 325 4000 unde
338 3951 437 4000 laetum
452 3962 531 4004 metas
538 3973 547 4012 ,·
562 3949 650 4022 qualia
666 3949 748 4001 multa
761 3949 928 4001 librariorum
941 3963 1026 4000 errata
1042 3949 1069 3999 in
1084 3946 1124 3997 his
1138 3945 1228 4010 Silvis,

186 4041 211 4078 et
223 4026 280 4082 aliis
293 4029 446 4083 auctoribus
460 4033 591 4101 antiquis,
604 4027 775 4102 deprehendi.
787 4031 824 4080 Ita
839 4031 920 4095 infra,
933 4050 956 4080 v.
974 4029 1037 4094 128,
1049 4045 1098 4098 pro
1112 4027 1228 4090 Mavors,
