<?xml version="1.0" encoding="UTF-8"?>
<!DOCTYPE html PUBLIC "-//W3C//DTD XHTML 1.0 Transitional//EN"
    "http://www.w3.org/TR/xhtml1/DTD/xhtml1-transitional.dtd">
<html xmlns="http://www.w3.org/1999/xhtml" xml:lang="en" lang="en">
 <head>
  <title>
</title>
<meta http-equiv="Content-Type" content="text/html;charset=utf-8" />
  <meta name='ocr-system' content='tesseract 3.04.00' />
  <meta name='ocr-capabilities' content='ocr_page ocr_carea ocr_par ocr_line ocrx_word'/>
</head>
<body>
  <div class='ocr_page' id='page_1' title='image "./quexstantomniao03lemagoog_0717.png"; bbox 0 0 2782 4486; ppageno 0'>
   <div class='ocr_carea' id='block_1_1' title="bbox 440 324 1207 405">
    <p class='ocr_par' dir='ltr' id='par_1_1' title="bbox 440 324 1207 405">
     <span class='ocr_line' id='line_1_1' title="bbox 440 324 1207 405; baseline 0.001 -14"><span class='ocrx_word' id='word_1_1' title='bbox 440 327 581 392; x_wconf 81' lang='lat' dir='ltr'>LIBER</span> <span class='ocrx_word' id='word_1_2' title='bbox 605 327 653 405; x_wconf 86' lang='lat' dir='ltr'><strong>V,</strong></span> <span class='ocrx_word' id='word_1_3' title='bbox 677 324 872 390; x_wconf 84' lang='lat' dir='ltr'><strong>GARMEN</strong></span> <span class='ocrx_word' id='word_1_4' title='bbox 897 326 937 388; x_wconf 77' lang='lat' dir='ltr'><strong>V.</strong></span> <span class='ocrx_word' id='word_1_5' title='bbox 1143 324 1207 392; x_wconf 79' lang='lat'><strong>685</strong></span> 
     </span>
    </p>
   </div>
   <div class='ocr_carea' id='block_1_2' title="bbox 217 447 1220 2418">
    <p class='ocr_par' dir='ltr' id='par_1_2' title="bbox 217 447 908 522">
     <span class='ocr_line' id='line_1_2' title="bbox 217 447 908 522; baseline -0.007 -1"><span class='ocrx_word' id='word_1_6' title='bbox 217 454 340 522; x_wconf 89' lang='lat' dir='ltr'><strong>Obruis</strong></span> <span class='ocrx_word' id='word_1_7' title='bbox 352 449 410 518; x_wconf 85' lang='lat' dir='ltr'><strong>ahl</strong></span> <span class='ocrx_word' id='word_1_8' title='bbox 424 449 515 518; x_wconf 71' lang='lat' dir='ltr'><strong>dna:</strong></span> <span class='ocrx_word' id='word_1_9' title='bbox 529 451 601 516; x_wconf 90' lang='lat' dir='ltr'><strong>viso</strong></span> <span class='ocrx_word' id='word_1_10' title='bbox 614 450 662 516; x_wconf 91' lang='lat' dir='ltr'><strong>sic</strong></span> <span class='ocrx_word' id='word_1_11' title='bbox 673 447 811 516; x_wconf 86' lang='lat' dir='ltr'><strong>vulnere</strong></span> <span class='ocrx_word' id='word_1_12' title='bbox 822 470 908 516; x_wconf 85' lang='lat' dir='ltr'><strong>carae</strong></span> 
     </span>
    </p>

    <p class='ocr_par' dir='ltr' id='par_1_3' title="bbox 217 545 1118 656">
     <span class='ocr_line' id='line_1_3' title="bbox 217 545 1118 656; baseline -0.007 -24"><span class='ocrx_word' id='word_1_13' title='bbox 217 561 391 656; x_wconf 81' lang='lat' dir='ltr'><strong>Ccnjugis,</strong></span> <span class='ocrx_word' id='word_1_14' title='bbox 403 565 531 630; x_wconf 88' lang='lat' dir='ltr'><strong>invenit</strong></span> <span class='ocrx_word' id='word_1_15' title='bbox 541 578 675 629; x_wconf 87' lang='lat' dir='ltr'><strong>caneret</strong></span> <span class='ocrx_word' id='word_1_16' title='bbox 686 545 781 656; x_wconf 91' lang='lat' dir='ltr'><strong>quod</strong></span> <span class='ocrx_word' id='word_1_17' title='bbox 788 558 952 628; x_wconf 85' lang='lat' dir='ltr'><strong>Thracius</strong></span> <span class='ocrx_word' id='word_1_18' title='bbox 964 560 1118 653; x_wconf 84' lang='lat' dir='ltr'><strong>Orpbeus</strong></span> 
     </span>
    </p>

    <p class='ocr_par' dir='ltr' id='par_1_4' title="bbox 218 669 1211 763">
     <span class='ocr_line' id='line_1_4' title="bbox 218 669 1211 763; baseline -0.007 -21"><span class='ocrx_word' id='word_1_19' title='bbox 218 672 322 742; x_wconf 87' lang='lat' dir='ltr'><strong>Dulce</strong></span> <span class='ocrx_word' id='word_1_20' title='bbox 333 674 472 757; x_wconf 86' lang='lat' dir='ltr'><strong>sibi;sic</strong></span> <span class='ocrx_word' id='word_1_21' title='bbox 483 671 582 740; x_wconf 85' lang='lat' dir='ltr'><strong>busta</strong></span> <span class='ocrx_word' id='word_1_22' title='bbox 593 675 668 739; x_wconf 90' lang='lat' dir='ltr'><strong>Lini</strong></span> <span class='ocrx_word' id='word_1_23' title='bbox 679 669 873 763; x_wconf 89' lang='lat' dir='ltr'><strong>complexus</strong></span> <span class='ocrx_word' id='word_1_24' title='bbox 885 669 1005 763; x_wconf 84' lang='lat' dir='ltr'><strong>Apollo</strong></span> <span class='ocrx_word' id='word_1_25' title='bbox 1179 681 1211 736; x_wconf 82' lang='lat'><strong>5⁵</strong></span> 
     </span>
    </p>

    <p class='ocr_par' dir='ltr' id='par_1_5' title="bbox 219 780 1061 876">
     <span class='ocr_line' id='line_1_5' title="bbox 219 780 1061 876; baseline -0.005 -26"><span class='ocrx_word' id='word_1_26' title='bbox 219 788 293 850; x_wconf 88' lang='lat' dir='ltr'><strong>Non</strong></span> <span class='ocrx_word' id='word_1_27' title='bbox 305 785 418 852; x_wconf 77' lang='lat' dir='ltr'><strong>tacuit.</strong></span> <span class='ocrx_word' id='word_1_28' title='bbox 431 784 559 850; x_wconf 87' lang='lat' dir='ltr'><strong>Nimius</strong></span> <span class='ocrx_word' id='word_1_29' title='bbox 571 783 727 864; x_wconf 84' lang='lat' dir='ltr'><strong>fortusse,</strong></span> <span class='ocrx_word' id='word_1_30' title='bbox 740 781 926 876; x_wconf 84' lang='lat' dir='ltr'><strong>avidusque</strong></span> <span class='ocrx_word' id='word_1_31' title='bbox 938 780 1061 848; x_wconf 89' lang='lat' dir='ltr'><strong>doloris</strong></span> 
     </span>
    </p>

    <p class='ocr_par' dir='ltr' id='par_1_6' title="bbox 219 889 1215 1096">
     <span class='ocr_line' id='line_1_6' title="bbox 219 889 1097 984; baseline -0.005 -24"><span class='ocrx_word' id='word_1_32' title='bbox 219 894 329 976; x_wconf 85' lang='lat' dir='ltr'><strong>Dicar,</strong></span> <span class='ocrx_word' id='word_1_33' title='bbox 341 909 375 960; x_wconf 89' lang='lat' dir='ltr'><strong>et</strong></span> <span class='ocrx_word' id='word_1_34' title='bbox 385 895 422 960; x_wconf 91' lang='lat' dir='ltr'><strong>in</strong></span> <span class='ocrx_word' id='word_1_35' title='bbox 433 891 577 960; x_wconf 84' lang='lat' dir='ltr'><strong>lacrimis</strong></span> <span class='ocrx_word' id='word_1_36' title='bbox 585 889 717 984; x_wconf 91' lang='lat' dir='ltr'><strong>justum</strong></span> <span class='ocrx_word' id='word_1_37' title='bbox 729 894 910 960; x_wconf 83' lang='lat' dir='ltr'><strong>excessisse</strong></span> <span class='ocrx_word' id='word_1_38' title='bbox 920 889 1097 983; x_wconf 72' lang='lat' dir='ltr'><strong>pudorem.</strong></span> 
     </span>
     <span class='ocr_line' id='line_1_7' title="bbox 238 995 1215 1096; baseline -0.006 -26"><span class='ocrx_word' id='word_1_39' title='bbox 238 1005 401 1088; x_wconf 85' lang='lat' dir='ltr'><strong>Quisnam</strong></span> <span class='ocrx_word' id='word_1_40' title='bbox 409 1018 521 1072; x_wconf 88' lang='lat' dir='ltr'><strong>autern</strong></span> <span class='ocrx_word' id='word_1_41' title='bbox 530 1005 683 1094; x_wconf 75' lang='lat' dir='ltr'><strong>gemitus,</strong></span> <span class='ocrx_word' id='word_1_42' title='bbox 693 995 1215 1096; x_wconf 75' lang='lat' dir='ltr'><strong>lamentaquenostrareprendir?</strong></span> 
     </span>
    </p>

    <p class='ocr_par' dir='ltr' id='par_1_7' title="bbox 221 1112 1150 1206">
     <span class='ocr_line' id='line_1_8' title="bbox 221 1112 1150 1206; baseline 0 -26"><span class='ocrx_word' id='word_1_43' title='bbox 221 1116 251 1180; x_wconf 91' lang='grc' dir='ltr'><strong>Ο</strong></span> <span class='ocrx_word' id='word_1_44' title='bbox 263 1115 406 1180; x_wconf 91' lang='lat' dir='ltr'><strong>nimium</strong></span> <span class='ocrx_word' id='word_1_45' title='bbox 419 1112 514 1196; x_wconf 85' lang='lat' dir='ltr'><strong>felix,</strong></span> <span class='ocrx_word' id='word_1_46' title='bbox 527 1115 668 1181; x_wconf 91' lang='lat' dir='ltr'><strong>nimium</strong></span> <span class='ocrx_word' id='word_1_47' title='bbox 682 1112 841 1196; x_wconf 83' lang='lat' dir='ltr'><strong>crudelis,</strong></span> <span class='ocrx_word' id='word_1_48' title='bbox 852 1129 886 1182; x_wconf 92' lang='lat' dir='ltr'><strong>et</strong></span> <span class='ocrx_word' id='word_1_49' title='bbox 897 1137 1015 1206; x_wconf 84' lang='lat' dir='ltr'><strong>expers</strong></span> <span class='ocrx_word' id='word_1_50' title='bbox 1147 1122 1150 1131; x_wconf 89' lang='lat'>&#39;</span> 
     </span>
    </p>

    <p class='ocr_par' dir='ltr' id='par_1_8' title="bbox 220 1223 1215 1320">
     <span class='ocr_line' id='line_1_9' title="bbox 220 1223 1215 1320; baseline 0.005 -32"><span class='ocrx_word' id='word_1_51' title='bbox 220 1225 693 1320; x_wconf 71' lang='lat' dir='ltr'><strong>Imperii,For‘tuna,tui,qui</strong></span> <span class='ocrx_word' id='word_1_52' title='bbox 705 1224 816 1292; x_wconf 87' lang='lat' dir='ltr'><strong>dicere</strong></span> <span class='ocrx_word' id='word_1_53' title='bbox 827 1223 940 1316; x_wconf 73' lang='lat' dir='ltr'><strong>legem</strong></span> <span class='ocrx_word' id='word_1_54' title='bbox 1180 1233 1215 1286; x_wconf 83' lang='lat'><strong>60</strong></span> 
     </span>
    </p>

    <p class='ocr_par' dir='ltr' id='par_1_9' title="bbox 220 1330 972 1414">
     <span class='ocr_line' id='line_1_10' title="bbox 220 1330 972 1414; baseline 0.001 -16"><span class='ocrx_word' id='word_1_55' title='bbox 220 1330 385 1414; x_wconf 82' lang='lat' dir='ltr'><strong>Fletibus,</strong></span> <span class='ocrx_word' id='word_1_56' title='bbox 397 1350 458 1401; x_wconf 86' lang='lat' dir='ltr'><strong>aut</strong></span> <span class='ocrx_word' id='word_1_57' title='bbox 467 1333 551 1401; x_wconf 86' lang='lat' dir='ltr'><strong>fines</strong></span> <span class='ocrx_word' id='word_1_58' title='bbox 563 1333 665 1402; x_wconf 86' lang='lat' dir='ltr'><strong>audet</strong></span> <span class='ocrx_word' id='word_1_59' title='bbox 675 1357 811 1402; x_wconf 89' lang='lat' dir='ltr'><strong>censere</strong></span> <span class='ocrx_word' id='word_1_60' title='bbox 823 1332 972 1402; x_wconf 89' lang='lat' dir='ltr'><strong>dolendi!</strong></span> 
     </span>
    </p>

    <p class='ocr_par' dir='ltr' id='par_1_10' title="bbox 220 1443 1032 1538">
     <span class='ocr_line' id='line_1_11' title="bbox 220 1443 1032 1538; baseline 0.001 -28"><span class='ocrx_word' id='word_1_61' title='bbox 220 1447 353 1525; x_wconf 77' lang='lat' dir='ltr'><strong>Incitat,</strong></span> <span class='ocrx_word' id='word_1_62' title='bbox 364 1447 447 1513; x_wconf 87' lang='lat' dir='ltr'><strong>beu!</strong></span> <span class='ocrx_word' id='word_1_63' title='bbox 459 1443 615 1536; x_wconf 87' lang='lat' dir='ltr'><strong>plauctus</strong></span> <span class='ocrx_word' id='word_1_64' title='bbox 627 1473 635 1512; x_wconf 73' lang='grc' dir='ltr'>ε</span> <span class='ocrx_word' id='word_1_65' title='bbox 647 1450 760 1538; x_wconf 78' lang='lat' dir='ltr'><strong>potius</strong></span> <span class='ocrx_word' id='word_1_66' title='bbox 771 1447 933 1537; x_wconf 77' lang='lat' dir='ltr'><strong>fugientia</strong></span> <span class='ocrx_word' id='word_1_67' title='bbox 943 1447 1032 1536; x_wconf 79' lang='lat' dir='ltr'><strong>ripas</strong></span> 
     </span>
    </p>

    <p class='ocr_par' dir='ltr' id='par_1_11' title="bbox 218 1553 1048 1648">
     <span class='ocr_line' id='line_1_12' title="bbox 218 1553 1048 1648; baseline 0 -28"><span class='ocrx_word' id='word_1_68' title='bbox 218 1553 375 1622; x_wconf 85' lang='lat' dir='ltr'><strong>Flumina</strong></span> <span class='ocrx_word' id='word_1_69' title='bbox 385 1555 559 1639; x_wconf 89' lang='lat' dir='ltr'><strong>devincas,</strong></span> <span class='ocrx_word' id='word_1_70' title='bbox 571 1554 697 1648; x_wconf 85' lang='lat' dir='ltr'><strong>rapidis</strong></span> <span class='ocrx_word' id='word_1_71' title='bbox 708 1572 767 1624; x_wconf 83' lang='lat' dir='ltr'><strong>aut</strong></span> <span class='ocrx_word' id='word_1_72' title='bbox 778 1556 911 1648; x_wconf 72' lang='lat' dir='ltr'><strong>ignibus</strong></span> <span class='ocrx_word' id='word_1_73' title='bbox 923 1553 1048 1636; x_wconf 87' lang='lat' dir='ltr'><strong>obstes,</strong></span> 
     </span>
    </p>

    <p class='ocr_par' dir='ltr' id='par_1_12' title="bbox 217 1667 1088 1760">
     <span class='ocr_line' id='line_1_13' title="bbox 217 1667 1088 1760; baseline -0.001 -27"><span class='ocrx_word' id='word_1_74' title='bbox 217 1669 327 1752; x_wconf 87' lang='lat' dir='ltr'><strong>Quam</strong></span> <span class='ocrx_word' id='word_1_75' title='bbox 338 1669 479 1735; x_wconf 87' lang='lat' dir='ltr'><strong>miseros</strong></span> <span class='ocrx_word' id='word_1_76' title='bbox 490 1667 605 1760; x_wconf 74' lang='lat' dir='ltr'><strong>lugere</strong></span> <span class='ocrx_word' id='word_1_77' title='bbox 617 1684 708 1736; x_wconf 87' lang='lat' dir='ltr'><strong>vetes</strong></span> <span class='ocrx_word' id='word_1_78' title='bbox 721 1695 729 1736; x_wconf 79' lang='grc' dir='ltr'>ι</span> <span class='ocrx_word' id='word_1_79' title='bbox 742 1685 856 1736; x_wconf 85' lang='lat' dir='ltr'><strong>tamen</strong></span> <span class='ocrx_word' id='word_1_80' title='bbox 867 1669 923 1738; x_wconf 90' lang='lat' dir='ltr'><strong>ille</strong></span> <span class='ocrx_word' id='word_1_81' title='bbox 936 1689 1088 1747; x_wconf 89' lang='lat' dir='ltr'><strong>severus,</strong></span> 
     </span>
    </p>

    <p class='ocr_par' dir='ltr' id='par_1_13' title="bbox 218 1778 1216 1985">
     <span class='ocr_line' id='line_1_14' title="bbox 218 1778 1216 1878; baseline -0.005 -34"><span class='ocrx_word' id='word_1_82' title='bbox 218 1779 377 1870; x_wconf 89' lang='lat' dir='ltr'><strong>Quisquis</strong></span> <span class='ocrx_word' id='word_1_83' title='bbox 389 1779 417 1844; x_wconf 87' lang='lat' dir='ltr'><strong>is</strong></span> <span class='ocrx_word' id='word_1_84' title='bbox 429 1794 494 1861; x_wconf 88' lang='lat' dir='ltr'><strong>est,</strong></span> <span class='ocrx_word' id='word_1_85' title='bbox 506 1795 631 1878; x_wconf 71' lang='lat' dir='ltr'><strong>nostrae</strong></span> <span class='ocrx_word' id='word_1_86' title='bbox 640 1797 820 1872; x_wconf 77' lang='lat' dir='ltr'><strong>cognoscat</strong></span> <span class='ocrx_word' id='word_1_87' title='bbox 830 1778 970 1847; x_wconf 84' lang='lat' dir='ltr'><strong>vulnera</strong></span> <span class='ocrx_word' id='word_1_88' title='bbox 982 1799 1102 1845; x_wconf 86' lang='lat' dir='ltr'><strong>causae.</strong></span> <span class='ocrx_word' id='word_1_89' title='bbox 1183 1787 1216 1839; x_wconf 79' lang='lat'><strong>65</strong></span> 
     </span>
     <span class='ocr_line' id='line_1_15' title="bbox 265 1890 1048 1985; baseline 0.003 -33"><span class='ocrx_word' id='word_1_90' title='bbox 265 1891 340 1954; x_wconf 86' lang='lat' dir='ltr'><strong>Non</strong></span> <span class='ocrx_word' id='word_1_91' title='bbox 352 1909 415 1979; x_wconf 76' lang='lat' dir='ltr'><strong>ego</strong></span> <span class='ocrx_word' id='word_1_92' title='bbox 426 1905 592 1958; x_wconf 86' lang='lat' dir='ltr'><strong>mercatus</strong></span> <span class='ocrx_word' id='word_1_93' title='bbox 605 1890 725 1958; x_wconf 84' lang='lat' dir='ltr'><strong>Pharia</strong></span> <span class='ocrx_word' id='word_1_94' title='bbox 737 1891 778 1959; x_wconf 92' lang='lat' dir='ltr'><strong>de</strong></span> <span class='ocrx_word' id='word_1_95' title='bbox 789 1891 880 1984; x_wconf 88' lang='lat' dir='ltr'><strong>pube</strong></span> <span class='ocrx_word' id='word_1_96' title='bbox 891 1890 1048 1985; x_wconf 84' lang='lat' dir='ltr'><strong>loquaces</strong></span> 
     </span>
    </p>

    <p class='ocr_par' dir='ltr' id='par_1_14' title="bbox 220 1993 873 2079">
     <span class='ocr_line' id='line_1_16' title="bbox 220 1993 873 2079; baseline 0.012 -18"><span class='ocrx_word' id='word_1_97' title='bbox 220 1993 377 2079; x_wconf 85' lang='lat' dir='ltr'><strong>Delicias,</strong></span> <span class='ocrx_word' id='word_1_98' title='bbox 390 1999 569 2068; x_wconf 89' lang='lat' dir='ltr'><strong>doctumve</strong></span> <span class='ocrx_word' id='word_1_99' title='bbox 582 2005 635 2069; x_wconf 90' lang='lat' dir='ltr'><strong>sui</strong></span> <span class='ocrx_word' id='word_1_100' title='bbox 646 2003 796 2069; x_wconf 81' lang='lat' dir='ltr'><strong>convicia</strong></span> <span class='ocrx_word' id='word_1_101' title='bbox 807 2001 873 2069; x_wconf 87' lang='lat' dir='ltr'><strong>Nili</strong></span> 
     </span>
    </p>

    <p class='ocr_par' dir='ltr' id='par_1_15' title="bbox 219 2104 1116 2206">
     <span class='ocr_line' id='line_1_17' title="bbox 219 2104 1116 2206; baseline 0.007 -36"><span class='ocrx_word' id='word_1_102' title='bbox 219 2104 404 2188; x_wconf 80' lang='lat' dir='ltr'><strong>Infantem,</strong></span> <span class='ocrx_word' id='word_1_103' title='bbox 417 2107 532 2199; x_wconf 78' lang='lat' dir='ltr'><strong>lingna</strong></span> <span class='ocrx_word' id='word_1_104' title='bbox 543 2111 702 2193; x_wconf 91' lang='lat' dir='ltr'><strong>nimium,</strong></span> <span class='ocrx_word' id='word_1_105' title='bbox 716 2110 909 2206; x_wconf 87' lang='lat' dir='ltr'><strong>salibusque</strong></span> <span class='ocrx_word' id='word_1_106' title='bbox 921 2125 1116 2203; x_wconf 87' lang='lat' dir='ltr'><strong>protervum</strong></span> 
     </span>
    </p>

    <p class='ocr_par' dir='ltr' id='par_1_16' title="bbox 220 2212 985 2299">
     <span class='ocr_line' id='line_1_18' title="bbox 220 2212 985 2299; baseline 0.008 -20"><span class='ocrx_word' id='word_1_107' title='bbox 220 2212 326 2281; x_wconf 90' lang='lat' dir='ltr'><strong>Dilexi</strong></span> <span class='ocrx_word' id='word_1_108' title='bbox 338 2240 345 2280; x_wconf 92' lang='lat'>:</span> <span class='ocrx_word' id='word_1_109' title='bbox 357 2239 454 2284; x_wconf 91' lang='lat' dir='ltr'><strong>meus</strong></span> <span class='ocrx_word' id='word_1_110' title='bbox 466 2214 537 2299; x_wconf 89' lang='lat' dir='ltr'><strong>ille,</strong></span> <span class='ocrx_word' id='word_1_111' title='bbox 548 2241 664 2286; x_wconf 89' lang='lat' dir='ltr'><strong>meus:</strong></span> <span class='ocrx_word' id='word_1_112' title='bbox 679 2219 798 2286; x_wconf 88' lang='lat' dir='ltr'><strong>tellure</strong></span> <span class='ocrx_word' id='word_1_113' title='bbox 810 2221 985 2288; x_wconf 85' lang='lat' dir='ltr'><strong>cadentem</strong></span> 
     </span>
    </p>

    <p class='ocr_par' dir='ltr' id='par_1_17' title="bbox 220 2325 1220 2418">
     <span class='ocr_line' id='line_1_19' title="bbox 220 2325 1220 2418; baseline 0.004 -30"><span class='ocrx_word' id='word_1_114' title='bbox 220 2325 406 2416; x_wconf 85' lang='lat' dir='ltr'><strong>Excepi,et</strong></span> <span class='ocrx_word' id='word_1_115' title='bbox 416 2327 566 2394; x_wconf 81' lang='lat' dir='ltr'><strong>vinctum</strong></span> <span class='ocrx_word' id='word_1_116' title='bbox 579 2325 714 2418; x_wconf 78' lang='lat' dir='ltr'><strong>genitali</strong></span> <span class='ocrx_word' id='word_1_117' title='bbox 726 2333 873 2397; x_wconf 87' lang='lat' dir='ltr'><strong>carmine</strong></span> <span class='ocrx_word' id='word_1_118' title='bbox 884 2328 968 2409; x_wconf 75' lang='lat' dir='ltr'><strong>fovi3</strong></span> <span class='ocrx_word' id='word_1_119' title='bbox 1186 2355 1220 2408; x_wconf 88' lang='lat'><strong>⁷⁰</strong></span> 
     </span>
    </p>
   </div>
   <div class='ocr_carea' id='block_1_3' title="bbox 136 2507 1223 4078">
    <p class='ocr_par' dir='ltr' id='par_1_18' title="bbox 136 2507 1223 3525">
     <span class='ocr_line' id='line_1_20' title="bbox 210 2507 1218 2584; baseline 0 -23"><span class='ocrx_word' id='word_1_120' title='bbox 210 2507 252 2561; x_wconf 78' lang='lat'><strong>66.</strong></span> <span class='ocrx_word' id='word_1_121' title='bbox 272 2510 377 2564; x_wconf 81' lang='lat' dir='ltr'><strong>Nimius</strong></span> <span class='ocrx_word' id='word_1_122' title='bbox 389 2513 516 2582; x_wconf 67' lang='lat' dir='ltr'><strong>some,</strong></span> <span class='ocrx_word' id='word_1_123' title='bbox 535 2514 675 2584; x_wconf 77' lang='lat' dir='ltr'><strong>avidusque</strong></span> <span class='ocrx_word' id='word_1_124' title='bbox 755 2513 798 2579; x_wconf 70' lang='lat'><strong>64.</strong></span> <span class='ocrx_word' id='word_1_125' title='bbox 819 2516 867 2565; x_wconf 83' lang='lat' dir='ltr'><strong>Pro</strong></span> <span class='ocrx_word' id='word_1_126' title='bbox 881 2523 961 2577; x_wconf 74' lang='lat' dir='ltr'><strong>uetes,</strong></span> <span class='ocrx_word' id='word_1_127' title='bbox 976 2511 1017 2562; x_wconf 85' lang='lat' dir='ltr'><strong>ed.</strong></span> <span class='ocrx_word' id='word_1_128' title='bbox 1032 2529 1073 2581; x_wconf 87' lang='lat' dir='ltr'><strong>pr.</strong></span> <span class='ocrx_word' id='word_1_129' title='bbox 1089 2509 1165 2560; x_wconf 79' lang='lat' dir='ltr'><strong>voles.</strong></span> <span class='ocrx_word' id='word_1_130' title='bbox 1186 2509 1218 2559; x_wconf 83' lang='grc' dir='ltr'><strong>Δ.</strong></span> 
     </span>
     <span class='ocr_line' id='line_1_21' title="bbox 175 2582 1220 2660; baseline 0.012 -25"><span class='ocrx_word' id='word_1_131' title='bbox 175 2582 269 2637; x_wconf 79' lang='lat' dir='ltr'><strong>doloris</strong></span> <span class='ocrx_word' id='word_1_132' title='bbox 282 2587 369 2638; x_wconf 82' lang='lat' dir='ltr'><strong>Dicor.</strong></span> <span class='ocrx_word' id='word_1_133' title='bbox 385 2588 478 2641; x_wconf 75' lang='lat' dir='ltr'><strong>surim</strong></span> <span class='ocrx_word' id='word_1_134' title='bbox 493 2607 611 2660; x_wconf 85' lang='lat' dir='ltr'><strong>repone,</strong></span> <span class='ocrx_word' id='word_1_135' title='bbox 624 2591 675 2640; x_wconf 87' lang='lat' dir='ltr'><strong>Di-</strong></span> <span class='ocrx_word' id='word_1_136' title='bbox 755 2589 798 2641; x_wconf 87' lang='lat'><strong>66.</strong></span> <span class='ocrx_word' id='word_1_137' title='bbox 816 2589 894 2641; x_wconf 77' lang='lat' dir='ltr'><strong>Pube.</strong></span> <span class='ocrx_word' id='word_1_138' title='bbox 913 2588 1000 2660; x_wconf 74' lang='lat' dir='ltr'><strong>Vulgo</strong></span> <span class='ocrx_word' id='word_1_139' title='bbox 1017 2603 1122 2659; x_wconf 65' lang='lat' dir='ltr'><strong>puppes·</strong></span> <span class='ocrx_word' id='word_1_140' title='bbox 1141 2587 1220 2637; x_wconf 64' lang='lat' dir='ltr'><strong>etim</strong></span> 
     </span>
     <span class='ocr_line' id='line_1_22' title="bbox 174 2659 1221 2738; baseline 0.004 -28"><span class='ocrx_word' id='word_1_141' title='bbox 174 2678 228 2724; x_wconf 82' lang='lat' dir='ltr'><strong>cur,</strong></span> <span class='ocrx_word' id='word_1_142' title='bbox 240 2659 331 2727; x_wconf 85' lang='lat' dir='ltr'><strong>idest,</strong></span> <span class='ocrx_word' id='word_1_143' title='bbox 341 2662 504 2733; x_wconf 78' lang='lat' dir='ltr'><strong>dicipossim.</strong></span> <span class='ocrx_word' id='word_1_144' title='bbox 516 2667 573 2716; x_wconf 87' lang='lat' dir='ltr'><strong>Iloc</strong></span> <span class='ocrx_word' id='word_1_145' title='bbox 583 2682 675 2718; x_wconf 80' lang='lat' dir='ltr'><strong>sensus</strong></span> <span class='ocrx_word' id='word_1_146' title='bbox 721 2665 792 2738; x_wconf 84' lang='lat' dir='ltr'><strong>apud</strong></span> <span class='ocrx_word' id='word_1_147' title='bbox 804 2665 867 2718; x_wconf 85' lang='lat' dir='ltr'><strong>edit.</strong></span> <span class='ocrx_word' id='word_1_148' title='bbox 881 2683 920 2736; x_wconf 82' lang='lat' dir='ltr'><strong>pr.</strong></span> <span class='ocrx_word' id='word_1_149' title='bbox 937 2682 1007 2736; x_wconf 80' lang='lat' dir='ltr'><strong>qnae,</strong></span> <span class='ocrx_word' id='word_1_150' title='bbox 1022 2682 1076 2735; x_wconf 86' lang='lat' dir='ltr'><strong>seq.</strong></span> <span class='ocrx_word' id='word_1_151' title='bbox 1090 2681 1155 2714; x_wconf 85' lang='lat' dir='ltr'><strong>vers.</strong></span> <span class='ocrx_word' id='word_1_152' title='bbox 1170 2679 1221 2732; x_wconf 86' lang='lat' dir='ltr'><strong>pru</strong></span> 
     </span>
     <span class='ocr_line' id='line_1_23' title="bbox 174 2735 1221 2808; baseline 0.003 -17"><span class='ocrx_word' id='word_1_153' title='bbox 174 2735 604 2808; x_wconf 70' lang='lat' dir='ltr'><strong>poumlat.0=id.un.lmt.n1,</strong></span> <span class='ocrx_word' id='word_1_154' title='bbox 617 2742 675 2808; x_wconf 80' lang='lat'><strong>115,</strong></span> <span class='ocrx_word' id='word_1_155' title='bbox 719 2741 846 2808; x_wconf 80' lang='lat' dir='ltr'><strong>Delicias,</strong></span> <span class='ocrx_word' id='word_1_156' title='bbox 858 2744 1006 2808; x_wconf 77' lang='lat' dir='ltr'><strong>doctumve,</strong></span> <span class='ocrx_word' id='word_1_157' title='bbox 1020 2739 1101 2793; x_wconf 82' lang='lat' dir='ltr'><strong>babet</strong></span> <span class='ocrx_word' id='word_1_158' title='bbox 1112 2739 1221 2794; x_wconf 70' lang='lat' dir='ltr'><strong>urinas</strong></span> 
     </span>
     <span class='ocr_line' id='line_1_24' title="bbox 178 2813 1097 2894; baseline 0.005 -29"><span class='ocrx_word' id='word_1_159' title='bbox 178 2813 327 2887; x_wconf 77' lang='lat' dir='ltr'><strong>«Adspice,</strong></span> <span class='ocrx_word' id='word_1_160' title='bbox 342 2835 399 2890; x_wconf 75' lang='lat' dir='ltr'><strong>qun</strong></span> <span class='ocrx_word' id='word_1_161' title='bbox 410 2836 481 2870; x_wconf 87' lang='lat' dir='ltr'><strong>nunc</strong></span> <span class='ocrx_word' id='word_1_162' title='bbox 493 2832 555 2872; x_wconf 83' lang='lat' dir='ltr'><strong>sunt</strong></span> <span class='ocrx_word' id='word_1_163' title='bbox 565 2820 675 2891; x_wconf 81' lang='lat' dir='ltr'><strong>Capito·</strong></span> <span class='ocrx_word' id='word_1_164' title='bbox 720 2820 884 2894; x_wconf 80' lang='lat' dir='ltr'><strong>doctumque.</strong></span> <span class='ocrx_word' id='word_1_165' title='bbox 897 2821 974 2874; x_wconf 82' lang='lat' dir='ltr'><strong>Ccnf.</strong></span> <span class='ocrx_word' id='word_1_166' title='bbox 989 2831 1046 2871; x_wconf 84' lang='lat' dir='ltr'><strong>not.</strong></span> <span class='ocrx_word' id='word_1_167' title='bbox 1065 2821 1097 2870; x_wconf 76' lang='lat' dir='ltr'><strong>A.</strong></span> 
     </span>
     <span class='ocr_line' id='line_1_25' title="bbox 176 2894 1222 2972; baseline -0.012 -11"><span class='ocrx_word' id='word_1_168' title='bbox 176 2894 223 2960; x_wconf 61' lang='lat'><strong>5⁸2</strong></span> <span class='ocrx_word' id='word_1_169' title='bbox 233 2896 471 2966; x_wconf 61' lang='lat' dir='ltr'><strong>quoequefflefflntr</strong></span> <span class='ocrx_word' id='word_1_170' title='bbox 481 2895 596 2949; x_wconf 74' lang='lat' dir='ltr'><strong>Alterius</strong></span> <span class='ocrx_word' id='word_1_171' title='bbox 603 2895 675 2950; x_wconf 79' lang='lat' dir='ltr'><strong>dicae</strong></span> <span class='ocrx_word' id='word_1_172' title='bbox 755 2900 800 2952; x_wconf 87' lang='grc'><strong>68.</strong></span> <span class='ocrx_word' id='word_1_173' title='bbox 819 2899 1033 2972; x_wconf 74' lang='lat' dir='ltr'><strong>Pro=1nfantem,</strong></span> <span class='ocrx_word' id='word_1_174' title='bbox 1047 2898 1132 2950; x_wconf 75' lang='lat' dir='ltr'><strong>Parin.</strong></span> <span class='ocrx_word' id='word_1_175' title='bbox 1146 2915 1222 2949; x_wconf 84' lang='lat' dir='ltr'><strong>mon-</strong></span> 
     </span>
     <span class='ocr_line' id='line_1_26' title="bbox 175 2971 1223 3051; baseline 0.006 -28"><span class='ocrx_word' id='word_1_176' title='bbox 175 2971 220 3024; x_wconf 74' lang='lat' dir='ltr'><strong>illu</strong></span> <span class='ocrx_word' id='word_1_177' title='bbox 241 2974 321 3027; x_wconf 78' lang='lat' dir='ltr'><strong>fuisse</strong></span> <span class='ocrx_word' id='word_1_178' title='bbox 339 2977 450 3037; x_wconf 56' lang='lat' dir='ltr'><strong>Jove„</strong></span> <span class='ocrx_word' id='word_1_179' title='bbox 471 2975 498 3028; x_wconf 90' lang='lat' dir='ltr'><strong>id</strong></span> <span class='ocrx_word' id='word_1_180' title='bbox 521 2991 573 3043; x_wconf 84' lang='lat' dir='ltr'><strong>est,</strong></span> <span class='ocrx_word' id='word_1_181' title='bbox 594 2978 676 3030; x_wconf 82' lang='lat' dir='ltr'><strong>dicere</strong></span> <span class='ocrx_word' id='word_1_182' title='bbox 721 2977 1067 3051; x_wconf 75' lang='lat' dir='ltr'><strong>snosc,1nfcrtcte.-E‹l.</strong></span> <span class='ocrx_word' id='word_1_183' title='bbox 1078 2996 1118 3049; x_wconf 88' lang='lat' dir='ltr'><strong>pr.</strong></span> <span class='ocrx_word' id='word_1_184' title='bbox 1129 2977 1223 3046; x_wconf 82' lang='lat' dir='ltr'><strong>Infan-</strong></span> 
     </span>
     <span class='ocr_line' id='line_1_27' title="bbox 136 3053 1221 3129; baseline 0.002 -25"><span class='ocrx_word' id='word_1_185' title='bbox 136 3065 139 3071; x_wconf 86' lang='lat'>&#39;</span> <span class='ocrx_word' id='word_1_186' title='bbox 174 3053 261 3122; x_wconf 76' lang='lat' dir='ltr'><strong>possis.</strong></span> <span class='ocrx_word' id='word_1_187' title='bbox 276 3054 316 3106; x_wconf 77' lang='lat' dir='ltr'><strong>sie</strong></span> <span class='ocrx_word' id='word_1_188' title='bbox 329 3053 388 3107; x_wconf 83' lang='lat' dir='ltr'><strong>Kal.</strong></span> <span class='ocrx_word' id='word_1_189' title='bbox 402 3055 466 3108; x_wconf 87' lang='lat' dir='ltr'><strong>Dec.</strong></span> <span class='ocrx_word' id='word_1_190' title='bbox 479 3075 515 3109; x_wconf 83' lang='lat' dir='ltr'><strong>ve.</strong></span> <span class='ocrx_word' id='word_1_191' title='bbox 533 3054 583 3123; x_wconf 83' lang='lat'><strong>5⁵,</strong></span> <span class='ocrx_word' id='word_1_192' title='bbox 595 3069 677 3128; x_wconf 84' lang='lat' dir='ltr'><strong>prout</strong></span> <span class='ocrx_word' id='word_1_193' title='bbox 721 3071 781 3110; x_wconf 80' lang='lat' dir='ltr'><strong>rem.</strong></span> <span class='ocrx_word' id='word_1_194' title='bbox 793 3057 870 3124; x_wconf 86' lang='lat' dir='ltr'><strong>Mox,</strong></span> <span class='ocrx_word' id='word_1_195' title='bbox 880 3058 973 3129; x_wconf 73' lang='lat' dir='ltr'><strong>vulgo,</strong></span> <span class='ocrx_word' id='word_1_196' title='bbox 987 3054 1128 3129; x_wconf 72' lang='lat' dir='ltr'><strong>linquaque</strong></span> <span class='ocrx_word' id='word_1_197' title='bbox 1135 3055 1221 3109; x_wconf 80' lang='lat' dir='ltr'><strong>simul.</strong></span> 
     </span>
     <span class='ocr_line' id='line_1_28' title="bbox 176 3131 1221 3211; baseline 0.004 -27"><span class='ocrx_word' id='word_1_198' title='bbox 176 3131 331 3203; x_wconf 67' lang='lat' dir='ltr'><strong>legendnm,</strong></span> <span class='ocrx_word' id='word_1_199' title='bbox 346 3135 464 3188; x_wconf 64' lang='lat' dir='ltr'><strong>:Credas</strong></span> <span class='ocrx_word' id='word_1_200' title='bbox 476 3135 510 3188; x_wconf 85' lang='lat' dir='ltr'><strong>ad</strong></span> <span class='ocrx_word' id='word_1_201' title='bbox 520 3136 631 3190; x_wconf 82' lang='lat' dir='ltr'><strong>Tanaim</strong></span> <span class='ocrx_word' id='word_1_202' title='bbox 642 3139 677 3189; x_wconf 82' lang='lat' dir='ltr'><strong>le·</strong></span> <span class='ocrx_word' id='word_1_203' title='bbox 721 3135 790 3190; x_wconf 80' lang='lat' dir='ltr'><strong>Edit.</strong></span> <span class='ocrx_word' id='word_1_204' title='bbox 811 3139 896 3208; x_wconf 86' lang='lat' dir='ltr'><strong>princ.</strong></span> <span class='ocrx_word' id='word_1_205' title='bbox 914 3137 1007 3211; x_wconf 75' lang='lat' dir='ltr'><strong>linqua</strong></span> <span class='ocrx_word' id='word_1_206' title='bbox 1025 3137 1137 3190; x_wconf 84' lang='lat' dir='ltr'><strong>simium.</strong></span> <span class='ocrx_word' id='word_1_207' title='bbox 1154 3133 1221 3188; x_wconf 80' lang='lat' dir='ltr'><strong>Vide</strong></span> 
     </span>
     <span class='ocr_line' id='line_1_29' title="bbox 177 3211 1167 3280; baseline 0.013 -20"><span class='ocrx_word' id='word_1_208' title='bbox 177 3227 266 3262; x_wconf 83' lang='lat' dir='ltr'><strong>rumve</strong></span> <span class='ocrx_word' id='word_1_209' title='bbox 287 3211 399 3280; x_wconf 81' lang='lat' dir='ltr'><strong>Phasin,</strong></span> <span class='ocrx_word' id='word_1_210' title='bbox 421 3213 677 3270; x_wconf 75' lang='lat' dir='ltr'><strong>Thermodontiaeas</strong></span> <span class='ocrx_word' id='word_1_211' title='bbox 721 3231 777 3270; x_wconf 86' lang='lat' dir='ltr'><strong>not.</strong></span> <span class='ocrx_word' id='word_1_212' title='bbox 797 3216 829 3268; x_wconf 75' lang='lat' dir='ltr'><strong>A.</strong></span> <span class='ocrx_word' id='word_1_213' title='bbox 1164 3219 1167 3227; x_wconf 80' lang='grc'><strong><em>’</em></strong></span> 
     </span>
     <span class='ocr_line' id='line_1_30' title="bbox 177 3290 1220 3369; baseline 0.003 -27"><span class='ocrx_word' id='word_1_214' title='bbox 177 3290 262 3343; x_wconf 84' lang='lat' dir='ltr'><strong>calere</strong></span> <span class='ocrx_word' id='word_1_215' title='bbox 276 3305 405 3346; x_wconf 70' lang='lat' dir='ltr'><strong>turmas·</strong></span> <span class='ocrx_word' id='word_1_216' title='bbox 424 3294 552 3366; x_wconf 83' lang='lat' dir='ltr'><strong>Exempla</strong></span> <span class='ocrx_word' id='word_1_217' title='bbox 566 3297 675 3369; x_wconf 86' lang='lat' dir='ltr'><strong>ubique.</strong></span> <span class='ocrx_word' id='word_1_218' title='bbox 758 3311 800 3366; x_wconf 87' lang='lat'><strong>7⁰·</strong></span> <span class='ocrx_word' id='word_1_219' title='bbox 824 3297 873 3346; x_wconf 87' lang='lat' dir='ltr'><strong>Pro</strong></span> <span class='ocrx_word' id='word_1_220' title='bbox 898 3296 1013 3367; x_wconf 82' lang='lat' dir='ltr'><strong>Excepi,</strong></span> <span class='ocrx_word' id='word_1_221' title='bbox 1040 3305 1067 3346; x_wconf 78' lang='lat' dir='ltr'><strong>er</strong></span> <span class='ocrx_word' id='word_1_222' title='bbox 1087 3293 1220 3359; x_wconf 73' lang='lat' dir='ltr'><strong>vinctum,</strong></span> 
     </span>
     <span class='ocr_line' id='line_1_31' title="bbox 178 3369 1222 3446; baseline 0.004 -26"><span class='ocrx_word' id='word_1_223' title='bbox 178 3369 677 3441; x_wconf 78' lang='lat' dir='ltr'><strong>Sicdevincas,infra,vs.63,ubimale</strong></span> <span class='ocrx_word' id='word_1_224' title='bbox 699 3386 701 3402; x_wconf 82' lang='lat'><strong>¹</strong></span> <span class='ocrx_word' id='word_1_225' title='bbox 722 3378 805 3427; x_wconf 79' lang='lat' dir='ltr'><strong>Par-m.</strong></span> <span class='ocrx_word' id='word_1_226' title='bbox 822 3375 935 3426; x_wconf 77' lang='lat' dir='ltr'><strong>erilem.</strong></span> <span class='ocrx_word' id='word_1_227' title='bbox 950 3373 1061 3446; x_wconf 70' lang='lat' dir='ltr'><strong>Aspexit</strong></span> <span class='ocrx_word' id='word_1_228' title='bbox 1081 3384 1160 3445; x_wconf 77' lang='lat' dir='ltr'><strong>utque</strong></span> <span class='ocrx_word' id='word_1_229' title='bbox 1174 3391 1222 3424; x_wconf 83' lang='lat' dir='ltr'><strong>un·</strong></span> 
     </span>
     <span class='ocr_line' id='line_1_32' title="bbox 177 3450 1222 3525; baseline 0.002 -25"><span class='ocrx_word' id='word_1_230' title='bbox 177 3451 261 3500; x_wconf 78' lang='lat' dir='ltr'><strong>Parin.</strong></span> <span class='ocrx_word' id='word_1_231' title='bbox 269 3451 484 3506; x_wconf 64' lang='lat' dir='ltr'><strong>devinces-Ed.</strong></span> <span class='ocrx_word' id='word_1_232' title='bbox 493 3473 534 3525; x_wconf 87' lang='lat' dir='ltr'><strong>pr.</strong></span> <span class='ocrx_word' id='word_1_233' title='bbox 542 3456 629 3508; x_wconf 87' lang='lat' dir='ltr'><strong>Dicor.</strong></span> <span class='ocrx_word' id='word_1_234' title='bbox 645 3457 676 3507; x_wconf 74' lang='lat' dir='ltr'><strong>A.</strong></span> <span class='ocrx_word' id='word_1_235' title='bbox 696 3499 699 3506; x_wconf 76' lang='grc'>,</span> <span class='ocrx_word' id='word_1_236' title='bbox 722 3463 809 3505; x_wconf 74' lang='lat' dir='ltr'><strong>ctum.-</strong></span> <span class='ocrx_word' id='word_1_237' title='bbox 820 3453 931 3504; x_wconf 64' lang='lat' dir='ltr'><strong>busun</strong></span> <span class='ocrx_word' id='word_1_238' title='bbox 942 3450 1030 3522; x_wconf 83' lang='lat' dir='ltr'><strong>Epitb.</strong></span> <span class='ocrx_word' id='word_1_239' title='bbox 1041 3450 1112 3505; x_wconf 82' lang='lat' dir='ltr'><strong>Stell.</strong></span> <span class='ocrx_word' id='word_1_240' title='bbox 1122 3470 1148 3504; x_wconf 87' lang='lat' dir='ltr'><strong>v.</strong></span> <span class='ocrx_word' id='word_1_241' title='bbox 1159 3467 1222 3521; x_wconf 63' lang='lat'><strong>¹⁰92</strong></span> 
     </span>
    </p>

    <p class='ocr_par' dir='ltr' id='par_1_19' title="bbox 177 3527 1222 3920">
     <span class='ocr_line' id='line_1_33' title="bbox 213 3527 1222 3605; baseline -0.001 -24"><span class='ocrx_word' id='word_1_242' title='bbox 213 3527 255 3581; x_wconf 82' lang='lat'><strong>58.</strong></span> <span class='ocrx_word' id='word_1_243' title='bbox 269 3528 363 3583; x_wconf 77' lang='lat' dir='ltr'><strong>Vener.</strong></span> <span class='ocrx_word' id='word_1_244' title='bbox 378 3531 506 3602; x_wconf 80' lang='lat' dir='ltr'><strong>reprendis</strong></span> <span class='ocrx_word' id='word_1_245' title='bbox 516 3551 566 3603; x_wconf 86' lang='lat' dir='ltr'><strong>pro</strong></span> <span class='ocrx_word' id='word_1_246' title='bbox 579 3551 677 3605; x_wconf 79' lang='lat' dir='ltr'><strong>repren-</strong></span> <span class='ocrx_word' id='word_1_247' title='bbox 724 3554 736 3577; x_wconf 78' lang='grc' dir='ltr'>ι</span> <span class='ocrx_word' id='word_1_248' title='bbox 745 3531 839 3583; x_wconf 72' lang='lat' dir='ltr'><strong>tellure</strong></span> <span class='ocrx_word' id='word_1_249' title='bbox 849 3530 987 3583; x_wconf 83' lang='lat' dir='ltr'><strong>cadentem</strong></span> <span class='ocrx_word' id='word_1_250' title='bbox 994 3529 1105 3602; x_wconf 83' lang='lat' dir='ltr'><strong>Excepi,</strong></span> <span class='ocrx_word' id='word_1_251' title='bbox 1115 3531 1222 3601; x_wconf 80' lang='lat' dir='ltr'><strong>fovique</strong></span> 
     </span>
     <span class='ocr_line' id='line_1_34' title="bbox 177 3604 1220 3681; baseline 0.002 -25"><span class='ocrx_word' id='word_1_252' title='bbox 177 3604 230 3666; x_wconf 67' lang='lat' dir='ltr'><strong>dar,-</strong></span> <span class='ocrx_word' id='word_1_253' title='bbox 250 3606 324 3676; x_wconf 87' lang='lat' dir='ltr'><strong>quod</strong></span> <span class='ocrx_word' id='word_1_254' title='bbox 342 3627 432 3662; x_wconf 80' lang='lat' dir='ltr'><strong>verum</strong></span> <span class='ocrx_word' id='word_1_255' title='bbox 448 3627 504 3663; x_wconf 83' lang='lat' dir='ltr'><strong>esse</strong></span> <span class='ocrx_word' id='word_1_256' title='bbox 522 3624 626 3681; x_wconf 66' lang='lat' dir='ltr'><strong>potem</strong></span> <span class='ocrx_word' id='word_1_257' title='bbox 648 3627 677 3664; x_wconf 83' lang='lat' dir='ltr'><strong>ut</strong></span> <span class='ocrx_word' id='word_1_258' title='bbox 721 3613 818 3662; x_wconf 64' lang='lat' dir='ltr'><strong>sinum</strong></span> <span class='ocrx_word' id='word_1_259' title='bbox 834 3611 944 3679; x_wconf 84' lang='lat' dir='ltr'><strong>recipere</strong></span> <span class='ocrx_word' id='word_1_260' title='bbox 959 3610 1017 3661; x_wconf 81' lang='lat' dir='ltr'><strong>sinu</strong></span> <span class='ocrx_word' id='word_1_261' title='bbox 1030 3608 1096 3660; x_wconf 85' lang='lat' dir='ltr'><strong>dicit</strong></span> <span class='ocrx_word' id='word_1_262' title='bbox 1108 3606 1220 3661; x_wconf 73' lang='lat' dir='ltr'><strong>Genesb.</strong></span> 
     </span>
     <span class='ocr_line' id='line_1_35' title="bbox 178 3683 1222 3759; baseline 0.002 -25"><span class='ocrx_word' id='word_1_263' title='bbox 178 3683 271 3737; x_wconf 87' lang='lat' dir='ltr'><strong>Philet.</strong></span> <span class='ocrx_word' id='word_1_264' title='bbox 286 3689 359 3754; x_wconf 79' lang='lat' dir='ltr'><strong>Ursi,</strong></span> <span class='ocrx_word' id='word_1_265' title='bbox 372 3706 410 3741; x_wconf 80' lang='lat' dir='ltr'><strong>vs.</strong></span> <span class='ocrx_word' id='word_1_266' title='bbox 429 3707 452 3756; x_wconf 92' lang='lat' dir='ltr'><strong>r,</strong></span> <span class='ocrx_word' id='word_1_267' title='bbox 471 3713 482 3735; x_wconf 85' lang='grc' dir='ltr'>ι</span> <span class='ocrx_word' id='word_1_268' title='bbox 493 3689 564 3742; x_wconf 78' lang='lat' dir='ltr'><strong>Sere</strong></span> <span class='ocrx_word' id='word_1_269' title='bbox 583 3692 676 3757; x_wconf 82' lang='lat' dir='ltr'><strong>nimis,</strong></span> <span class='ocrx_word' id='word_1_270' title='bbox 721 3690 820 3740; x_wconf 74' lang='lat' dir='ltr'><strong>Lucen.</strong></span> <span class='ocrx_word' id='word_1_271' title='bbox 837 3705 904 3740; x_wconf 78' lang='lat' dir='ltr'><strong>vere.</strong></span> <span class='ocrx_word' id='word_1_272' title='bbox 921 3687 970 3751; x_wconf 80' lang='lat'><strong>38;</strong></span> <span class='ocrx_word' id='word_1_273' title='bbox 989 3687 1112 3758; x_wconf 76' lang='lat' dir='ltr'><strong>suscipere</strong></span> <span class='ocrx_word' id='word_1_274' title='bbox 1122 3687 1222 3759; x_wconf 69' lang='lat' dir='ltr'><strong>premio</strong></span> 
     </span>
     <span class='ocr_line' id='line_1_36' title="bbox 178 3763 1222 3842; baseline 0.003 -28"><span class='ocrx_word' id='word_1_275' title='bbox 178 3763 290 3817; x_wconf 69' lang='lat' dir='ltr'><strong>lucr-inii</strong></span> <span class='ocrx_word' id='word_1_276' title='bbox 314 3768 434 3840; x_wconf 78' lang='lat' dir='ltr'><strong>quisquis</strong></span> <span class='ocrx_word' id='word_1_277' title='bbox 455 3767 607 3822; x_wconf 80' lang='lat' dir='ltr'><strong>discrimmn</strong></span> <span class='ocrx_word' id='word_1_278' title='bbox 626 3788 677 3842; x_wconf 85' lang='lat' dir='ltr'><strong>po·</strong></span> <span class='ocrx_word' id='word_1_279' title='bbox 722 3765 857 3819; x_wconf 80' lang='lat' dir='ltr'><strong>Clandiau.</strong></span> <span class='ocrx_word' id='word_1_280' title='bbox 876 3766 903 3818; x_wconf 93' lang='lat' dir='ltr'><strong>in</strong></span> <span class='ocrx_word' id='word_1_281' title='bbox 922 3767 1008 3819; x_wconf 82' lang='lat' dir='ltr'><strong>Ilulin.</strong></span> <span class='ocrx_word' id='word_1_282' title='bbox 1027 3767 1053 3831; x_wconf 92' lang='lat' dir='ltr'><strong>I,</strong></span> <span class='ocrx_word' id='word_1_283' title='bbox 1073 3767 1116 3836; x_wconf 68' lang='lat'><strong>9⁴·</strong></span> <span class='ocrx_word' id='word_1_284' title='bbox 1142 3764 1222 3817; x_wconf 83' lang='lat' dir='ltr'><strong>Recte</strong></span> 
     </span>
     <span class='ocr_line' id='line_1_37' title="bbox 179 3840 1222 3920; baseline 0.002 -26"><span class='ocrx_word' id='word_1_285' title='bbox 179 3844 225 3894; x_wconf 75' lang='lat' dir='ltr'><strong>nu.</strong></span> <span class='ocrx_word' id='word_1_286' title='bbox 237 3866 247 3888; x_wconf 81' lang='grc' dir='ltr'>ι</span> <span class='ocrx_word' id='word_1_287' title='bbox 261 3872 297 3884; x_wconf 89' lang='grc'>-</span> <span class='ocrx_word' id='word_1_288' title='bbox 307 3845 354 3898; x_wconf 77' lang='lat' dir='ltr'><strong>Fal.</strong></span> <span class='ocrx_word' id='word_1_289' title='bbox 369 3866 408 3918; x_wconf 87' lang='lat' dir='ltr'><strong>pr.</strong></span> <span class='ocrx_word' id='word_1_290' title='bbox 423 3847 547 3920; x_wconf 75' lang='lat' dir='ltr'><strong>rependit.</strong></span> <span class='ocrx_word' id='word_1_291' title='bbox 566 3850 597 3900; x_wconf 77' lang='lat' dir='ltr'><strong>A.</strong></span> <span class='ocrx_word' id='word_1_292' title='bbox 724 3864 830 3919; x_wconf 85' lang='lat' dir='ltr'><strong>qnoque</strong></span> <span class='ocrx_word' id='word_1_293' title='bbox 845 3858 870 3898; x_wconf 77' lang='lat' dir='ltr'><strong>ec</strong></span> <span class='ocrx_word' id='word_1_294' title='bbox 888 3847 1019 3908; x_wconf 73' lang='lat' dir='ltr'><strong>vinctam,-</strong></span> <span class='ocrx_word' id='word_1_295' title='bbox 1038 3844 1113 3897; x_wconf 85' lang='lat' dir='ltr'><strong>Ovid.</strong></span> <span class='ocrx_word' id='word_1_296' title='bbox 1133 3840 1222 3910; x_wconf 85' lang='lat' dir='ltr'><strong>Ibide,</strong></span> 
     </span>
    </p>

    <p class='ocr_par' dir='ltr' id='par_1_20' title="bbox 182 3921 1222 4078">
     <span class='ocr_line' id='line_1_38' title="bbox 215 3921 1222 4000; baseline 0.004 -28"><span class='ocrx_word' id='word_1_297' title='bbox 215 3921 257 3972; x_wconf 81' lang='lat'><strong>63.</strong></span> <span class='ocrx_word' id='word_1_298' title='bbox 278 3925 328 3975; x_wconf 82' lang='lat' dir='ltr'><strong>Pro</strong></span> <span class='ocrx_word' id='word_1_299' title='bbox 340 3924 474 3989; x_wconf 68' lang='lat' dir='ltr'><strong>numina,</strong></span> <span class='ocrx_word' id='word_1_300' title='bbox 491 3925 552 3978; x_wconf 86' lang='lat' dir='ltr'><strong>edit.</strong></span> <span class='ocrx_word' id='word_1_301' title='bbox 568 3946 608 3997; x_wconf 89' lang='lat' dir='ltr'><strong>pr.</strong></span> <span class='ocrx_word' id='word_1_302' title='bbox 619 3927 679 4000; x_wconf 75' lang='lat' dir='ltr'><strong>ful-</strong></span> <span class='ocrx_word' id='word_1_303' title='bbox 724 3926 757 3979; x_wconf 87' lang='lat' dir='ltr'><strong>de</strong></span> <span class='ocrx_word' id='word_1_304' title='bbox 767 3925 812 3980; x_wconf 89' lang='lat' dir='ltr'><strong>illo</strong></span> <span class='ocrx_word' id='word_1_305' title='bbox 823 3945 914 3980; x_wconf 80' lang='lat' dir='ltr'><strong>recens</strong></span> <span class='ocrx_word' id='word_1_306' title='bbox 924 3939 1032 3992; x_wconf 63' lang='lat' dir='ltr'><strong>natm.</strong></span> <span class='ocrx_word' id='word_1_307' title='bbox 1045 3924 1108 3990; x_wconf 79' lang='lat'><strong>235,</strong></span> <span class='ocrx_word' id='word_1_308' title='bbox 1121 3925 1222 3976; x_wconf 75' lang='lat' dir='ltr'><strong>«Mem-</strong></span> 
     </span>
     <span class='ocr_line' id='line_1_39' title="bbox 182 4001 1222 4078; baseline 0.005 -29"><span class='ocrx_word' id='word_1_309' title='bbox 182 4001 261 4051; x_wconf 83' lang='lat' dir='ltr'><strong>minu.</strong></span> <span class='ocrx_word' id='word_1_310' title='bbox 281 4003 311 4053; x_wconf 76' lang='lat' dir='ltr'><strong>A.</strong></span> <span class='ocrx_word' id='word_1_311' title='bbox 725 4008 825 4078; x_wconf 67' lang='lat' dir='ltr'><strong>bpuque</strong></span> <span class='ocrx_word' id='word_1_312' title='bbox 838 4009 975 4060; x_wconf 78' lang='lat' dir='ltr'><strong>vinxerunt</strong></span> <span class='ocrx_word' id='word_1_313' title='bbox 991 4007 1075 4057; x_wconf 71' lang='lat' dir='ltr'><strong>tinctis</strong></span> <span class='ocrx_word' id='word_1_314' title='bbox 1091 4005 1222 4074; x_wconf 73' lang='lat' dir='ltr'><strong>ferrugine</strong></span> 
     </span>
    </p>
   </div>
   <div class='ocr_carea' id='block_1_4' title="bbox 0 0 1406 4486">
    <p class='ocr_par' dir='ltr' id='par_1_21' title="bbox 0 0 1406 4486">
     <span class='ocr_line' id='line_1_40' title="bbox 0 0 1406 4486; baseline 0 0"><span class='ocrx_word' id='word_1_315' title='bbox 0 0 1406 4486; x_wconf 95' lang='lat' dir='ltr'><strong> </strong></span> 
     </span>
    </p>
   </div>
  </div>
 </body>
</html>
