2858 4492
338 306 474 380 NOTAE
493 307 542 372 ΙΝ
560 308 702 370 CARM.
724 310 750 368 V
771 310 859 374 LlB.
882 313 916 376 ΙΙ
935 313 1048 380 SILV.
1146 322 1210 404 aly

355 433 467 493 Dictaque
476 442 604 478 cessantem
613 432 689 480 nstris
697 431 783 485 elidere
793 434 899 483 morbum

355 499 448 548 sulfura
457 502 574 546 contemni
584 503 647 548 vicus
657 503 735 564 genuit.

166 607 275 664 &alneu
283 606 371 658 adhuc
378 621 450 659 recte
460 605 542 660 itabat
550 624 654 660 seusus:
665 625 722 659 nnn
729 611 800 664 euim
808 609 897 663 leones
904 627 1027 680 gemuere
1034 613 1086 666 linc
1093 615 1212 680 licuisse,

167 688 303 754 absolate,
316 685 363 740 sed
383 711 395 734 ι
404 687 461 740 iioc
475 689 581 741 licuisse
593 690 667 742 nefas
684 690 782 761 pavido
793 707 918 761 gemuere
932 692 1053 745 teones.-
1067 697 1094 748 si
1109 697 1175 750 elius
1187 713 1213 751 et

167 770 260 821 furtim
270 766 314 820 leo
325 766 381 818 hoe
390 766 495 819 facinus
508 779 702 839 perpetrasset,
716 767 783 820 nihil
796 767 862 820 adeo
874 767 1018 823 dolendum
1031 773 1114 826 forest
1131 791 1213 846 quum

167 865 229 902 vero
239 847 337 922 pauido
349 847 437 917 tigridi
446 846 539 920 (mrem
551 863 631 920 snpra
644 862 723 900 vocat
731 849 821 920 ferum
831 851 995 926 supientem)
1010 864 1111 910 tantum
1126 856 1213 923 licuit,

167 930 219 982 hoe
228 929 339 1001 quidem
347 929 504 1004 ponendum
515 943 584 991 eratt
596 945 708 1002 compar
717 934 847 984 sententia
858 932 929 1004 upud
938 931 1076 986 Claudiam
1089 937 1115 986 ln
1125 936 1211 988 Rufln.

168 1011 202 1076 tl,
217 1009 280 1080 1982
295 1031 307 1055 ι
315 1005 633 1079 ignauotantnmliouisse
642 1013 749 1064 nocenti
758 1011 877 1062 Miratur.
887 1035 898 1058 s
910 1012 954 1065 sit.
968 1012 1050 1065 italic.
1063 1013 1133 1081 XIV,
1145 1013 1210 1085 671:

171 1092 322 1160 slnfienauit
338 1091 450 1144 nimium
461 1089 542 1160 juris,
560 1101 716 1161 tantumque
731 1090 809 1142 licere
824 1093 967 1156 Horruiu·
986 1095 1079 1148 Arien.
1096 1094 1161 1146 Fab.
1174 1096 1214 1160 11,

171 1170 324 1240 eingemuit
333 1171 402 1222 rotie
412 1167 468 1221 huo
479 1169 585 1222 licuisse
596 1173 679 1222 suis·
696 1171 736 1222 De
746 1190 774 1222 re
786 1169 845 1223 vide
860 1172 973 1224 Martial.
987 1172 1032 1224 lib.
1046 1174 1080 1226 de
1092 1175 1212 1246 Spectas.

166 1253 248 1322 epigr.
264 1247 338 1302 nin.
354 1252 461 1304 Genese
474 1267 535 1302 vero
552 1249 586 1304 da
602 1249 722 1302 leonibus
739 1264 809 1303 recte
825 1250 876 1304 diei
893 1265 986 1306 notum
1004 1273 1037 1308 ex
1052 1257 1104 1310 isto
1119 1253 1212 1325 virgil.

167 1331 258 1402 Eelog.
271 1329 306 1397 V,
319 1347 386 1382 vers.
403 1345 448 1399 27:

352 1433 457 1497 Daphni,
467 1445 533 1480 tuum
541 1433 625 1492 Poenos
635 1436 703 1482 etiam
712 1435 851 1496 ingemuisse
862 1433 943 1483 leones

352 1503 486 1560 interitum,
498 1517 634 1568 montesque
644 1503 707 1552 leros
715 1505 829 1568 silvasque
838 1505 979 1569 loquuntur:

168 1612 202 1662 ita
212 1609 341 1686 legendus
351 1613 397 1666 iste
408 1631 545 1686 nunquam
557 1609 645 1668 adhuc
656 1610 805 1666 intellectus
816 1612 906 1680 locus,
918 1634 968 1686 pro
974 1616 1030 1687 seri
1040 1607 1066 1668 et
1074 1616 1152 1669 silvoe.
1163 1619 1212 1671 Or-

170 1703 209 1744 tus
219 1711 290 1748 error
300 1712 332 1746 ex
342 1712 374 1749 eo
387 1693 460 1768 quod
470 1713 524 1749 nnn
536 1687 755 1766 intelligebantur*
765 1693 911 1766 loquuntur
919 1695 988 1747 idem
1001 1713 1058 1748 esse
1069 1698 1212 1769 ecferunt,

169 1770 270 1832 dictante
281 1775 405 1838 ntAEn.l‚
413 1775 460 1844 731
470 1797 476 1826 :
485 1797 497 1829 s
505 1775 627 1848 luppiter
636 1773 797 1847 (hospitibus
805 1793 868 1828 nem
876 1787 901 1832 te
909 1775 1037 1846 derejura
1045 1773 1212 1849 loquuntur),

170 1852 243 1908 Hunc
254 1854 357 1924 letum,
369 1869 419 1908 etc.
432 1879 442 1901 ι
457 1855 486 1908 id
497 1870 550 1922 est,
562 1856 654 1910 dicunt
666 1869 690 1909 te
702 1855 767 1909 dare
775 1859 845 1927 jura.
858 1859 949 1912 Horat.
963 1859 1040 1929 epist.
1052 1862 1076 1924 l,
1090 1877 1137 1914 20:

352 1962 392 2009 lis
399 1961 510 2012 libertinn
517 1974 598 2011 netum
607 1975 687 2026 petre,
697 1975 721 2010 et
729 1965 754 2010 in
763 1966 828 2010 tenui
837 1979 864 2010 re

352 2035 454 2097 llajnret
462 2051 552 2099 pennas
561 2036 617 2083 nido
627 2037 756 2084 extendisse
765 2035 881 2100 loqueris:

172 2142 214 2194 nbi
227 2143 320 2196 eadem
333 2141 475 2196 verborum
487 2147 662 2211 constructio,
677 2145 788 2218 loqueris
799 2165 841 2197 me
854 2145 993 2198 extendisse
1001 2164 1114 2217 pennas,
1128 2160 1157 2197 ut
1172 2144 1212 2197 lo-

172 2235 284 2293 quuntur
298 2221 384 2277 leones
400 2224 552 2296 inqemuisse
567 2225 709 2277 interitum.
723 2229 782 2278 lam
798 2245 861 2277 vero
878 2245 957 2278 sensu
972 2239 998 2277 et
1014 2227 1212 2279 constructione

172 2299 222 2352 loci
233 2302 368 2374 virgiliani
380 2303 444 2354 nihii
457 2301 574 2356 facilius:
590 2303 731 2376 ullaphni,
744 2304 835 2356 dicunt
849 2303 938 2356 leones
949 2316 975 2356 et
987 2305 1058 2356 ieros
1071 2317 1173 2355 montes
1187 2316 1213 2354 et

172 2381 244 2436 silvas
252 2385 411 2454 ingemuisse
422 2396 494 2434 tuum
505 2385 648 2436 interitum.
660 2409 671 2432 ι
684 2387 733 2436 Pro
738 2386 811 2456 feros
819 2403 907 2437 erroro
914 2383 1013 2435 librarii
1020 2385 1147 2456 scriptum
1157 2399 1213 2436 erat

167 2461 316 2532 setiuinde,
322 2462 414 2514 ultima
422 2463 530 2515 literasa
539 2467 657 2534 proxime
665 2467 785 2537 sequenti
795 2464 920 2534 absorpta
926 2500 934 2528 ‚
934 2463 1003 2533 feri:
1010 2462 1106 2516 dehinc
1113 2464 1210 2515 factum

171 2538 238 2594 silvoe
246 2561 298 2614 pro
307 2542 385 2596 silvas
391 2581 400 2606 ,
410 2556 440 2594 ut
447 2545 470 2614 ej
475 2541 566 2594 usdem
574 2561 650 2596 casus
662 2558 731 2596 esset
741 2563 772 2594 ac
776 2543 832 2613 feri
837 2566 846 2604 ,·
857 2541 950 2594 millies
958 2542 1011 2595 hoc
1021 2555 1137 2594 veterum
1148 2548 1212 2595 scri-

172 2625 223 2694 ptis
235 2623 339 2676 accidit.
353 2623 440 2692 (Nos,
452 2623 495 2675 hic
505 2625 584 2676 etiam
593 2624 689 2675 Mariti.
701 2637 877 2695 repugnantes
884 2661 892 2687 ,
903 2635 1002 2674 montes
1007 2624 1064 2695 fen'
1068 2661 1076 2688 ‚
1088 2623 1171 2690 siluoe,
1183 2626 1212 2676 in

175 2711 261 2751 nostra
270 2700 361 2771 vteffit.
372 2699 489 2754 editione
500 2703 663 2753 retinuimus.
672 2701 800 2753 Videras.
808 2700 869 2752 lect.
877 2714 1000 2766 etnotas,
1011 2719 1037 2772 p.
1050 2701 1113 2769 143,
1122 2701 1174 2754 vol.
1186 2703 1198 2752 l
1204 2741 1211 2766 ‚

176 2792 238 2850 etp.
253 2778 303 2832 283
312 2817 320 2845 ,
330 2779 380 2832 vol.
389 2783 427 2845 V,
439 2780 485 2832 ubi
499 2781 581 2832 fusius
595 2794 712 2832 nostram
726 2780 899 2850 explicuimus
911 2781 1074 2831 sententium.
1087 2781 1153 2849 En.)

210 2954 247 3008 15.
269 2955 295 3007 Τ
293 2964 346 3008 otas
356 2956 450 3009 duem
461 2957 488 3008 in
501 2955 602 3008 lumina
612 2955 722 3027 frontet.
734 2954 837 3006 Nullius
850 2973 913 3006 usus
925 2973 975 3005 vox
987 2957 1037 3006 ista
1052 2963 1130 3015 totas5
1141 2945 1211 3006 nun·
1240 2973 1242 2978 ’

170 3053 247 3167 ᾳιιιηιι
261 3037 463 3165 enimixopinor,
474 3045 576 3108 partem
591 3037 684 3087 frontis
697 3037 724 3087 in
737 3035 835 3086 lumina
847 3035 941 3087 ducere
955 3032 1039 3087 solent
1050 3032 1149 3087 leones.
1161 3036 1209 3087 Ju-
1225 3104 1228 3124 Ι

170 3133 233 3168 rena
246 3155 251 3167 .
266 3130 315 3167 sat.
369 3131 417 3180 ,ιι

353 3221 416 3266 Scire
425 3219 495 3266 velim
504 3234 575 3283 quare
584 3221 653 3266 toties
662 3218 731 3272 mihi,
741 3219 847 3272 Nevoie,
857 3219 926 3266 tristis

355 3291 469 3336 Occurras
478 3289 555 3336 fronte
564 3289 677 3345 obducta,
687 3305 731 3336 ceu
740 3290 832 3353 Marsya
841 3289 926 3334 victus:

166 3402 238 3454 vides
246 3402 344 3474 fronte
354 3398 477 3463 obducta,
490 3417 544 3450 non
556 3411 610 3452 tota
616 3400 709 3470 fronte
717 3397 833 3451 obductu.
846 3400 954 3470 Scripsit
965 3397 1076 3449 Statius:
1093 3397 1210 3449 «Torret

166 3478 265 3533 duxere
277 3481 306 3532 in
318 3478 418 3530 lumina
430 3477 544 3542 frontes3
555 3502 566 3525 s
579 3477 670 3548 virgil.
683 3478 784 3529 AEneid.
798 3479 847 3543 111,
862 3476 929 3530 635:
947 3473 1033 3526 sTeln
1045 3475 1134 3526 lumen
1145 3489 1211 3526 tere-

164 3559 273 3613 bramus
283 3570 364 3612 acuto
375 3559 486 3626 Ingens,
498 3557 570 3628 quod
583 3571 657 3610 torva
669 3558 755 3610 solum
768 3557 817 3608 snb
829 3558 918 3609 fronte
927 3555 1038 3615 latebat;
1050 3579 1060 3602 s
1070 3554 1210 3618 Martialis,

164 3638 253 3712 Epigr.
266 3641 314 3704 IV,
326 3653 385 3704 ιη’,
398 3653 426 3690 tt
438 3660 444 3688 :

384 3743 433 3789 Nec
442 3755 506 3791 torva
515 3743 567 3804 lege
576 3743 666 3798 fronte,
675 3743 717 3788 sed
726 3743 830 3797 remissa,

385 3815 485 3862 lascivis
493 3813 597 3862 madidos
604 3813 664 3878 jocis
673 3811 767 3860 libellos.

162 3921 207 3975 sii.
222 3923 282 3976 itui.
296 3925 346 3986 111,
364 3923 412 3993 752
430 3946 442 3970 ι
452 3923 507 3976 Ora
523 3925 640 3994 parentis
657 3922 794 3992 Agnosco,
812 3933 937 3990 toruaque
955 3917 1047 3970 oculos
1060 3915 1109 3968 sub
1123 3916 1209 3965 fronte

161 4005 291 4057 minaces.
305 4025 317 4049 r
331 4005 363 4055 Et
375 4004 411 4054 ita
423 4005 518 4074 passim
532 4001 604 4073 sputi
616 4014 715 4073 poetas.
