2804 4490
161 297 223 364 rtio
403 293 438 355 P.
464 289 500 354 P.
526 282 680 351 STATII
704 281 947 348 SILVARUM

270 426 313 488 Et
323 439 454 512 pugnas
466 417 555 508 capit
566 410 743 505 improbus
754 406 878 476 viriles.

270 528 394 606 Credas
406 526 451 596 ad
462 526 620 606 Tanaim,
631 522 810 616 ferumque
821 519 960 599 Phasin,

271 637 592 711 Thermodontiaeas
605 631 713 700 calere
724 649 865 697 turmas.

316 754 380 818 Hic
390 746 500 844 audax
513 742 603 812 subit
615 739 697 809 ordo
710 738 941 833 pumilonum,

256 849 363 950 ⁸Quos
374 864 502 926 Natura
512 853 606 922 brevi
619 866 708 918 statu
719 863 873 942 peractos

273 971 447 1042 Nodosum
459 961 562 1035 semel
574 964 610 1030 in
622 959 760 1053 globum
771 958 897 1050 ligavit.

274 1083 387 1152 Edunt
397 1077 553 1160 vulnera,
567 1086 816 1164 conseruntque
828 1067 978 1149 dextras,

274 1201 316 1262 Et
328 1206 470 1260 mortem
482 1187 544 1256 sibi
559 1188 641 1279 (qua
652 1185 792 1268 manui)
804 1183 987 1248 minantur.

274 1304 372 1373 Ridet
382 1305 473 1368 Mars
485 1314 592 1392 pater,
605 1311 639 1362 et
649 1292 929 1363 cruentaVirtus:

275 1419 477 1507 Casuraeque
488 1409 580 1501 vagis
592 1429 692 1499 grues
704 1404 843 1496 rapinis,

275 1529 442 1598 Mirantur
453 1519 599 1615 pumilos
612 1517 800 1583 ferociores.

321 1643 398 1707 Jam
408 1634 515 1701 noctis
527 1625 740 1723 propioribus
753 1621 817 1693 sub
827 1619 957 1689 umbris

275 1752 376 1819 Dives
387 1746 517 1840 sparsio
529 1763 613 1835 quos
625 1739 693 1829 agit
704 1732 886 1804 tumultus!

276 1863 353 1926 Huc
363 1859 488 1924 intrant
500 1849 614 1920 faciles
627 1849 693 1916 emi
704 1844 846 1940 puellae:

277 1973 339 2037 Hic
351 1967 542 2060 agnoscitur
554 1982 655 2028 omne
668 1956 760 2052 quod
771 1954 909 2022 theatris

276 2090 343 2150 Aut
353 2081 462 2149 forma
473 2077 599 2170 placet,
612 2087 671 2140 ant
682 2069 845 2164 probatur
855 2081 938 2133 arte.

277 2198 349 2260 Hoc
360 2190 527 2286 plaudunt
538 2208 637 2280 grege
649 2179 764 2275 Lydiae
777 2193 962 2258 tumentes,

279 2303 341 2372 lllo
353 2299 522 2398 cymbala,
534 2293 743 2387 tinnulaeque
755 2289 864 2358 Gades
877 2313 884 2352 :

279 2413 352 2483 Illic
362 2415 497 2506 agmina
508 2407 723 2477 confremunt
733 2405 909 2494 Syrorum,

201 2625 243 2692 54.
263 2621 311 2677 Ed.
326 2621 411 2693 princ.
425 2618 507 2672 habet
520 2627 551 2668 ut
560 2629 662 2690 puqnas
705 2625 770 2672 uns,
779 2603 820 2658 vel
829 2599 954 2675 conferre.
966 2594 1015 2649 Ed.
1025 2588 1208 2666 princ-eonfe-

164 2703 242 2778 ettpit.
262 2703 294 2753 Δ.
706 2697 776 2739 runt.
795 2686 827 2738 Δ.

201 2781 244 2853 57.
263 2779 323 2832 Hic.
338 2775 388 2831 nt.
399 2779 476 2829 Rom.
490 2774 558 2826 hinc.
577 2773 660 2826 Gnorr.
742 2767 786 2819 61.
806 2767 857 2816 Pro
874 2780 941 2835 qua,
959 2753 1002 2809 ed.
1018 2771 1059 2826 pr.
1075 2766 1155 2824 qnam
1168 2765 1204 2798 m.

202 2863 244 2918 58.
268 2860 342 2916 Brevi
357 2869 424 2912 statu
438 2867 560 2930 peractas.
576 2851 661 2906 codd.
706 2866 743 2898 m.
758 2842 819 2895 ard.
834 2843 975 2894 minentur.
994 2834 1026 2886 Δ.
1071 2873 1081 2886 .

166 2944 226 2998 San.
247 2939 319 2995 Med.
340 2937 405 2991 edd:
423 2939 500 2989 Rom.
522 2945 548 2986 et
567 2935 661 2984 Vener.
742 2925 787 2978 66.
806 2921 918 2995 Sparsio.
936 2919 988 2969 Pro
1007 2911 1104 2987 sparsio
1118 2910 1204 2960 Parra.

165 3024 266 3088 statim,
278 3031 304 3073 et
314 3020 351 3070 ita
360 3016 454 3087 legisse
464 3013 610 3067 Domitium
619 3028 665 3080 ap-
707 3004 791 3056 haber
811 3000 931 3072 Spania,¹
950 2995 1026 3047 Rom.
1051 2989 1150 3066 spasioff
1172 2983 1208 3036 tle

165 3091 664 3171 paretexcommentariir35tatimcnim
709 3099 778 3156 quo,
795 3081 817 3132 si
834 3077 920 3130 ridere
931 3073 1010 3137 veiis,
1024 3069 1082 3140 iege
1099 3064 1208 3118 Domitii

166 3182 362 3252 interpretatur,
375 3177 455 3230 simui
470 3195 501 3227 ac
517 3175 573 3224 nati
589 3182 662 3223 sunt:
709 3160 919 3216 annotationem.

167 3261 214 3313 ted
242 3256 427 3332 accipiendum
451 3253 534 3325 panio
558 3249 663 3302 laxius:
744 3241 788 3309 67.
808 3235 874 3287 Huc.
887 3235 937 3283 Pro
953 3228 1003 3280 huc
1019 3228 1130 3290 intrant,
1146 3219 1210 3275 mai-

166 3358 241 3407 mox,
259 3337 333 3391 haud
350 3341 386 3390 ita
403 3333 486 3387 multo
505 3343 567 3402 post
584 3345 665 3400 qnam
708 3319 760 3371 iem
778 3313 834 3378 iric,
846 3324 876 3362 ut
891 3327 916 3360 v.
932 3308 977 3376 57,
991 3328 1002 3350 ι
1014 3305 1056 3356 iric
1070 3300 1158 3354 audax
1170 3319 1210 3354 sta·

167 3436 225 3472 esse
240 3429 392 3489 coeperunt,
413 3431 493 3485 quam
510 3419 604 3462 natura
619 3425 665 3460 eos
711 3400 748 3452 bit
766 3393 832 3447 ordo
853 3386 1053 3463 pumiionum,=
1074 3381 1121 3433 ubi
1141 3377 1211 3432 maio

166 3497 304 3551 elaborare
318 3514 377 3549 orsa
390 3507 436 3548 est.
456 3492 539 3544 Gaor.
550 3517 585 3526 -
597 3483 680 3540 eod..
710 3473 860 3531 Bernartius
873 3469 920 3523 Iris

166 3578 247 3630 Paris.
260 3575 319 3629 edd.
333 3594 374 3646 pr.
386 3575 472 3625 Parin.
485 3583 511 3622 et
520 3569 596 3620 Rom.
609 3566 666 3618 bre-
747 3571 789 3628 7⁰·
807 3555 859 3604 Pro
872 3555 1011 3612 tumentes,
1023 3539 1066 3596 ed·
1078 3541 1163 3613 princ.
1177 3539 1212 3590 ti·

168 3657 205 3710 vis
215 3655 302 3710 statim
314 3661 434 3727 pernam
449 3647 509 3702 ard.
521 3647 585 3700 Ger.
599 3643 668 3697 brevi
711 3645 815 3690 mentes.
835 3632 867 3684 A.

167 3746 235 3789 statu
244 3743 357 3808 peracto.
369 3729 429 3784 Vid.
442 3739 499 3780 not.
518 3727 550 3779 A.
747 3731 791 3784 7¹·
809 3709 871 3764 1110.
886 3705 951 3762 cot.
964 3703 1073 3759 Parisin.
1086 3713 1112 3754 et
1123 3696 1209 3752 Aldin.

205 3814 247 3884 59.
265 3803 532 3880 Soneibagesimui.
551 3804 665 3857 Gntar.
713 3793 778 3846 tute.
795 3790 854 3844 vid.
870 3801 926 3840 not.
941 3785 1024 3839 critic.
1038 3781 1126 3835 Editio
1137 3779 1212 3851 prin-

204 3893 247 3946 6ο.
257 3893 405 3944 conmuni.
412 3889 507 3939 Vertat.
516 3880 668 3952 consenuit,-
711 3891 775 3945 ceps
786 3869 888 3944 praebet
897 3865 954 3920 iilic
959 3902 1053 3919 ......
1066 3855 1211 3914 tionicuioe-
1226 3913 1229 3920 ¹

170 3973 296 4028 utrumvis
318 3966 449 4044 probum,
470 3977 599 4017 consentu
615 3977 668 4012 roa·
712 3971 770 4026 que.
789 3951 821 4003 A.
