2858 4492
294 309 330 372 P.
351 304 662 371 Ρ.8ΤΛ’1.8111.
683 306 769 369 Llu
789 305 841 383 ll,
859 305 1000 368 CARM.
1022 305 1079 368 lV.
1144 303 1209 392 239

216 441 447 526 Argutumque
458 443 518 498 tuo
529 429 704 498 stridentis
715 430 832 498 limina
840 437 961 497 cornu!

216 547 265 610 Eu
277 540 427 637 querulae
435 539 507 634 jem
519 557 639 634 sponte
652 541 756 610 fores!
771 556 865 608 vaout
876 538 934 608 ille
944 539 1060 608 beatus

217 654 537 746 Caroer,etuugusti
548 654 977 749 nueqmmoonvioiatecti.
1181 665 1211 716 15

263 771 338 834 Huc
348 765 456 833 doutae
467 766 638 858 stipentur
646 788 742 847 aves,
756 775 832 859 quis
843 762 957 831 nobile
967 763 1060 831 fandi

218 879 236 943 J
239 900 277 944 us
290 881 415 944 Nauna
424 873 520 944 dedit
531 900 538 940 :
550 874 688 968 plangat
700 873 875 944 Phoebei'ue
887 873 975 957 alem

219 985 423 1080 Auditasque
434 1005 564 1052 memor
575 987 710 1079 penitus
721 985 898 1054 demittere
908 1007 1007 1052 voees

220 1102 376 1180 Stumus‚
390 1113 423 1165 et
434 1100 539 1164 Aonio
550 1111 656 1166 verses
666 1100 848 1165 certamine
859 1099 961 1189 piate3

220 1209 351 1301 Quique
362 1206 466 1274 refert
473 1205 621 1299 jungens
632 1208 750 1274 iterata
761 1205 924 1274 vocabula
934 1201 1068 1299 perdix;
1137 1200 1139 1207 ’
1184 1237 1216 1270 20

220 1299 349 1412 litqute
360 1319 507 1386 Bistonio
519 1321 673 1412 queritur
684 1339 780 1386 soror
790 1317 872 1386 orba
883 1316 1001 1402 mrbili3

221 1435 316 1497 Ferte
328 1428 429 1497 simul
440 1431 600 1521 gemitus,
613 1445 822 1522 cognataque
833 1425 945 1524 ducite
956 1425 1101 1522 flummis

223 1545 366 1621 Funera,
379 1556 414 1606 et
426 1537 492 1608 hoo
503 1553 633 1606 cunmae
646 1536 878 1607 miserandum
886 1536 1050 1605 addiscite
1058 1556 1214 1606 carmen:

270 1681 284 1709 α
295 1653 434 1718 Occrurr
445 1651 545 1716 abtim
555 1648 772 1716 celeberrima
783 1645 888 1738 gloria
901 1648 1008 1738 gentis

225 1755 467 1842 Psittacus,ille
478 1757 585 1852 plagae
598 1755 714 1826 viridis
725 1773 882 1848 regnator
894 1760 987 1838 Eoae3
1186 1770 1217 1822 25

224 1875 331 1956 Quem
342 1891 411 1937 non
424 1885 590 1962 gemmata
602 1866 748 1936 volucris
759 1871 778 1934 J
781 1869 906 1934 unonia
919 1863 1025 1934 cauda

224 1983 393 2062 Vinceret,
406 1995 545 2073 aspectu
558 1977 658 2070 gelidi
669 2001 737 2044 non
751 1975 900 2047 Phasidis
912 1977 997 2059 ales,

226 2093 294 2158 Neo
303 2113 388 2184 quae
402 2089 555 2156 humenti
567 2087 720 2155 Numidae
732 2110 873 2180 rapuere
885 2087 949 2155 sub
960 2093 1091 2155 Austro.

227 2197 285 2269 llle
296 2200 459 2268 salutator
470 2223 601 2290 regum,
614 2219 805 2291 nomenque
817 2196 950 2266 locutus

227 2315 430 2394 Coesareum,
443 2329 476 2380 et
487 2310 619 2408 queruli
631 2309 803 2406 quondam
815 2313 887 2378 vice
898 2311 1035 2378 functus
1046 2314 1160 2379 amici:
1185 2327 1221 2378 30

219 2495 257 2562 14.
276 2493 327 2546 En.
340 2493 427 2564 Vulgo
441 2503 474 2546 et.
488 2491 604 2546 -cod,
618 2495 676 2544 Par.
724 2511 757 2544 re.
776 2521 812 2531 -
829 2491 895 2544 Cod.
921 2493 1002 2543 Paris.
1026 2491 1161 2543 dimittere.
1188 2495 1219 2543 Δ.

181 2583 223 2624 et:
240 2573 276 2624 sie
287 2572 349 2625 edd.
363 2571 440 2623 Cruo.
451 2585 477 2623 et
486 2572 603 2624 Gronov.
616 2570 676 2623 vid.
762 2587 800 2640 19.
814 2572 851 2622 Et
857 2571 943 2622 Aonio
954 2587 1029 2622 vemoe
1037 2573 1177 2622 certamine
1184 2572 1222 2644 pi-

183 2663 238 2700 not.
258 2651 288 2700 Δ.
723 2668 766 2703 cre.
779 2651 895 2703 Omnino
907 2648 1047 2721 legendum
1059 2650 1131 2703 oiotoe
1142 2663 1222 2703 certa·

224 2725 263 2778 15.
277 2726 326 2779 Ed
335 2731 416 2780 Parm.
427 2731 530 2801 auperti
539 2729 612 2795 tecti,
624 2729 680 2780 nori
723 2731 795 2782 mine
806 2752 815 2780 .-
830 2747 885 2781 non
896 2731 965 2780 enim
976 2730 1222 2783 vertebanturcera-

184 2806 305 2880 niequeti.-
319 2809 422 2859 ninia
431 2825 481 2860 sna
490 2805 607 2859 editione
617 2807 680 2858 Gro-
724 2811 807 2878 mine,
822 2808 869 2862 sed
882 2809 1056 2861 vincebantur.
1069 2810 1145 2864 Ovid.
1158 2813 1221 2862 Met.

184 2891 288 2938 novius.
298 2885 381 2957 Supra
391 2886 496 2960 quidem
506 2885 620 2951 dixerat,
637 2903 663 2937 11
674 2909 679 2937 :
725 2890 759 2954 V,
770 2889 835 2956 300,
848 2887 880 2940 de
891 2886 941 2939 hae
952 2906 980 2938 re
991 2908 997 2939 =
1010 2889 1124 2959 «Nuper
1134 2904 1159 2941 et
1168 2893 1223 2943 letae

186 2971 239 3019 ιΔι
249 2964 297 3018 n'bi
308 2979 403 3038 quauta
410 2966 505 3019 domus
514 2965 593 3018 rutila
603 2978 682 3018 testu-
724 2969 862 3020 Auxerunt
872 2965 1007 3018 volucrem
1019 2968 1093 3018 viotn
1105 2970 1223 3020 certami-

183 3044 244 3098 dine
255 3043 368 3117 fulgens.
381 3069 392 3094 ι
405 3044 581 3098 Nihilominus
593 3057 681 3097 tamen
725 3067 758 3100 ne
773 3046 911 3110 turbam·
928 3046 998 3099 idem
1011 3047 1074 3098 Met.
1091 3049 1164 3115 xm,
1180 3065 1211 3120 19
1216 3071 1224 3113 ;

183 3128 224 3178 ιιι
235 3125 291 3178 beri
301 3138 389 3197 potest
400 3139 429 3176 ut
439 3137 572 3198 auqmtum
585 3139 680 3178 tectum
725 3129 821 3181 Noster
834 3125 917 3180 Theb.
933 3127 1005 3192 Vlll,
1019 3125 1086 3191 615;
1099 3128 1224 3198 Ovidius,

183 3203 283 3257 diceret
295 3203 369 3277 quod
381 3204 462 3256 ruodo
475 3218 615 3257 vocaverat
627 3223 681 3256 oar·
725 3207 833 3260 Heroid.
848 3208 922 3270 XVI,
937 3204 1002 3274 3593
1017 3204 1087 3257 idem
1099 3207 1162 3260 Met.
1175 3208 1224 3276 vl,

184 3301 238 3334 eer:
253 3284 295 3336 rel
306 3296 338 3335 ut
348 3283 440 3337 eudem
455 3283 631 3354 appellatione
645 3286 683 3336 al·
725 3306 770 3358 91;
784 3289 872 3339 livius
886 3288 911 3352 1,
927 3285 974 3352 24:
992 3287 1169 3359 -l'riusquam
1184 3287 1225 3340 di-

185 3363 272 3417 liceret
282 3364 444 3435 imperatoris
451 3361 583 3436 palatium
593 3365 683 3417 atavi·
710 3396 711 3403 1
726 3368 870 3432 micarent,
889 3363 975 3417 foedue
988 3365 1070 3416 ictum
1082 3367 1152 3419 inter
1171 3371 1225 3420 Ro-

184 3442 249 3494 euloe
258 3461 378 3496 euveum:
391 3441 457 3494 illud
468 3443 536 3494 enim
548 3455 683 3517 uuprnmm
727 3463 821 3499 manoe
834 3458 859 3498 et
872 3445 990 3498 Albanos
1002 3458 1041 3498 eat
1053 3443 1094 3500 hie
1108 3443 1225 3517 legibue,

185 3532 278 3574 tectum
290 3535 382 3589 vocat,
395 3521 586 3589 Eucharistioo,
602 3542 625 3574 v.
643 3523 681 3575 18.
725 3539 769 3590 ut,
782 3528 911 3597 cujusque
920 3524 1013 3597 populi
1023 3526 1093 3578 aives
1102 3544 1135 3578 eo
1145 3541 1226 3581 aerte-

182 3600 294 3653 -God
306 3602 386 3654 Parit·
399 3601 502 3673 4119113ῐί
514 3620 539 3653 u·
552 3601 683 3661 conviciet
727 3606 938 3668 mesenensem,
947 3604 1048 3658 iealteri
1055 3605 1158 3677 populo
1166 3626 1226 3659 oum

183 3682 211 3732 in
218 3682 337 3752 margine
343 3682 462 3733 convivia
469 3679 563 3751 legitur
570 3699 618 3751 pro
625 3698 684 3734 cort·
726 3684 798 3736 bona
810 3701 875 3754 paee
887 3685 1074 3756 imperitaret.-

184 3760 260 3812 vicia.
275 3759 324 3813 ud.
339 3778 377 3832 pr.
391 3759 513 3811 convitia.
533 3760 564 3812 A.
765 3780 806 3832 ²9·
825 3763 927 3834 Repum
936 3781 1087 3836 numerique.
1096 3763 1160 3816 Cod.
1167 3767 1226 3820 Pur.

224 3839 262 3891 rb.
281 3837 387 3893 Nobile.
397 3839 463 3892 God.
473 3843 530 3891 Par.
539 3838 641 3891 mobile.
653 3838 684 3888 A.
729 3861 824 3894 nomen
836 3860 981 3917 repumque.
996 3842 1064 3895 Edit.
1078 3845 1162 3914 princ.
1175 3846 1227 3898 Ille

227 3919 264 3972 18.
292 3923 342 3972 Pro
367 3920 498 3973 demittere
520 3919 607 3972 multe
630 3917 686 3970 etli-
728 3917 854 3973 salutator
876 3938 1020 3994 nomenque
1042 3939 1129 3993 mqum
1154 3923 1227 3976 loeu-

183 3999 270 4051 tiones
290 4016 431 4072 perperam
452 3997 550 4051 hubent
569 3997 685 4050 dimitte·
732 4009 776 4049 tur.
798 3998 828 4048 Δ,

1280 1499 1289 1536 1
