<?xml version="1.0" encoding="UTF-8"?>
<!DOCTYPE html PUBLIC "-//W3C//DTD XHTML 1.0 Transitional//EN"
    "http://www.w3.org/TR/xhtml1/DTD/xhtml1-transitional.dtd">
<html xmlns="http://www.w3.org/1999/xhtml" xml:lang="en" lang="en">
 <head>
  <title>
</title>
<meta http-equiv="Content-Type" content="text/html;charset=utf-8" />
  <meta name='ocr-system' content='tesseract 3.04.00' />
  <meta name='ocr-capabilities' content='ocr_page ocr_carea ocr_par ocr_line ocrx_word'/>
</head>
<body>
  <div class='ocr_page' id='page_1' title='image "./quexstantomniao03lemagoog_0150.png"; bbox 0 0 2776 4484; ppageno 0'>
   <div class='ocr_carea' id='block_1_1' title="bbox 175 281 1035 378">
    <p class='ocr_par' dir='ltr' id='par_1_1' title="bbox 175 281 1035 378">
     <span class='ocr_line' id='line_1_1' title="bbox 175 281 1035 378; baseline -0.007 -1"><span class='ocrx_word' id='word_1_1' title='bbox 175 336 235 378; x_wconf 61' lang='grc' dir='ltr'><strong>ιιι</strong></span> <span class='ocrx_word' id='word_1_2' title='bbox 350 311 485 376; x_wconf 73' lang='lat' dir='ltr'><strong>uoce</strong></span> <span class='ocrx_word' id='word_1_3' title='bbox 509 311 559 373; x_wconf 83' lang='lat' dir='ltr'><strong>m</strong></span> <span class='ocrx_word' id='word_1_4' title='bbox 583 309 780 373; x_wconf 77' lang='lat' dir='ltr'><strong>caemar</strong></span> <span class='ocrx_word' id='word_1_5' title='bbox 804 281 1035 372; x_wconf 77' lang='lat' dir='ltr'><strong>rcart&#39;mu</strong></span> 
     </span>
    </p>
   </div>
   <div class='ocr_carea' id='block_1_2' title="bbox 168 436 1211 574">
    <p class='ocr_par' dir='ltr' id='par_1_2' title="bbox 168 436 1211 574">
     <span class='ocr_line' id='line_1_2' title="bbox 169 436 1211 512; baseline -0.006 -18"><span class='ocrx_word' id='word_1_6' title='bbox 169 441 214 494; x_wconf 89' lang='lat' dir='ltr'><strong>ubi</strong></span> <span class='ocrx_word' id='word_1_7' title='bbox 223 443 360 512; x_wconf 78' lang='lat' dir='ltr'><strong>conjungit</strong></span> <span class='ocrx_word' id='word_1_8' title='bbox 369 457 508 505; x_wconf 82' lang='lat' dir='ltr'><strong>monuere,</strong></span> <span class='ocrx_word' id='word_1_9' title='bbox 522 455 584 502; x_wconf 80' lang='lat' dir='ltr'><strong>era,</strong></span> <span class='ocrx_word' id='word_1_10' title='bbox 595 451 621 490; x_wconf 90' lang='lat' dir='ltr'><strong>et</strong></span> <span class='ocrx_word' id='word_1_11' title='bbox 629 439 774 510; x_wconf 84' lang='lat' dir='ltr'><strong>pt&#39;eturom,·</strong></span> <span class='ocrx_word' id='word_1_12' title='bbox 785 449 811 487; x_wconf 89' lang='lat' dir='ltr'><strong>et</strong></span> <span class='ocrx_word' id='word_1_13' title='bbox 821 437 855 486; x_wconf 88' lang='lat' dir='ltr'><strong>ita</strong></span> <span class='ocrx_word' id='word_1_14' title='bbox 865 437 977 487; x_wconf 79' lang='lat' dir='ltr'><strong>Lacrim</strong></span> <span class='ocrx_word' id='word_1_15' title='bbox 988 436 1109 502; x_wconf 75' lang='lat' dir='ltr'>Etrusci,</span> <span class='ocrx_word' id='word_1_16' title='bbox 1118 453 1142 486; x_wconf 85' lang='lat' dir='ltr'><strong>v.</strong></span> <span class='ocrx_word' id='word_1_17' title='bbox 1152 451 1211 502; x_wconf 82' lang='lat'><strong>200,</strong></span> 
     </span>
     <span class='ocr_line' id='line_1_3' title="bbox 168 517 500 574; baseline -0.015 -1"><span class='ocrx_word' id='word_1_18' title='bbox 168 535 195 573; x_wconf 81' lang='lat' dir='ltr'><strong>et</strong></span> <span class='ocrx_word' id='word_1_19' title='bbox 205 523 297 574; x_wconf 85' lang='lat' dir='ltr'><strong>Pietat.</strong></span> <span class='ocrx_word' id='word_1_20' title='bbox 310 517 408 572; x_wconf 80' lang='lat' dir='ltr'><strong>¹Abasc.</strong></span> <span class='ocrx_word' id='word_1_21' title='bbox 421 537 459 570; x_wconf 81' lang='lat' dir='ltr'><strong>vs.</strong></span> <span class='ocrx_word' id='word_1_22' title='bbox 475 535 500 568; x_wconf 90' lang='lat' dir='ltr'><strong>t:</strong></span> 
     </span>
    </p>
   </div>
   <div class='ocr_carea' id='block_1_3' title="bbox 352 619 948 753">
    <p class='ocr_par' dir='ltr' id='par_1_3' title="bbox 352 619 948 753">
     <span class='ocr_line' id='line_1_4' title="bbox 352 619 948 680; baseline -0.005 -12"><span class='ocrx_word' id='word_1_23' title='bbox 352 624 374 668; x_wconf 86' lang='lat' dir='ltr'><strong>Si</strong></span> <span class='ocrx_word' id='word_1_24' title='bbox 384 637 465 667; x_wconf 90' lang='lat' dir='ltr'><strong>manns</strong></span> <span class='ocrx_word' id='word_1_25' title='bbox 474 634 514 666; x_wconf 81' lang='lat' dir='ltr'><strong>aut</strong></span> <span class='ocrx_word' id='word_1_26' title='bbox 523 620 607 668; x_wconf 84' lang='lat' dir='ltr'><strong>similes</strong></span> <span class='ocrx_word' id='word_1_27' title='bbox 616 620 696 667; x_wconf 79' lang='lat' dir='ltr'><strong>docilia</strong></span> <span class='ocrx_word' id='word_1_28' title='bbox 706 619 762 666; x_wconf 88' lang='lat' dir='ltr'><strong>mihi</strong></span> <span class='ocrx_word' id='word_1_29' title='bbox 771 619 859 680; x_wconf 75' lang='lat' dir='ltr'><strong>fiuqerc</strong></span> <span class='ocrx_word' id='word_1_30' title='bbox 870 635 948 674; x_wconf 85' lang='lat' dir='ltr'><strong>ceras,</strong></span> 
     </span>
     <span class='ocr_line' id='line_1_5' title="bbox 353 690 936 753; baseline -0.002 -16"><span class='ocrx_word' id='word_1_31' title='bbox 353 695 400 739; x_wconf 79' lang='lat' dir='ltr'><strong>Aut</strong></span> <span class='ocrx_word' id='word_1_32' title='bbox 407 693 478 747; x_wconf 90' lang='lat' dir='ltr'><strong>ebur,</strong></span> <span class='ocrx_word' id='word_1_33' title='bbox 488 691 603 753; x_wconf 71' lang='lat' dir='ltr'>impressis</span> <span class='ocrx_word' id='word_1_34' title='bbox 613 705 723 737; x_wconf 80' lang='lat' dir='ltr'>aurumve</span> <span class='ocrx_word' id='word_1_35' title='bbox 733 692 834 736; x_wconf 82' lang='lat' dir='ltr'><strong>animare</strong></span> <span class='ocrx_word' id='word_1_36' title='bbox 843 690 936 752; x_wconf 52' lang='lat' dir='ltr'><strong>liguria</strong></span> 
     </span>
    </p>
   </div>
   <div class='ocr_carea' id='block_1_4' title="bbox 168 788 1214 942">
    <p class='ocr_par' dir='ltr' id='par_1_4' title="bbox 168 788 1214 942">
     <span class='ocr_line' id='line_1_6' title="bbox 168 788 1213 862; baseline -0.007 -16"><span class='ocrx_word' id='word_1_37' title='bbox 168 794 230 846; x_wconf 88' lang='lat' dir='ltr'><strong>licet</strong></span> <span class='ocrx_word' id='word_1_38' title='bbox 244 791 280 844; x_wconf 92' lang='lat' dir='ltr'><strong>ibi</strong></span> <span class='ocrx_word' id='word_1_39' title='bbox 291 792 362 843; x_wconf 83' lang='lat' dir='ltr'><strong>forte</strong></span> <span class='ocrx_word' id='word_1_40' title='bbox 373 809 422 862; x_wconf 89' lang='lat' dir='ltr'><strong>per</strong></span> <span class='ocrx_word' id='word_1_41' title='bbox 432 810 502 843; x_wconf 85' lang='lat' dir='ltr'><strong>ceras</strong></span> <span class='ocrx_word' id='word_1_42' title='bbox 515 791 608 842; x_wconf 81' lang='lat' dir='ltr'>innuat</span> <span class='ocrx_word' id='word_1_43' title='bbox 618 790 760 860; x_wconf 71' lang='lat' dir='ltr'><strong>plasticen,</strong></span> <span class='ocrx_word' id='word_1_44' title='bbox 776 803 806 841; x_wconf 92' lang='lat' dir='ltr'><strong>ut</strong></span> <span class='ocrx_word' id='word_1_45' title='bbox 820 788 891 860; x_wconf 91' lang='lat' dir='ltr'><strong>apud</strong></span> <span class='ocrx_word' id='word_1_46' title='bbox 903 789 1016 841; x_wconf 86' lang='lat' dir='ltr'><strong>Plinium</strong></span> <span class='ocrx_word' id='word_1_47' title='bbox 1031 789 1113 859; x_wconf 82' lang='lat' dir='ltr'><strong>Epist.</strong></span> <span class='ocrx_word' id='word_1_48' title='bbox 1129 790 1173 853; x_wconf 81' lang='grc' dir='ltr'><strong>Ν,</strong></span> <span class='ocrx_word' id='word_1_49' title='bbox 1189 805 1213 856; x_wconf 87' lang='lat'><strong>7,</strong></span> 
     </span>
     <span class='ocr_line' id='line_1_7' title="bbox 168 865 1214 942; baseline -0.005 -17"><span class='ocrx_word' id='word_1_50' title='bbox 168 873 202 925; x_wconf 90' lang='lat' dir='ltr'><strong>de</strong></span> <span class='ocrx_word' id='word_1_51' title='bbox 213 872 306 942; x_wconf 77' lang='lat' dir='ltr'><strong>Reguli</strong></span> <span class='ocrx_word' id='word_1_52' title='bbox 318 871 380 923; x_wconf 87' lang='lat' dir='ltr'><strong>filio.</strong></span> <span class='ocrx_word' id='word_1_53' title='bbox 396 870 446 922; x_wconf 86' lang='lat' dir='ltr'><strong>Sed</strong></span> <span class='ocrx_word' id='word_1_54' title='bbox 461 872 579 921; x_wconf 90' lang='lat' dir='ltr'><strong>omnium</strong></span> <span class='ocrx_word' id='word_1_55' title='bbox 596 869 741 921; x_wconf 88' lang='lat' dir='ltr'><strong>simillimus</strong></span> <span class='ocrx_word' id='word_1_56' title='bbox 759 883 784 921; x_wconf 90' lang='lat' dir='ltr'><strong>et</strong></span> <span class='ocrx_word' id='word_1_57' title='bbox 796 869 875 940; x_wconf 83' lang='lat' dir='ltr'><strong>piane</strong></span> <span class='ocrx_word' id='word_1_58' title='bbox 888 865 950 920; x_wconf 89' lang='lat' dir='ltr'><strong>huic</strong></span> <span class='ocrx_word' id='word_1_59' title='bbox 964 870 1085 938; x_wconf 78' lang='lat' dir='ltr'><strong>geminus</strong></span> <span class='ocrx_word' id='word_1_60' title='bbox 1097 868 1172 920; x_wconf 89' lang='lat' dir='ltr'><strong>locus</strong></span> <span class='ocrx_word' id='word_1_61' title='bbox 1186 871 1214 920; x_wconf 92' lang='lat' dir='ltr'><strong>iu</strong></span> 
     </span>
    </p>
   </div>
   <div class='ocr_carea' id='block_1_5' title="bbox 168 947 1316 1021">
    <p class='ocr_par' dir='ltr' id='par_1_5' title="bbox 168 947 1316 1021">
     <span class='ocr_line' id='line_1_8' title="bbox 168 947 1316 1021; baseline -0.006 -17"><span class='ocrx_word' id='word_1_62' title='bbox 168 953 322 1005; x_wconf 88' lang='lat' dir='ltr'><strong>Surrentino</strong></span> <span class='ocrx_word' id='word_1_63' title='bbox 336 950 424 1015; x_wconf 84' lang='lat' dir='ltr'><strong>Pollii,</strong></span> <span class='ocrx_word' id='word_1_64' title='bbox 435 969 458 1001; x_wconf 85' lang='lat' dir='ltr'><strong>v.</strong></span> <span class='ocrx_word' id='word_1_65' title='bbox 472 949 521 1014; x_wconf 81' lang='lat'><strong>63,</strong></span> <span class='ocrx_word' id='word_1_66' title='bbox 535 950 562 998; x_wconf 95' lang='lat' dir='ltr'><strong>in</strong></span> <span class='ocrx_word' id='word_1_67' title='bbox 576 951 633 1019; x_wconf 91' lang='lat' dir='ltr'><strong>pari</strong></span> <span class='ocrx_word' id='word_1_68' title='bbox 647 947 836 1018; x_wconf 79' lang='lat' dir='ltr'><strong>descriptione.</strong></span> <span class='ocrx_word' id='word_1_69' title='bbox 846 949 884 999; x_wconf 87' lang='lat' dir='ltr'><strong>Ex</strong></span> <span class='ocrx_word' id='word_1_70' title='bbox 895 948 936 1000; x_wconf 91' lang='lat' dir='ltr'><strong>his</strong></span> <span class='ocrx_word' id='word_1_71' title='bbox 947 947 1021 1000; x_wconf 88' lang='lat' dir='ltr'><strong>Statii</strong></span> <span class='ocrx_word' id='word_1_72' title='bbox 1034 947 1100 1000; x_wconf 88' lang='lat' dir='ltr'><strong>locis</strong></span> <span class='ocrx_word' id='word_1_73' title='bbox 1114 947 1157 1020; x_wconf 90' lang='lat' dir='ltr'><strong>(et</strong></span> <span class='ocrx_word' id='word_1_74' title='bbox 1172 949 1214 998; x_wconf 90' lang='lat' dir='ltr'><strong>in·</strong></span> <span class='ocrx_word' id='word_1_75' title='bbox 1313 1017 1316 1021; x_wconf 19' lang='grc' dir='ltr'>ι</span> 
     </span>
    </p>
   </div>
   <div class='ocr_carea' id='block_1_6' title="bbox 105 1025 1219 3734">
    <p class='ocr_par' dir='ltr' id='par_1_6' title="bbox 105 1025 1219 3734">
     <span class='ocr_line' id='line_1_9' title="bbox 169 1025 1213 1098; baseline -0.005 -14"><span class='ocrx_word' id='word_1_76' title='bbox 169 1049 277 1084; x_wconf 87' lang='lat' dir='ltr'><strong>numera</strong></span> <span class='ocrx_word' id='word_1_77' title='bbox 292 1049 324 1082; x_wconf 85' lang='lat' dir='ltr'><strong>ex</strong></span> <span class='ocrx_word' id='word_1_78' title='bbox 340 1028 397 1081; x_wconf 84' lang='lat' dir='ltr'><strong>aliis</strong></span> <span class='ocrx_word' id='word_1_79' title='bbox 414 1026 567 1080; x_wconf 85' lang='lat' dir='ltr'><strong>auctoribus</strong></span> <span class='ocrx_word' id='word_1_80' title='bbox 582 1025 644 1078; x_wconf 80' lang='lat' dir='ltr'><strong>addi</strong></span> <span class='ocrx_word' id='word_1_81' title='bbox 658 1026 786 1098; x_wconf 89' lang='lat' dir='ltr'><strong>possunt)</strong></span> <span class='ocrx_word' id='word_1_82' title='bbox 804 1027 877 1079; x_wconf 84' lang='lat' dir='ltr'><strong>vides</strong></span> <span class='ocrx_word' id='word_1_83' title='bbox 896 1046 955 1079; x_wconf 89' lang='lat' dir='ltr'><strong>eum</strong></span> <span class='ocrx_word' id='word_1_84' title='bbox 973 1029 1076 1095; x_wconf 72' lang='lat' dir='ltr'><strong>smmis,</strong></span> <span class='ocrx_word' id='word_1_85' title='bbox 1094 1042 1213 1092; x_wconf 78' lang='lat' dir='ltr'><strong>etcum,</strong></span> 
     </span>
     <span class='ocr_line' id='line_1_10' title="bbox 168 1108 1215 1184; baseline -0.006 -19"><span class='ocrx_word' id='word_1_86' title='bbox 168 1122 287 1184; x_wconf 75' lang='lat' dir='ltr'><strong>arpento,</strong></span> <span class='ocrx_word' id='word_1_87' title='bbox 298 1112 386 1176; x_wconf 85' lang='lat' dir='ltr'><strong>ebore,</strong></span> <span class='ocrx_word' id='word_1_88' title='bbox 398 1125 447 1161; x_wconf 87' lang='lat' dir='ltr'><strong>oere</strong></span> <span class='ocrx_word' id='word_1_89' title='bbox 459 1125 563 1177; x_wconf 81' lang='lat' dir='ltr'><strong>semper</strong></span> <span class='ocrx_word' id='word_1_90' title='bbox 573 1109 745 1178; x_wconf 87' lang='lat' dir='ltr'><strong>conjunctam</strong></span> <span class='ocrx_word' id='word_1_91' title='bbox 757 1127 814 1160; x_wconf 90' lang='lat' dir='ltr'><strong>esse</strong></span> <span class='ocrx_word' id='word_1_92' title='bbox 824 1108 972 1181; x_wconf 78' lang='lat' dir='ltr'><strong>pictumm5</strong></span> <span class='ocrx_word' id='word_1_93' title='bbox 984 1111 1054 1159; x_wconf 87' lang='lat' dir='ltr'><strong>etita</strong></span> <span class='ocrx_word' id='word_1_94' title='bbox 1066 1109 1124 1160; x_wconf 89' lang='lat' dir='ltr'><strong>lieri</strong></span> <span class='ocrx_word' id='word_1_95' title='bbox 1136 1127 1215 1180; x_wconf 90' lang='lat' dir='ltr'><strong>opor-</strong></span> 
     </span>
     <span class='ocr_line' id='line_1_11' title="bbox 168 1186 1214 1262; baseline -0.004 -18"><span class='ocrx_word' id='word_1_96' title='bbox 168 1196 233 1260; x_wconf 83' lang='lat' dir='ltr'><strong>tuit,</strong></span> <span class='ocrx_word' id='word_1_97' title='bbox 246 1191 387 1262; x_wconf 71' lang='lat' dir='ltr'><strong>presertim</strong></span> <span class='ocrx_word' id='word_1_98' title='bbox 401 1192 428 1241; x_wconf 88' lang='lat' dir='ltr'><strong>in</strong></span> <span class='ocrx_word' id='word_1_99' title='bbox 443 1188 622 1259; x_wconf 84' lang='lat' dir='ltr'><strong>descriptione</strong></span> <span class='ocrx_word' id='word_1_100' title='bbox 637 1186 738 1240; x_wconf 88' lang='lat' dir='ltr'><strong>domini</strong></span> <span class='ocrx_word' id='word_1_101' title='bbox 751 1201 778 1239; x_wconf 91' lang='lat' dir='ltr'><strong>et</strong></span> <span class='ocrx_word' id='word_1_102' title='bbox 794 1187 859 1239; x_wconf 78' lang='lat' dir='ltr'><strong>ville</strong></span> <span class='ocrx_word' id='word_1_103' title='bbox 874 1188 1000 1260; x_wconf 72' lang='lat' dir='ltr'><strong>elegantis</strong></span> <span class='ocrx_word' id='word_1_104' title='bbox 1013 1186 1103 1258; x_wconf 91' lang='lat' dir='ltr'><strong>(unde</strong></span> <span class='ocrx_word' id='word_1_105' title='bbox 1115 1190 1214 1259; x_wconf 85' lang='lat' dir='ltr'><strong>pictam</strong></span> 
     </span>
     <span class='ocr_line' id='line_1_12' title="bbox 169 1267 1214 1340; baseline -0.006 -16"><span class='ocrx_word' id='word_1_106' title='bbox 169 1272 260 1324; x_wconf 83' lang='lat' dir='ltr'><strong>uillam</strong></span> <span class='ocrx_word' id='word_1_107' title='bbox 275 1283 352 1323; x_wconf 85' lang='lat' dir='ltr'><strong>vocat</strong></span> <span class='ocrx_word' id='word_1_108' title='bbox 363 1268 504 1333; x_wconf 77' lang='lat' dir='ltr'><strong>Martialis,</strong></span> <span class='ocrx_word' id='word_1_109' title='bbox 517 1269 562 1334; x_wconf 82' lang='lat' dir='ltr'><strong>IV,</strong></span> <span class='ocrx_word' id='word_1_110' title='bbox 575 1267 623 1338; x_wconf 87' lang='grc'><strong>58)</strong></span> <span class='ocrx_word' id='word_1_111' title='bbox 641 1287 698 1340; x_wconf 76' lang='lat' dir='ltr'><strong>que</strong></span> <span class='ocrx_word' id='word_1_112' title='bbox 716 1269 771 1320; x_wconf 90' lang='lat' dir='ltr'><strong>sine</strong></span> <span class='ocrx_word' id='word_1_113' title='bbox 790 1270 951 1339; x_wconf 87' lang='lat' dir='ltr'><strong>optimorum</strong></span> <span class='ocrx_word' id='word_1_114' title='bbox 967 1269 1099 1340; x_wconf 87' lang='lat' dir='ltr'><strong>pictorum</strong></span> <span class='ocrx_word' id='word_1_115' title='bbox 1117 1267 1214 1320; x_wconf 86' lang='lat' dir='ltr'><strong>tabulis</strong></span> 
     </span>
     <span class='ocr_line' id='line_1_13' title="bbox 168 1348 1214 1422; baseline -0.006 -19"><span class='ocrx_word' id='word_1_116' title='bbox 168 1369 335 1422; x_wconf 77' lang='lat' dir='ltr'><strong>nequequam</strong></span> <span class='ocrx_word' id='word_1_117' title='bbox 349 1348 402 1402; x_wconf 88' lang='lat' dir='ltr'><strong>hoc</strong></span> <span class='ocrx_word' id='word_1_118' title='bbox 416 1367 513 1400; x_wconf 89' lang='lat' dir='ltr'><strong>nomen</strong></span> <span class='ocrx_word' id='word_1_119' title='bbox 528 1362 683 1414; x_wconf 89' lang='lat' dir='ltr'><strong>mereretur,</strong></span> <span class='ocrx_word' id='word_1_120' title='bbox 698 1361 724 1400; x_wconf 91' lang='lat' dir='ltr'><strong>et</strong></span> <span class='ocrx_word' id='word_1_121' title='bbox 740 1350 767 1399; x_wconf 92' lang='lat' dir='ltr'><strong>in</strong></span> <span class='ocrx_word' id='word_1_122' title='bbox 782 1350 918 1419; x_wconf 88' lang='lat' dir='ltr'><strong>potissima</strong></span> <span class='ocrx_word' id='word_1_123' title='bbox 935 1348 1122 1418; x_wconf 75' lang='lat' dir='ltr'><strong>elegantiarum</strong></span> <span class='ocrx_word' id='word_1_124' title='bbox 1138 1359 1214 1418; x_wconf 85' lang='lat' dir='ltr'><strong>parte</strong></span> 
     </span>
     <span class='ocr_line' id='line_1_14' title="bbox 169 1425 1213 1501; baseline -0.005 -18"><span class='ocrx_word' id='word_1_125' title='bbox 169 1430 302 1483; x_wconf 84' lang='lat' dir='ltr'><strong>deiiceret.</strong></span> <span class='ocrx_word' id='word_1_126' title='bbox 312 1428 408 1480; x_wconf 85' lang='lat' dir='ltr'><strong>Nullus</strong></span> <span class='ocrx_word' id='word_1_127' title='bbox 416 1427 510 1481; x_wconf 90' lang='lat' dir='ltr'><strong>dubito</strong></span> <span class='ocrx_word' id='word_1_128' title='bbox 523 1429 587 1499; x_wconf 86' lang='lat' dir='ltr'><strong>quin</strong></span> <span class='ocrx_word' id='word_1_129' title='bbox 597 1428 647 1482; x_wconf 89' lang='lat' dir='ltr'><strong>sub</strong></span> <span class='ocrx_word' id='word_1_130' title='bbox 659 1446 725 1480; x_wconf 83' lang='lat' dir='ltr'><strong>voce</strong></span> <span class='ocrx_word' id='word_1_131' title='bbox 735 1428 844 1482; x_wconf 64' lang='lat' dir='ltr'><strong>colores</strong></span> <span class='ocrx_word' id='word_1_132' title='bbox 853 1429 948 1501; x_wconf 86' lang='lat' dir='ltr'><strong>(quam</strong></span> <span class='ocrx_word' id='word_1_133' title='bbox 961 1428 1049 1480; x_wconf 89' lang='lat' dir='ltr'><strong>multis</strong></span> <span class='ocrx_word' id='word_1_134' title='bbox 1060 1425 1213 1478; x_wconf 88' lang='lat' dir='ltr'><strong>nominibus</strong></span> 
     </span>
     <span class='ocr_line' id='line_1_15' title="bbox 169 1506 1214 1580; baseline -0.006 -18"><span class='ocrx_word' id='word_1_135' title='bbox 169 1508 312 1563; x_wconf 87' lang='lat' dir='ltr'><strong>absurdam</strong></span> <span class='ocrx_word' id='word_1_136' title='bbox 322 1527 379 1561; x_wconf 87' lang='lat' dir='ltr'><strong>esse</strong></span> <span class='ocrx_word' id='word_1_137' title='bbox 389 1506 515 1580; x_wconf 82' lang='lat' dir='ltr'><strong>probavi)</strong></span> <span class='ocrx_word' id='word_1_138' title='bbox 525 1506 603 1560; x_wconf 88' lang='lat' dir='ltr'><strong>lateat</strong></span> <span class='ocrx_word' id='word_1_139' title='bbox 614 1508 711 1576; x_wconf 87' lang='lat' dir='ltr'><strong>colore,</strong></span> <span class='ocrx_word' id='word_1_140' title='bbox 724 1527 781 1580; x_wconf 89' lang='lat' dir='ltr'><strong>quae</strong></span> <span class='ocrx_word' id='word_1_141' title='bbox 792 1511 922 1580; x_wconf 82' lang='lat' dir='ltr'><strong>picturam</strong></span> <span class='ocrx_word' id='word_1_142' title='bbox 932 1507 1061 1579; x_wconf 78' lang='lat' dir='ltr'><strong>designet,</strong></span> <span class='ocrx_word' id='word_1_143' title='bbox 1071 1519 1097 1559; x_wconf 87' lang='lat' dir='ltr'><strong>et</strong></span> <span class='ocrx_word' id='word_1_144' title='bbox 1107 1524 1214 1578; x_wconf 85' lang='lat' dir='ltr'><strong>respon·</strong></span> 
     </span>
     <span class='ocr_line' id='line_1_16' title="bbox 169 1588 1215 1663; baseline -0.006 -21"><span class='ocrx_word' id='word_1_145' title='bbox 169 1589 232 1643; x_wconf 70' lang='lat' dir='ltr'><strong>(leat</strong></span> <span class='ocrx_word' id='word_1_146' title='bbox 243 1589 450 1663; x_wconf 73' lang='lat' dir='ltr'><strong>precedentibus</strong></span> <span class='ocrx_word' id='word_1_147' title='bbox 464 1599 571 1662; x_wconf 71' lang='lat' dir='ltr'><strong>arpenta</strong></span> <span class='ocrx_word' id='word_1_148' title='bbox 583 1601 609 1640; x_wconf 91' lang='lat' dir='ltr'><strong>et</strong></span> <span class='ocrx_word' id='word_1_149' title='bbox 622 1607 679 1641; x_wconf 79' lang='lat' dir='ltr'><strong>ere.</strong></span> <span class='ocrx_word' id='word_1_150' title='bbox 691 1591 749 1640; x_wconf 81' lang='lat' dir='ltr'><strong>lior</strong></span> <span class='ocrx_word' id='word_1_151' title='bbox 761 1592 882 1658; x_wconf 85' lang='lat' dir='ltr'><strong>invento,</strong></span> <span class='ocrx_word' id='word_1_152' title='bbox 895 1588 1049 1663; x_wconf 76' lang='lat' dir='ltr'><strong>quarendus</strong></span> <span class='ocrx_word' id='word_1_153' title='bbox 1059 1590 1113 1658; x_wconf 86' lang='lat' dir='ltr'><strong>jam</strong></span> <span class='ocrx_word' id='word_1_154' title='bbox 1127 1589 1215 1660; x_wconf 91' lang='lat' dir='ltr'><strong>pictor</strong></span> 
     </span>
     <span class='ocr_line' id='line_1_17' title="bbox 169 1666 1214 1742; baseline -0.006 -18"><span class='ocrx_word' id='word_1_155' title='bbox 169 1671 288 1724; x_wconf 85' lang='lat' dir='ltr'><strong>celebris.</strong></span> <span class='ocrx_word' id='word_1_156' title='bbox 301 1673 335 1724; x_wconf 84' lang='lat' dir='ltr'><strong>Et</strong></span> <span class='ocrx_word' id='word_1_157' title='bbox 346 1689 482 1742; x_wconf 85' lang='lat' dir='ltr'><strong>nunquam</strong></span> <span class='ocrx_word' id='word_1_158' title='bbox 497 1666 560 1721; x_wconf 86' lang='lat' dir='ltr'><strong>milri</strong></span> <span class='ocrx_word' id='word_1_159' title='bbox 573 1669 672 1741; x_wconf 80' lang='lat' dir='ltr'><strong>placuit</strong></span> <span class='ocrx_word' id='word_1_160' title='bbox 684 1669 754 1722; x_wconf 85' lang='lat' dir='ltr'><strong>istud</strong></span> <span class='ocrx_word' id='word_1_161' title='bbox 767 1668 828 1723; x_wconf 83' lang='lat' dir='ltr'><strong>lusit</strong></span> <span class='ocrx_word' id='word_1_162' title='bbox 841 1671 937 1741; x_wconf 87' lang='lat' dir='ltr'><strong>(sentis</strong></span> <span class='ocrx_word' id='word_1_163' title='bbox 946 1673 1015 1741; x_wconf 87' lang='lat' dir='ltr'><strong>jam,</strong></span> <span class='ocrx_word' id='word_1_164' title='bbox 1028 1668 1060 1720; x_wconf 91' lang='lat' dir='ltr'><strong>cl.</strong></span> <span class='ocrx_word' id='word_1_165' title='bbox 1073 1669 1121 1734; x_wconf 78' lang='lat' dir='ltr'><strong>vir,</strong></span> <span class='ocrx_word' id='word_1_166' title='bbox 1132 1669 1214 1719; x_wconf 85' lang='lat' dir='ltr'><strong>Frau-</strong></span> 
     </span>
     <span class='ocr_line' id='line_1_18' title="bbox 170 1747 1214 1823; baseline -0.007 -20"><span class='ocrx_word' id='word_1_167' title='bbox 170 1753 239 1805; x_wconf 86' lang='lat' dir='ltr'><strong>eisoe</strong></span> <span class='ocrx_word' id='word_1_168' title='bbox 250 1753 334 1818; x_wconf 83' lang='lat' dir='ltr'><strong>Here,</strong></span> <span class='ocrx_word' id='word_1_169' title='bbox 347 1749 412 1822; x_wconf 93' lang='lat' dir='ltr'><strong>quid</strong></span> <span class='ocrx_word' id='word_1_170' title='bbox 426 1749 544 1801; x_wconf 89' lang='lat' dir='ltr'><strong>dicturus</strong></span> <span class='ocrx_word' id='word_1_171' title='bbox 559 1754 632 1817; x_wconf 83' lang='lat' dir='ltr'><strong>sum)</strong></span> <span class='ocrx_word' id='word_1_172' title='bbox 646 1752 761 1820; x_wconf 87' lang='lat' dir='ltr'><strong>pretium</strong></span> <span class='ocrx_word' id='word_1_173' title='bbox 773 1753 844 1802; x_wconf 89' lang='lat' dir='ltr'><strong>enim</strong></span> <span class='ocrx_word' id='word_1_174' title='bbox 856 1764 881 1802; x_wconf 87' lang='lat' dir='ltr'><strong>et</strong></span> <span class='ocrx_word' id='word_1_175' title='bbox 894 1750 1047 1823; x_wconf 72' lang='lat' dir='ltr'><strong>dignitatem</strong></span> <span class='ocrx_word' id='word_1_176' title='bbox 1060 1747 1147 1820; x_wconf 89' lang='lat' dir='ltr'><strong>operis</strong></span> <span class='ocrx_word' id='word_1_177' title='bbox 1159 1763 1214 1798; x_wconf 89' lang='lat' dir='ltr'><strong>non</strong></span> 
     </span>
     <span class='ocr_line' id='line_1_19' title="bbox 170 1824 1214 1902; baseline -0.008 -19"><span class='ocrx_word' id='word_1_178' title='bbox 170 1834 233 1884; x_wconf 84' lang='lat' dir='ltr'><strong>satis</strong></span> <span class='ocrx_word' id='word_1_179' title='bbox 245 1832 366 1902; x_wconf 86' lang='lat' dir='ltr'><strong>exprimit</strong></span> <span class='ocrx_word' id='word_1_180' title='bbox 377 1833 426 1882; x_wconf 86' lang='lat' dir='ltr'><strong>ista</strong></span> <span class='ocrx_word' id='word_1_181' title='bbox 438 1848 504 1882; x_wconf 81' lang='lat' dir='ltr'><strong>vox:</strong></span> <span class='ocrx_word' id='word_1_182' title='bbox 519 1842 545 1881; x_wconf 91' lang='lat' dir='ltr'><strong>et</strong></span> <span class='ocrx_word' id='word_1_183' title='bbox 556 1827 651 1881; x_wconf 75' lang='lat' dir='ltr'><strong>dixisse</strong></span> <span class='ocrx_word' id='word_1_184' title='bbox 662 1831 752 1901; x_wconf 87' lang='lat' dir='ltr'><strong>potius</strong></span> <span class='ocrx_word' id='word_1_185' title='bbox 765 1828 857 1882; x_wconf 89' lang='lat' dir='ltr'><strong>debuit</strong></span> <span class='ocrx_word' id='word_1_186' title='bbox 870 1831 982 1897; x_wconf 81' lang='lat' dir='ltr'><strong>Statius,</strong></span> <span class='ocrx_word' id='word_1_187' title='bbox 999 1824 1148 1902; x_wconf 73' lang='lat' dir='ltr'><strong>«quicquid</strong></span> <span class='ocrx_word' id='word_1_188' title='bbox 1159 1844 1214 1876; x_wconf 86' lang='lat' dir='ltr'><strong>me·</strong></span> 
     </span>
     <span class='ocr_line' id='line_1_20' title="bbox 170 1905 1216 1982; baseline -0.006 -20"><span class='ocrx_word' id='word_1_189' title='bbox 170 1929 219 1962; x_wconf 80' lang='lat' dir='ltr'><strong>ntis</strong></span> <span class='ocrx_word' id='word_1_190' title='bbox 231 1910 350 1982; x_wconf 77' lang='lat' dir='ltr'><strong>Myronis</strong></span> <span class='ocrx_word' id='word_1_191' title='bbox 360 1908 503 1975; x_wconf 82' lang='lat' dir='ltr'><strong>laboravit,</strong></span> <span class='ocrx_word' id='word_1_192' title='bbox 513 1931 524 1956; x_wconf 68' lang='lat' dir='ltr'><strong>a</strong></span> <span class='ocrx_word' id='word_1_193' title='bbox 536 1922 566 1960; x_wconf 91' lang='lat' dir='ltr'><strong>ut</strong></span> <span class='ocrx_word' id='word_1_194' title='bbox 577 1907 637 1961; x_wconf 89' lang='lat' dir='ltr'><strong>loco</strong></span> <span class='ocrx_word' id='word_1_195' title='bbox 651 1911 837 1980; x_wconf 81' lang='lat' dir='ltr'><strong>supracitato:</strong></span> <span class='ocrx_word' id='word_1_196' title='bbox 854 1909 988 1962; x_wconf 81' lang='lat' dir='ltr'><strong>«multum</strong></span> <span class='ocrx_word' id='word_1_197' title='bbox 995 1908 1100 1980; x_wconf 79' lang='lat' dir='ltr'><strong>vigilata</strong></span> <span class='ocrx_word' id='word_1_198' title='bbox 1112 1905 1216 1978; x_wconf 65' lang='lat' dir='ltr'><strong>Myroni</strong></span> 
     </span>
     <span class='ocr_line' id='line_1_21' title="bbox 170 1983 1216 2061; baseline -0.008 -20"><span class='ocrx_word' id='word_1_199' title='bbox 170 1991 245 2057; x_wconf 79' lang='lat' dir='ltr'><strong>AEra,</strong></span> <span class='ocrx_word' id='word_1_200' title='bbox 258 2002 284 2040; x_wconf 88' lang='lat' dir='ltr'><strong>et</strong></span> <span class='ocrx_word' id='word_1_201' title='bbox 295 1987 430 2061; x_wconf 75' lang='lat' dir='ltr'><strong>laboriferi</strong></span> <span class='ocrx_word' id='word_1_202' title='bbox 441 1990 534 2039; x_wconf 80' lang='lat' dir='ltr'><strong>vivunt</strong></span> <span class='ocrx_word' id='word_1_203' title='bbox 546 2007 604 2060; x_wconf 81' lang='lat' dir='ltr'><strong>qttae</strong></span> <span class='ocrx_word' id='word_1_204' title='bbox 614 2007 745 2041; x_wconf 85' lang='lat' dir='ltr'><strong>marmora</strong></span> <span class='ocrx_word' id='word_1_205' title='bbox 757 1990 820 2042; x_wconf 76' lang='lat' dir='ltr'><strong>celo</strong></span> <span class='ocrx_word' id='word_1_206' title='bbox 833 1989 1003 2051; x_wconf 52' lang='lat' dir='ltr'><strong>Praxitelis„</strong></span> <span class='ocrx_word' id='word_1_207' title='bbox 1020 2005 1077 2058; x_wconf 84' lang='lat' dir='ltr'><strong>quae</strong></span> <span class='ocrx_word' id='word_1_208' title='bbox 1090 1983 1216 2037; x_wconf 88' lang='lat' dir='ltr'><strong>denotant</strong></span> 
     </span>
     <span class='ocr_line' id='line_1_22' title="bbox 169 2065 1216 2143; baseline -0.01 -20"><span class='ocrx_word' id='word_1_209' title='bbox 169 2086 246 2122; x_wconf 83' lang='lat' dir='ltr'><strong>curas</strong></span> <span class='ocrx_word' id='word_1_210' title='bbox 259 2081 284 2128; x_wconf 88' lang='lat' dir='ltr'><strong>et</strong></span> <span class='ocrx_word' id='word_1_211' title='bbox 298 2068 461 2139; x_wconf 75' lang='lat' dir='ltr'><strong>diligentiam</strong></span> <span class='ocrx_word' id='word_1_212' title='bbox 476 2083 502 2120; x_wconf 91' lang='lat' dir='ltr'><strong>et</strong></span> <span class='ocrx_word' id='word_1_213' title='bbox 514 2068 649 2138; x_wconf 81' lang='lat' dir='ltr'><strong>laborem,</strong></span> <span class='ocrx_word' id='word_1_214' title='bbox 666 2089 744 2143; x_wconf 88' lang='lat' dir='ltr'><strong>quem</strong></span> <span class='ocrx_word' id='word_1_215' title='bbox 756 2071 784 2121; x_wconf 92' lang='lat' dir='ltr'><strong>in</strong></span> <span class='ocrx_word' id='word_1_216' title='bbox 800 2069 840 2121; x_wconf 91' lang='lat' dir='ltr'><strong>his</strong></span> <span class='ocrx_word' id='word_1_217' title='bbox 857 2068 981 2140; x_wconf 89' lang='lat' dir='ltr'><strong>operibus</strong></span> <span class='ocrx_word' id='word_1_218' title='bbox 994 2065 1160 2139; x_wconf 86' lang='lat' dir='ltr'><strong>perficiendis</strong></span> <span class='ocrx_word' id='word_1_219' title='bbox 1174 2065 1216 2115; x_wconf 90' lang='lat' dir='ltr'><strong>in-</strong></span> 
     </span>
     <span class='ocr_line' id='line_1_23' title="bbox 125 2142 1215 2221; baseline -0.01 -17"><span class='ocrx_word' id='word_1_220' title='bbox 125 2177 128 2184; x_wconf 85' lang='lat'><em>·</em></span> <span class='ocrx_word' id='word_1_221' title='bbox 170 2161 319 2203; x_wconf 82' lang='lat' dir='ltr'><strong>sumserunt</strong></span> <span class='ocrx_word' id='word_1_222' title='bbox 332 2148 427 2221; x_wconf 73' lang='lat' dir='ltr'><strong>Myron</strong></span> <span class='ocrx_word' id='word_1_223' title='bbox 442 2162 468 2201; x_wconf 87' lang='lat' dir='ltr'><strong>et</strong></span> <span class='ocrx_word' id='word_1_224' title='bbox 482 2150 632 2202; x_wconf 82' lang='lat' dir='ltr'><strong>Praxiteles.</strong></span> <span class='ocrx_word' id='word_1_225' title='bbox 645 2149 743 2202; x_wconf 83' lang='lat' dir='ltr'><strong>Ludere</strong></span> <span class='ocrx_word' id='word_1_226' title='bbox 754 2168 816 2202; x_wconf 82' lang='lat' dir='ltr'><strong>vero</strong></span> <span class='ocrx_word' id='word_1_227' title='bbox 829 2150 988 2200; x_wconf 85' lang='lat' dir='ltr'><strong>contrarium</strong></span> <span class='ocrx_word' id='word_1_228' title='bbox 1004 2147 1146 2217; x_wconf 77' lang='lat' dir='ltr'><strong>significat,</strong></span> <span class='ocrx_word' id='word_1_229' title='bbox 1159 2142 1215 2195; x_wconf 87' lang='lat' dir='ltr'><strong>scil.</strong></span> 
     </span>
     <span class='ocr_line' id='line_1_24' title="bbox 171 2224 1215 2301; baseline -0.011 -16"><span class='ocrx_word' id='word_1_230' title='bbox 171 2232 261 2285; x_wconf 77' lang='lat' dir='ltr'><strong>leviter</strong></span> <span class='ocrx_word' id='word_1_231' title='bbox 271 2243 298 2282; x_wconf 88' lang='lat' dir='ltr'><strong>ct</strong></span> <span class='ocrx_word' id='word_1_232' title='bbox 311 2231 366 2282; x_wconf 83' lang='lat' dir='ltr'><strong>sine</strong></span> <span class='ocrx_word' id='word_1_233' title='bbox 379 2247 443 2280; x_wconf 86' lang='lat' dir='ltr'><strong>cura</strong></span> <span class='ocrx_word' id='word_1_234' title='bbox 458 2230 590 2301; x_wconf 70' lang='lat' dir='ltr'><strong>effingere.</strong></span> <span class='ocrx_word' id='word_1_235' title='bbox 604 2231 637 2281; x_wconf 81' lang='lat' dir='ltr'><strong>Et</strong></span> <span class='ocrx_word' id='word_1_236' title='bbox 651 2233 672 2281; x_wconf 90' lang='lat' dir='ltr'><strong>si</strong></span> <span class='ocrx_word' id='word_1_237' title='bbox 685 2231 719 2280; x_wconf 88' lang='lat' dir='ltr'><strong>ita</strong></span> <span class='ocrx_word' id='word_1_238' title='bbox 732 2231 835 2300; x_wconf 80' lang='lat' dir='ltr'><strong>scripsit</strong></span> <span class='ocrx_word' id='word_1_239' title='bbox 846 2229 956 2291; x_wconf 80' lang='lat' dir='ltr'><strong>Statius,</strong></span> <span class='ocrx_word' id='word_1_240' title='bbox 973 2227 1022 2278; x_wconf 89' lang='lat' dir='ltr'><strong>sibi</strong></span> <span class='ocrx_word' id='word_1_241' title='bbox 1037 2228 1087 2298; x_wconf 89' lang='lat' dir='ltr'><strong>ipsi</strong></span> <span class='ocrx_word' id='word_1_242' title='bbox 1098 2227 1176 2277; x_wconf 88' lang='lat' dir='ltr'><strong>etiam</strong></span> <span class='ocrx_word' id='word_1_243' title='bbox 1188 2224 1215 2274; x_wconf 92' lang='lat' dir='ltr'><strong>in</strong></span> 
     </span>
     <span class='ocr_line' id='line_1_25' title="bbox 170 2305 1217 2380; baseline -0.009 -18"><span class='ocrx_word' id='word_1_244' title='bbox 170 2309 222 2362; x_wconf 87' lang='lat' dir='ltr'><strong>hoc</strong></span> <span class='ocrx_word' id='word_1_245' title='bbox 234 2309 311 2361; x_wconf 65' lang='lat' dir='ltr'><strong>&#39;versu</strong></span> <span class='ocrx_word' id='word_1_246' title='bbox 325 2309 490 2360; x_wconf 84' lang='lat' dir='ltr'><strong>contradicit.</strong></span> <span class='ocrx_word' id='word_1_247' title='bbox 505 2311 550 2361; x_wconf 82' lang='lat' dir='ltr'><strong>Ait</strong></span> <span class='ocrx_word' id='word_1_248' title='bbox 562 2311 645 2373; x_wconf 84' lang='lat' dir='ltr'><strong>enim,</strong></span> <span class='ocrx_word' id='word_1_249' title='bbox 661 2309 808 2380; x_wconf 69' lang='lat' dir='ltr'><strong>:quicquid</strong></span> <span class='ocrx_word' id='word_1_250' title='bbox 823 2325 916 2358; x_wconf 87' lang='lat' dir='ltr'><strong>manus</strong></span> <span class='ocrx_word' id='word_1_251' title='bbox 928 2307 1045 2377; x_wconf 80' lang='lat' dir='ltr'><strong>Myronis</strong></span> <span class='ocrx_word' id='word_1_252' title='bbox 1060 2305 1123 2355; x_wconf 88' lang='lat' dir='ltr'><strong>lusit</strong></span> <span class='ocrx_word' id='word_1_253' title='bbox 1134 2314 1160 2355; x_wconf 87' lang='lat' dir='ltr'><strong>et</strong></span> <span class='ocrx_word' id='word_1_254' title='bbox 1172 2320 1217 2353; x_wconf 85' lang='lat' dir='ltr'><strong>ex·</strong></span> 
     </span>
     <span class='ocr_line' id='line_1_26' title="bbox 169 2382 1216 2464; baseline -0.011 -22"><span class='ocrx_word' id='word_1_255' title='bbox 169 2403 244 2464; x_wconf 88' lang='lat' dir='ltr'><strong>perta</strong></span> <span class='ocrx_word' id='word_1_256' title='bbox 260 2401 330 2441; x_wconf 78' lang='lat' dir='ltr'><strong>est.»</strong></span> <span class='ocrx_word' id='word_1_257' title='bbox 347 2391 428 2460; x_wconf 77' lang='lat' dir='ltr'><strong>Atqui</strong></span> <span class='ocrx_word' id='word_1_258' title='bbox 442 2388 579 2460; x_wconf 89' lang='lat' dir='ltr'><strong>quomodo</strong></span> <span class='ocrx_word' id='word_1_259' title='bbox 593 2388 648 2440; x_wconf 88' lang='lat' dir='ltr'><strong>lieri</strong></span> <span class='ocrx_word' id='word_1_260' title='bbox 660 2400 787 2459; x_wconf 86' lang='lat' dir='ltr'><strong>potestat</strong></span> <span class='ocrx_word' id='word_1_261' title='bbox 801 2387 892 2439; x_wconf 88' lang='lat' dir='ltr'><strong>eadem</strong></span> <span class='ocrx_word' id='word_1_262' title='bbox 905 2403 1012 2451; x_wconf 86' lang='lat' dir='ltr'><strong>manus,</strong></span> <span class='ocrx_word' id='word_1_263' title='bbox 1026 2398 1052 2436; x_wconf 88' lang='lat' dir='ltr'><strong>ct</strong></span> <span class='ocrx_word' id='word_1_264' title='bbox 1063 2382 1173 2446; x_wconf 84' lang='lat' dir='ltr'><strong>luderet,</strong></span> <span class='ocrx_word' id='word_1_265' title='bbox 1190 2394 1216 2432; x_wconf 88' lang='lat' dir='ltr'><strong>et</strong></span> 
     </span>
     <span class='ocr_line' id='line_1_27' title="bbox 170 2463 1215 2542; baseline -0.009 -21"><span class='ocrx_word' id='word_1_266' title='bbox 170 2471 326 2542; x_wconf 64' lang='lat' dir='ltr'><strong>aperiretur</strong></span> <span class='ocrx_word' id='word_1_267' title='bbox 334 2467 404 2521; x_wconf 87' lang='lat' dir='ltr'><strong>idem</strong></span> <span class='ocrx_word' id='word_1_268' title='bbox 416 2470 498 2541; x_wconf 83' lang='lat' dir='ltr'><strong>opus?</strong></span> <span class='ocrx_word' id='word_1_269' title='bbox 511 2468 599 2521; x_wconf 86' lang='lat' dir='ltr'><strong>ludere</strong></span> <span class='ocrx_word' id='word_1_270' title='bbox 610 2486 688 2540; x_wconf 83' lang='lat' dir='ltr'><strong>opus,</strong></span> <span class='ocrx_word' id='word_1_271' title='bbox 703 2481 731 2519; x_wconf 92' lang='lat' dir='ltr'><strong>ut</strong></span> <span class='ocrx_word' id='word_1_272' title='bbox 743 2467 805 2533; x_wconf 85' lang='lat' dir='ltr'><strong>dixi,</strong></span> <span class='ocrx_word' id='word_1_273' title='bbox 821 2481 860 2519; x_wconf 84' lang='lat' dir='ltr'><strong>est</strong></span> <span class='ocrx_word' id='word_1_274' title='bbox 872 2469 947 2537; x_wconf 88' lang='lat' dir='ltr'><strong>quasi</strong></span> <span class='ocrx_word' id='word_1_275' title='bbox 959 2485 1007 2538; x_wconf 91' lang='lat' dir='ltr'><strong>per</strong></span> <span class='ocrx_word' id='word_1_276' title='bbox 1019 2463 1122 2528; x_wconf 91' lang='lat' dir='ltr'><strong>ludum,</strong></span> <span class='ocrx_word' id='word_1_277' title='bbox 1133 2473 1158 2513; x_wconf 89' lang='lat' dir='ltr'><strong>et</strong></span> <span class='ocrx_word' id='word_1_278' title='bbox 1169 2478 1215 2512; x_wconf 85' lang='lat' dir='ltr'><strong>ne-</strong></span> 
     </span>
     <span class='ocr_line' id='line_1_28' title="bbox 169 2538 1215 2621; baseline -0.011 -21"><span class='ocrx_word' id='word_1_279' title='bbox 169 2548 307 2621; x_wconf 76' lang='lat' dir='ltr'><strong>gligenter,</strong></span> <span class='ocrx_word' id='word_1_280' title='bbox 320 2561 346 2600; x_wconf 89' lang='lat' dir='ltr'><strong>et</strong></span> <span class='ocrx_word' id='word_1_281' title='bbox 356 2546 384 2603; x_wconf 78' lang='lat' dir='ltr'><strong>sir</strong></span> <span class='ocrx_word' id='word_1_282' title='bbox 394 2547 416 2601; x_wconf 82' lang='lat' dir='ltr'><strong>ir</strong></span> <span class='ocrx_word' id='word_1_283' title='bbox 426 2547 534 2618; x_wconf 69' lang='lat' dir='ltr'><strong>rupim·</strong></span> <span class='ocrx_word' id='word_1_284' title='bbox 544 2549 657 2620; x_wconf 75' lang='lat' dir='ltr'><strong>lingere:</strong></span> <span class='ocrx_word' id='word_1_285' title='bbox 669 2548 793 2619; x_wconf 73' lang='lat' dir='ltr'><strong>experiri,</strong></span> <span class='ocrx_word' id='word_1_286' title='bbox 803 2559 911 2614; x_wconf 81' lang='lat' dir='ltr'><strong>contra,</strong></span> <span class='ocrx_word' id='word_1_287' title='bbox 921 2545 1032 2597; x_wconf 89' lang='lat' dir='ltr'><strong>multum</strong></span> <span class='ocrx_word' id='word_1_288' title='bbox 1042 2538 1215 2614; x_wconf 84' lang='lat' dir='ltr'><strong>experiendo,</strong></span> 
     </span>
     <span class='ocr_line' id='line_1_29' title="bbox 171 2619 1216 2699; baseline -0.009 -18"><span class='ocrx_word' id='word_1_289' title='bbox 171 2641 198 2681; x_wconf 85' lang='lat' dir='ltr'><strong>et</strong></span> <span class='ocrx_word' id='word_1_290' title='bbox 211 2628 347 2694; x_wconf 82' lang='lat' dir='ltr'><strong>tentando,</strong></span> <span class='ocrx_word' id='word_1_291' title='bbox 360 2641 386 2680; x_wconf 90' lang='lat' dir='ltr'><strong>et</strong></span> <span class='ocrx_word' id='word_1_292' title='bbox 396 2627 558 2698; x_wconf 80' lang='lat' dir='ltr'><strong>diligentiam</strong></span> <span class='ocrx_word' id='word_1_293' title='bbox 572 2626 723 2680; x_wconf 88' lang='lat' dir='ltr'><strong>adhibendo</strong></span> <span class='ocrx_word' id='word_1_294' title='bbox 734 2625 876 2699; x_wconf 83' lang='lat' dir='ltr'><strong>perficere:</strong></span> <span class='ocrx_word' id='word_1_295' title='bbox 892 2623 963 2678; x_wconf 90' lang='lat' dir='ltr'><strong>unde</strong></span> <span class='ocrx_word' id='word_1_296' title='bbox 975 2621 1132 2696; x_wconf 78' lang='lat' dir='ltr'><strong>experientia</strong></span> <span class='ocrx_word' id='word_1_297' title='bbox 1144 2619 1216 2672; x_wconf 86' lang='lat' dir='ltr'><strong>docti</strong></span> 
     </span>
     <span class='ocr_line' id='line_1_30' title="bbox 171 2704 1217 2781; baseline -0.011 -18"><span class='ocrx_word' id='word_1_298' title='bbox 171 2711 294 2778; x_wconf 80' lang='lat' dir='ltr'><strong>artificis,</strong></span> <span class='ocrx_word' id='word_1_299' title='bbox 311 2708 370 2761; x_wconf 88' lang='lat' dir='ltr'><strong>Silv.</strong></span> <span class='ocrx_word' id='word_1_300' title='bbox 384 2710 429 2775; x_wconf 88' lang='lat' dir='ltr'><strong>IV,</strong></span> <span class='ocrx_word' id='word_1_301' title='bbox 445 2709 470 2761; x_wconf 89' lang='grc'><strong>6.</strong></span> <span class='ocrx_word' id='word_1_302' title='bbox 484 2711 550 2762; x_wconf 88' lang='lat' dir='ltr'><strong>Sunt</strong></span> <span class='ocrx_word' id='word_1_303' title='bbox 566 2711 645 2780; x_wconf 74' lang='lat' dir='ltr'><strong>igitur</strong></span> <span class='ocrx_word' id='word_1_304' title='bbox 656 2704 787 2761; x_wconf 68' lang='lat' dir='ltr'><strong>detinere</strong></span> <span class='ocrx_word' id='word_1_305' title='bbox 798 2719 901 2781; x_wconf 76' lang='lat' dir='ltr'><strong>experta</strong></span> <span class='ocrx_word' id='word_1_306' title='bbox 915 2719 950 2760; x_wconf 83' lang='lat' dir='ltr'><strong>est</strong></span> <span class='ocrx_word' id='word_1_307' title='bbox 965 2721 990 2758; x_wconf 88' lang='lat' dir='ltr'><strong>et</strong></span> <span class='ocrx_word' id='word_1_308' title='bbox 1007 2705 1080 2764; x_wconf 82' lang='lat' dir='ltr'><strong>lusit‚·</strong></span> <span class='ocrx_word' id='word_1_309' title='bbox 1094 2721 1151 2775; x_wconf 70' lang='lat' dir='ltr'><strong>quae</strong></span> <span class='ocrx_word' id='word_1_310' title='bbox 1165 2718 1217 2752; x_wconf 83' lang='lat' dir='ltr'><strong>vox</strong></span> 
     </span>
     <span class='ocr_line' id='line_1_31' title="bbox 105 2783 1218 2861; baseline -0.01 -19"><span class='ocrx_word' id='word_1_311' title='bbox 105 2839 110 2852; x_wconf 82' lang='lat'><strong>,</strong></span> <span class='ocrx_word' id='word_1_312' title='bbox 171 2789 283 2844; x_wconf 91' lang='lat' dir='ltr'><strong>destruit</strong></span> <span class='ocrx_word' id='word_1_313' title='bbox 293 2790 368 2844; x_wconf 86' lang='lat' dir='ltr'><strong>Statii</strong></span> <span class='ocrx_word' id='word_1_314' title='bbox 378 2790 559 2861; x_wconf 89' lang='lat' dir='ltr'><strong>propositum,</strong></span> <span class='ocrx_word' id='word_1_315' title='bbox 572 2788 645 2859; x_wconf 90' lang='lat' dir='ltr'><strong>quod</strong></span> <span class='ocrx_word' id='word_1_316' title='bbox 659 2801 697 2841; x_wconf 88' lang='lat' dir='ltr'><strong>est</strong></span> <span class='ocrx_word' id='word_1_317' title='bbox 709 2786 896 2842; x_wconf 85' lang='lat' dir='ltr'><strong>commendare</strong></span> <span class='ocrx_word' id='word_1_318' title='bbox 908 2787 976 2839; x_wconf 87' lang='lat' dir='ltr'><strong>hanc</strong></span> <span class='ocrx_word' id='word_1_319' title='bbox 990 2783 1077 2837; x_wconf 82' lang='lat' dir='ltr'><strong>villam</strong></span> <span class='ocrx_word' id='word_1_320' title='bbox 1090 2795 1115 2834; x_wconf 88' lang='lat' dir='ltr'><strong>et</strong></span> <span class='ocrx_word' id='word_1_321' title='bbox 1125 2783 1218 2853; x_wconf 87' lang='lat' dir='ltr'><strong>Vopis-</strong></span> 
     </span>
     <span class='ocr_line' id='line_1_32' title="bbox 171 2865 1217 2941; baseline -0.011 -18"><span class='ocrx_word' id='word_1_322' title='bbox 171 2890 232 2924; x_wconf 91' lang='lat' dir='ltr'><strong>cum</strong></span> <span class='ocrx_word' id='word_1_323' title='bbox 239 2870 275 2923; x_wconf 92' lang='lat' dir='ltr'><strong>ob</strong></span> <span class='ocrx_word' id='word_1_324' title='bbox 282 2873 412 2923; x_wconf 86' lang='lat' dir='ltr'><strong>rarissima</strong></span> <span class='ocrx_word' id='word_1_325' title='bbox 423 2882 449 2922; x_wconf 89' lang='lat' dir='ltr'><strong>et</strong></span> <span class='ocrx_word' id='word_1_326' title='bbox 457 2870 654 2940; x_wconf 86' lang='lat' dir='ltr'><strong>pretiosissima,</strong></span> <span class='ocrx_word' id='word_1_327' title='bbox 665 2883 691 2921; x_wconf 91' lang='lat' dir='ltr'><strong>et</strong></span> <span class='ocrx_word' id='word_1_328' title='bbox 701 2872 902 2941; x_wconf 81' lang='lat' dir='ltr'><strong>perfectissima,</strong></span> <span class='ocrx_word' id='word_1_329' title='bbox 911 2887 1000 2941; x_wconf 83' lang='lat' dir='ltr'><strong>opera,</strong></span> <span class='ocrx_word' id='word_1_330' title='bbox 1008 2885 1065 2939; x_wconf 77' lang='lat' dir='ltr'><strong>quse</strong></span> <span class='ocrx_word' id='word_1_331' title='bbox 1076 2865 1181 2916; x_wconf 89' lang='lat' dir='ltr'><strong>Mentor</strong></span> <span class='ocrx_word' id='word_1_332' title='bbox 1191 2873 1217 2912; x_wconf 91' lang='lat' dir='ltr'><strong>et</strong></span> 
     </span>
     <span class='ocr_line' id='line_1_33' title="bbox 172 2944 1217 3023; baseline -0.012 -21"><span class='ocrx_word' id='word_1_333' title='bbox 172 2969 265 3004; x_wconf 81' lang='lat' dir='ltr'><strong>manus</strong></span> <span class='ocrx_word' id='word_1_334' title='bbox 275 2951 406 3023; x_wconf 80' lang='lat' dir='ltr'><strong>Myronis,</strong></span> <span class='ocrx_word' id='word_1_335' title='bbox 418 2966 471 3000; x_wconf 91' lang='lat' dir='ltr'><strong>non</strong></span> <span class='ocrx_word' id='word_1_336' title='bbox 484 2948 558 3015; x_wconf 84' lang='lat' dir='ltr'><strong>lusit,</strong></span> <span class='ocrx_word' id='word_1_337' title='bbox 573 2949 619 3001; x_wconf 89' lang='lat' dir='ltr'><strong>sed</strong></span> <span class='ocrx_word' id='word_1_338' title='bbox 629 2960 733 3021; x_wconf 79' lang='lat' dir='ltr'><strong>experte</strong></span> <span class='ocrx_word' id='word_1_339' title='bbox 743 2963 786 3003; x_wconf 82' lang='lat' dir='ltr'><strong>ert.</strong></span> <span class='ocrx_word' id='word_1_340' title='bbox 799 2953 846 3002; x_wconf 84' lang='lat' dir='ltr'><strong>llis</strong></span> <span class='ocrx_word' id='word_1_341' title='bbox 857 2952 893 3002; x_wconf 86' lang='lat' dir='ltr'><strong>ita</strong></span> <span class='ocrx_word' id='word_1_342' title='bbox 903 2950 1060 3011; x_wconf 86' lang='lat' dir='ltr'><strong>certissima,</strong></span> <span class='ocrx_word' id='word_1_343' title='bbox 1072 2959 1101 2995; x_wconf 85' lang='lat' dir='ltr'><strong>ut</strong></span> <span class='ocrx_word' id='word_1_344' title='bbox 1113 2944 1217 3012; x_wconf 84' lang='lat' dir='ltr'><strong>opinor,</strong></span> 
     </span>
     <span class='ocr_line' id='line_1_34' title="bbox 172 3026 1217 3101; baseline -0.013 -19"><span class='ocrx_word' id='word_1_345' title='bbox 172 3033 375 3084; x_wconf 80' lang='lat' dir='ltr'><strong>ratiocinatione</strong></span> <span class='ocrx_word' id='word_1_346' title='bbox 387 3031 550 3094; x_wconf 85' lang='lat' dir='ltr'><strong>constitutis,</strong></span> <span class='ocrx_word' id='word_1_347' title='bbox 563 3043 589 3082; x_wconf 91' lang='lat' dir='ltr'><strong>et</strong></span> <span class='ocrx_word' id='word_1_348' title='bbox 601 3043 688 3082; x_wconf 83' lang='lat' dir='ltr'><strong>amota</strong></span> <span class='ocrx_word' id='word_1_349' title='bbox 701 3031 790 3101; x_wconf 86' lang='lat' dir='ltr'><strong>inepta</strong></span> <span class='ocrx_word' id='word_1_350' title='bbox 803 3049 868 3082; x_wconf 86' lang='lat' dir='ltr'><strong>voce</strong></span> <span class='ocrx_word' id='word_1_351' title='bbox 882 3028 956 3093; x_wconf 84' lang='lat' dir='ltr'><strong>lusit,</strong></span> <span class='ocrx_word' id='word_1_352' title='bbox 966 3026 1063 3078; x_wconf 83' lang='lat' dir='ltr'><strong>larvam</strong></span> <span class='ocrx_word' id='word_1_353' title='bbox 1076 3033 1159 3093; x_wconf 83' lang='lat' dir='ltr'><strong>ponat</strong></span> <span class='ocrx_word' id='word_1_354' title='bbox 1171 3037 1217 3070; x_wconf 89' lang='lat' dir='ltr'><strong>ce-</strong></span> 
     </span>
     <span class='ocr_line' id='line_1_35' title="bbox 171 3099 1218 3181; baseline -0.011 -19"><span class='ocrx_word' id='word_1_355' title='bbox 171 3109 326 3162; x_wconf 82' lang='lat' dir='ltr'><strong>laberrimns</strong></span> <span class='ocrx_word' id='word_1_356' title='bbox 338 3111 434 3179; x_wconf 81' lang='lat' dir='ltr'><strong>pictor,</strong></span> <span class='ocrx_word' id='word_1_357' title='bbox 447 3120 473 3159; x_wconf 90' lang='lat' dir='ltr'><strong>et</strong></span> <span class='ocrx_word' id='word_1_358' title='bbox 483 3109 596 3181; x_wconf 87' lang='lat' dir='ltr'><strong>prodeat</strong></span> <span class='ocrx_word' id='word_1_359' title='bbox 609 3111 709 3162; x_wconf 73' lang='lat' dir='ltr'><strong>Zeuxis.</strong></span> <span class='ocrx_word' id='word_1_360' title='bbox 727 3111 798 3178; x_wconf 76' lang='lat' dir='ltr'><strong>Lego</strong></span> <span class='ocrx_word' id='word_1_361' title='bbox 814 3110 882 3159; x_wconf 90' lang='lat' dir='ltr'><strong>enim</strong></span> <span class='ocrx_word' id='word_1_362' title='bbox 899 3125 946 3176; x_wconf 91' lang='lat' dir='ltr'><strong>pro</strong></span> <span class='ocrx_word' id='word_1_363' title='bbox 960 3104 1034 3156; x_wconf 82' lang='lat' dir='ltr'><strong>Lusit</strong></span> <span class='ocrx_word' id='word_1_364' title='bbox 1045 3115 1082 3165; x_wconf 90' lang='lat' dir='ltr'><strong>et,</strong></span> <span class='ocrx_word' id='word_1_365' title='bbox 1099 3099 1218 3150; x_wconf 69' lang='lat' dir='ltr'><strong>Zeuxids</strong></span> 
     </span>
     <span class='ocr_line' id='line_1_36' title="bbox 173 3178 1218 3262; baseline -0.011 -21"><span class='ocrx_word' id='word_1_366' title='bbox 173 3201 235 3241; x_wconf 81' lang='lat' dir='ltr'><strong>aut.-</strong></span> <span class='ocrx_word' id='word_1_367' title='bbox 251 3191 372 3241; x_wconf 88' lang='lat' dir='ltr'><strong>nimirum</strong></span> <span class='ocrx_word' id='word_1_368' title='bbox 386 3188 485 3261; x_wconf 71' lang='lat' dir='ltr'><strong>syllaba</strong></span> <span class='ocrx_word' id='word_1_369' title='bbox 498 3191 518 3242; x_wconf 79' lang='lat' dir='ltr'><strong>is</strong></span> <span class='ocrx_word' id='word_1_370' title='bbox 530 3191 604 3262; x_wconf 82' lang='lat' dir='ltr'><strong>apice</strong></span> <span class='ocrx_word' id='word_1_371' title='bbox 617 3188 774 3248; x_wconf 89' lang='lat' dir='ltr'><strong>notabatur;</strong></span> <span class='ocrx_word' id='word_1_372' title='bbox 788 3205 841 3256; x_wconf 91' lang='lat' dir='ltr'><strong>quo</strong></span> <span class='ocrx_word' id='word_1_373' title='bbox 854 3187 963 3246; x_wconf 85' lang='lat' dir='ltr'><strong>amisso,</strong></span> <span class='ocrx_word' id='word_1_374' title='bbox 975 3200 1025 3253; x_wconf 91' lang='lat' dir='ltr'><strong>pro</strong></span> <span class='ocrx_word' id='word_1_375' title='bbox 1038 3179 1138 3231; x_wconf 77' lang='lat' dir='ltr'><strong>Zeuxid</strong></span> <span class='ocrx_word' id='word_1_376' title='bbox 1146 3178 1218 3230; x_wconf 84' lang='lat' dir='ltr'><strong>fece-</strong></span> 
     </span>
     <span class='ocr_line' id='line_1_37' title="bbox 172 3260 1219 3340; baseline -0.012 -20"><span class='ocrx_word' id='word_1_377' title='bbox 172 3281 236 3320; x_wconf 89' lang='lat' dir='ltr'><strong>runt</strong></span> <span class='ocrx_word' id='word_1_378' title='bbox 247 3267 333 3328; x_wconf 59' lang='lat' dir='ltr'><strong>Latin</strong></span> <span class='ocrx_word' id='word_1_379' title='bbox 347 3268 417 3320; x_wconf 90' lang='lat' dir='ltr'><strong>unde</strong></span> <span class='ocrx_word' id='word_1_380' title='bbox 427 3270 597 3340; x_wconf 87' lang='lat' dir='ltr'><strong>sequebatur,</strong></span> <span class='ocrx_word' id='word_1_381' title='bbox 610 3280 639 3318; x_wconf 92' lang='lat' dir='ltr'><strong>ut</strong></span> <span class='ocrx_word' id='word_1_382' title='bbox 651 3268 727 3318; x_wconf 89' lang='lat' dir='ltr'><strong>metri</strong></span> <span class='ocrx_word' id='word_1_383' title='bbox 738 3262 914 3317; x_wconf 84' lang='lat' dir='ltr'><strong>conservandi</strong></span> <span class='ocrx_word' id='word_1_384' title='bbox 925 3263 1007 3330; x_wconf 76' lang='lat' dir='ltr'><strong>gratia</strong></span> <span class='ocrx_word' id='word_1_385' title='bbox 1018 3260 1147 3330; x_wconf 88' lang='lat' dir='ltr'><strong>reliquum</strong></span> <span class='ocrx_word' id='word_1_386' title='bbox 1159 3275 1219 3308; x_wconf 82' lang='lat' dir='ltr'><strong>ver-</strong></span> 
     </span>
     <span class='ocr_line' id='line_1_38' title="bbox 173 3337 1219 3418; baseline -0.011 -18"><span class='ocrx_word' id='word_1_387' title='bbox 173 3365 233 3400; x_wconf 83' lang='lat' dir='ltr'><strong>sum</strong></span> <span class='ocrx_word' id='word_1_388' title='bbox 246 3346 427 3418; x_wconf 85' lang='lat' dir='ltr'><strong>depravarent.</strong></span> <span class='ocrx_word' id='word_1_389' title='bbox 441 3349 500 3399; x_wconf 87' lang='lat' dir='ltr'><strong>Jam</strong></span> <span class='ocrx_word' id='word_1_390' title='bbox 514 3349 593 3416; x_wconf 71' lang='lat' dir='ltr'><strong>igitur</strong></span> <span class='ocrx_word' id='word_1_391' title='bbox 604 3344 732 3398; x_wconf 84' lang='lat' dir='ltr'><strong>habemus</strong></span> <span class='ocrx_word' id='word_1_392' title='bbox 746 3342 901 3414; x_wconf 80' lang='lat' dir='ltr'><strong>praclarum</strong></span> <span class='ocrx_word' id='word_1_393' title='bbox 914 3341 1122 3404; x_wconf 72' lang='lat' dir='ltr'><strong>triumuiratum,</strong></span> <span class='ocrx_word' id='word_1_394' title='bbox 1141 3337 1219 3389; x_wconf 92' lang='lat' dir='ltr'><strong>Meu-</strong></span> 
     </span>
     <span class='ocr_line' id='line_1_39' title="bbox 173 3417 1216 3498; baseline -0.01 -20"><span class='ocrx_word' id='word_1_395' title='bbox 173 3439 272 3494; x_wconf 88' lang='lat' dir='ltr'><strong>toretu,</strong></span> <span class='ocrx_word' id='word_1_396' title='bbox 281 3427 417 3498; x_wconf 72' lang='lat' dir='ltr'><strong>Myronem</strong></span> <span class='ocrx_word' id='word_1_397' title='bbox 425 3441 451 3480; x_wconf 92' lang='lat' dir='ltr'><strong>et</strong></span> <span class='ocrx_word' id='word_1_398' title='bbox 460 3425 616 3488; x_wconf 85' lang='lat' dir='ltr'><strong>Zeuxidem,</strong></span> <span class='ocrx_word' id='word_1_399' title='bbox 625 3427 652 3476; x_wconf 88' lang='lat' dir='ltr'><strong>in</strong></span> <span class='ocrx_word' id='word_1_400' title='bbox 661 3441 709 3478; x_wconf 89' lang='lat' dir='ltr'><strong>suo</strong></span> <span class='ocrx_word' id='word_1_401' title='bbox 719 3441 848 3495; x_wconf 89' lang='lat' dir='ltr'><strong>quemque</strong></span> <span class='ocrx_word' id='word_1_402' title='bbox 855 3437 950 3492; x_wconf 69' lang='lat' dir='ltr'><strong>genere</strong></span> <span class='ocrx_word' id='word_1_403' title='bbox 958 3417 1216 3485; x_wconf 87' lang='lat' dir='ltr'><strong>excellentissimum,</strong></span> 
     </span>
     <span class='ocr_line' id='line_1_40' title="bbox 173 3498 1218 3576; baseline -0.007 -20"><span class='ocrx_word' id='word_1_404' title='bbox 173 3519 200 3557; x_wconf 88' lang='lat' dir='ltr'><strong>et</strong></span> <span class='ocrx_word' id='word_1_405' title='bbox 213 3509 376 3560; x_wconf 87' lang='lat' dir='ltr'><strong>constructio</strong></span> <span class='ocrx_word' id='word_1_406' title='bbox 391 3520 443 3568; x_wconf 88' lang='lat' dir='ltr'><strong>est;</strong></span> <span class='ocrx_word' id='word_1_407' title='bbox 459 3503 608 3576; x_wconf 68' lang='lat' dir='ltr'><strong>equiequid</strong></span> <span class='ocrx_word' id='word_1_408' title='bbox 620 3506 726 3556; x_wconf 85' lang='lat' dir='ltr'><strong>Mentor</strong></span> <span class='ocrx_word' id='word_1_409' title='bbox 742 3514 864 3572; x_wconf 79' lang='lat' dir='ltr'><strong>expertus</strong></span> <span class='ocrx_word' id='word_1_410' title='bbox 877 3510 917 3551; x_wconf 88' lang='lat' dir='ltr'><strong>est</strong></span> <span class='ocrx_word' id='word_1_411' title='bbox 931 3512 1054 3571; x_wconf 73' lang='lat' dir='ltr'><strong>argento,</strong></span> <span class='ocrx_word' id='word_1_412' title='bbox 1068 3498 1108 3550; x_wconf 85' lang='lat' dir='ltr'><strong>vel</strong></span> <span class='ocrx_word' id='word_1_413' title='bbox 1122 3516 1218 3552; x_wconf 82' lang='lat' dir='ltr'><strong>manue</strong></span> 
     </span>
     <span class='ocr_line' id='line_1_41' title="bbox 173 3574 1217 3658; baseline -0.008 -22"><span class='ocrx_word' id='word_1_414' title='bbox 173 3574 290 3658; x_wconf 73' lang='lat' dir='ltr'><strong>Myronis</strong></span> <span class='ocrx_word' id='word_1_415' title='bbox 299 3588 326 3638; x_wconf 88' lang='lat' dir='ltr'><strong>in</strong></span> <span class='ocrx_word' id='word_1_416' title='bbox 336 3606 385 3639; x_wconf 81' lang='lat' dir='ltr'><strong>aere</strong></span> <span class='ocrx_word' id='word_1_417' title='bbox 396 3597 501 3658; x_wconf 85' lang='lat' dir='ltr'><strong>experta</strong></span> <span class='ocrx_word' id='word_1_418' title='bbox 512 3598 564 3650; x_wconf 86' lang='lat' dir='ltr'><strong>est,</strong></span> <span class='ocrx_word' id='word_1_419' title='bbox 577 3597 623 3635; x_wconf 87' lang='lat' dir='ltr'><strong>aut</strong></span> <span class='ocrx_word' id='word_1_420' title='bbox 634 3579 754 3634; x_wconf 83' lang='lat' dir='ltr'><strong>Zeuxidis</strong></span> <span class='ocrx_word' id='word_1_421' title='bbox 764 3598 857 3633; x_wconf 83' lang='lat' dir='ltr'><strong>manus</strong></span> <span class='ocrx_word' id='word_1_422' title='bbox 868 3579 994 3645; x_wconf 55' lang='lat' dir='ltr'><strong>colore„</strong></span> <span class='ocrx_word' id='word_1_423' title='bbox 1009 3578 1037 3631; x_wconf 90' lang='lat' dir='ltr'><strong>id</strong></span> <span class='ocrx_word' id='word_1_424' title='bbox 1049 3593 1101 3647; x_wconf 84' lang='lat' dir='ltr'><strong>est,</strong></span> <span class='ocrx_word' id='word_1_425' title='bbox 1114 3580 1217 3651; x_wconf 85' lang='lat' dir='ltr'><strong>pictura</strong></span> 
     </span>
     <span class='ocr_line' id='line_1_42' title="bbox 175 3665 740 3734; baseline -0.007 -17"><span class='ocrx_word' id='word_1_426' title='bbox 175 3679 201 3718; x_wconf 91' lang='lat' dir='ltr'><strong>et</strong></span> <span class='ocrx_word' id='word_1_427' title='bbox 214 3665 364 3734; x_wconf 89' lang='lat' dir='ltr'><strong>coloribus,</strong></span> <span class='ocrx_word' id='word_1_428' title='bbox 377 3678 407 3718; x_wconf 92' lang='lat' dir='ltr'><strong>ut</strong></span> <span class='ocrx_word' id='word_1_429' title='bbox 420 3665 480 3716; x_wconf 80' lang='lat' dir='ltr'><strong>silv.</strong></span> <span class='ocrx_word' id='word_1_430' title='bbox 493 3668 525 3730; x_wconf 88' lang='lat' dir='ltr'><strong>V,</strong></span> <span class='ocrx_word' id='word_1_431' title='bbox 537 3681 617 3716; x_wconf 82' lang='lat' dir='ltr'><strong>carm</strong></span> <span class='ocrx_word' id='word_1_432' title='bbox 633 3680 656 3730; x_wconf 87' lang='lat'><strong>1,</strong></span> <span class='ocrx_word' id='word_1_433' title='bbox 669 3683 692 3714; x_wconf 85' lang='lat' dir='ltr'><strong>v.</strong></span> <span class='ocrx_word' id='word_1_434' title='bbox 709 3665 740 3731; x_wconf 70' lang='lat'><strong>4:</strong></span> 
     </span>
    </p>
   </div>
   <div class='ocr_carea' id='block_1_7' title="bbox 359 3767 942 3968">
    <p class='ocr_par' dir='ltr' id='par_1_7' title="bbox 359 3767 942 3968">
     <span class='ocr_line' id='line_1_43' title="bbox 530 3767 942 3830; baseline 0.002 -18"><span class='ocrx_word' id='word_1_435' title='bbox 530 3769 635 3830; x_wconf 78' lang='lat' dir='ltr'><strong>Namque</strong></span> <span class='ocrx_word' id='word_1_436' title='bbox 645 3769 736 3830; x_wconf 69' lang='lat' dir='ltr'><strong>egregia</strong></span> <span class='ocrx_word' id='word_1_437' title='bbox 745 3767 831 3828; x_wconf 78' lang='lat' dir='ltr'><strong>pietate</strong></span> <span class='ocrx_word' id='word_1_438' title='bbox 840 3778 942 3813; x_wconf 79' lang='lat' dir='ltr'><strong>meretur</strong></span> 
     </span>
     <span class='ocr_line' id='line_1_44' title="bbox 360 3835 826 3902; baseline -0.006 -18"><span class='ocrx_word' id='word_1_439' title='bbox 360 3841 392 3884; x_wconf 88' lang='lat' dir='ltr'><strong>Ut</strong></span> <span class='ocrx_word' id='word_1_440' title='bbox 401 3837 437 3884; x_wconf 79' lang='lat' dir='ltr'><strong>vel</strong></span> <span class='ocrx_word' id='word_1_441' title='bbox 447 3835 541 3900; x_wconf 77' lang='lat' dir='ltr'><strong>Apelleo</strong></span> <span class='ocrx_word' id='word_1_442' title='bbox 550 3836 628 3884; x_wconf 84' lang='lat' dir='ltr'><strong>vultus</strong></span> <span class='ocrx_word' id='word_1_443' title='bbox 636 3840 724 3902; x_wconf 69' lang='lat' dir='ltr'><strong>siquam</strong></span> <span class='ocrx_word' id='word_1_444' title='bbox 734 3835 812 3883; x_wconf 86' lang='lat' dir='ltr'><strong>colore</strong></span> <span class='ocrx_word' id='word_1_445' title='bbox 818 3871 826 3892; x_wconf 91' lang='lat'><strong>,</strong></span> 
     </span>
     <span class='ocr_line' id='line_1_45' title="bbox 359 3907 882 3968; baseline -0.002 -13"><span class='ocrx_word' id='word_1_446' title='bbox 359 3908 468 3955; x_wconf 83' lang='lat' dir='ltr'><strong>Phidiaca</strong></span> <span class='ocrx_word' id='word_1_447' title='bbox 477 3907 514 3956; x_wconf 79' lang='lat' dir='ltr'><strong>vel</strong></span> <span class='ocrx_word' id='word_1_448' title='bbox 522 3921 576 3955; x_wconf 78' lang='lat' dir='ltr'><strong>nata</strong></span> <span class='ocrx_word' id='word_1_449' title='bbox 585 3926 668 3968; x_wconf 83' lang='lat' dir='ltr'><strong>manu,</strong></span> <span class='ocrx_word' id='word_1_450' title='bbox 679 3909 776 3956; x_wconf 79' lang='lat' dir='ltr'><strong>reddare</strong></span> <span class='ocrx_word' id='word_1_451' title='bbox 785 3907 882 3955; x_wconf 86' lang='lat' dir='ltr'><strong>dolenti.</strong></span> 
     </span>
    </p>
   </div>
   <div class='ocr_carea' id='block_1_8' title="bbox 177 4005 1218 4082">
    <p class='ocr_par' dir='ltr' id='par_1_8' title="bbox 177 4005 1218 4082">
     <span class='ocr_line' id='line_1_46' title="bbox 177 4005 1218 4082; baseline -0.007 -21"><span class='ocrx_word' id='word_1_452' title='bbox 177 4009 207 4062; x_wconf 84' lang='lat' dir='ltr'><strong>ld</strong></span> <span class='ocrx_word' id='word_1_453' title='bbox 225 4025 278 4079; x_wconf 82' lang='lat' dir='ltr'><strong>est,</strong></span> <span class='ocrx_word' id='word_1_454' title='bbox 296 4007 411 4082; x_wconf 78' lang='lat' dir='ltr'><strong>Apelleis</strong></span> <span class='ocrx_word' id='word_1_455' title='bbox 425 4007 568 4062; x_wconf 89' lang='lat' dir='ltr'><strong>coloribus.</strong></span> <span class='ocrx_word' id='word_1_456' title='bbox 588 4012 677 4065; x_wconf 83' lang='lat' dir='ltr'><strong>llestat</strong></span> <span class='ocrx_word' id='word_1_457' title='bbox 689 4029 741 4064; x_wconf 79' lang='lat' dir='ltr'><strong>vox</strong></span> <span class='ocrx_word' id='word_1_458' title='bbox 754 4027 881 4076; x_wconf 72' lang='lat' dir='ltr'><strong>coemes,</strong></span> <span class='ocrx_word' id='word_1_459' title='bbox 896 4027 977 4082; x_wconf 86' lang='lat' dir='ltr'><strong>quam</strong></span> <span class='ocrx_word' id='word_1_460' title='bbox 994 4005 1061 4061; x_wconf 82' lang='lat' dir='ltr'><strong>adeo</strong></span> <span class='ocrx_word' id='word_1_461' title='bbox 1075 4005 1218 4059; x_wconf 86' lang='lat' dir='ltr'><strong>enormiter</strong></span> 
     </span>
    </p>
   </div>
   <div class='ocr_carea' id='block_1_9' title="bbox 0 0 1399 4484">
    <p class='ocr_par' dir='ltr' id='par_1_9' title="bbox 0 0 1399 4484">
     <span class='ocr_line' id='line_1_47' title="bbox 0 0 1399 4484; baseline 0 0"><span class='ocrx_word' id='word_1_462' title='bbox 0 0 1399 4484; x_wconf 95' lang='lat' dir='ltr'><strong> </strong></span> 
     </span>
    </p>
   </div>
  </div>
 </body>
</html>
