2850 4488
448 9 464 44 ἱ

201 277 264 358 474
374 271 509 337 uorffi
534 273 583 336 irs
607 270 804 338 canusa
828 273 1061 356 Quiuuuu

413 395 459 444 Sed
468 409 528 443 terra
536 398 617 458 primis
624 408 676 459 post
684 399 783 459 patriam
791 396 847 444 mihi

442 465 531 513 Dilecta
540 470 616 524 euris3
626 466 680 514 huic
690 484 741 514 mea
751 470 850 515 carmina

444 538 531 599 Regina
539 535 654 584 bellorum
663 538 742 600 virago

445 609 548 656 Cesareo
557 609 673 671 peraravit
681 625 747 656 auro

198 707 327 778 Loquitur
345 705 378 756 de
395 704 478 772 Alba,
496 708 524 758 iu
542 724 595 777 qua
609 719 650 758 ter
667 717 809 757 coronatus
827 705 929 772 iuerat,
948 707 1032 757 victor
1050 708 1077 758 iu
1096 711 1236 761 certamine

199 785 272 860 quod
290 784 464 838 inhonorem
482 782 593 838 Palladis
610 787 778 840 Domitianus
794 783 847 841 illic
862 785 1017 838 instituerat.
1032 785 1135 844 Turbat
1148 803 1236 842 autern

171 865 173 872 ’
198 887 249 922 vox
259 868 401 941 peramisit,
416 885 473 938 quse
487 864 553 918 nihii
566 865 639 918 aliud
653 885 710 919 asse
722 878 810 938 potest
825 883 902 936 quam
917 867 1029 937 scripsit‚·
1046 883 1100 940 quo
1113 887 1192 922 seusu
1204 889 1236 923 ea

200 961 309 1002 utuntur
319 946 429 1002 Ovidius
441 946 601 1013 uonsemel,
615 959 641 998 et
653 946 743 998 Sidon.
757 944 902 1016 Apollines.
915 946 1001 998 Carus.
1015 948 1048 1014 V,
1062 949 1126 1014 243,
1139 963 1165 1001 ει
1176 951 1236 1016 vu,

201 1026 259 1093 234.
272 1028 332 1077 Jam
340 1044 418 1092 vero,
431 1025 566 1096 quomodo
577 1024 633 1082 buc
644 1028 762 1080 carmina
773 1027 867 1096 scriptu
879 1039 965 1078 esseut
979 1027 1088 1079 Caesareo
1098 1047 1175 1090 ausu,
1190 1041 1236 1081 aut

200 1123 253 1179 quo
265 1122 343 1157 sensu
354 1103 442 1156 Pallas
453 1105 557 1156 scribere
569 1102 625 1156 hac
637 1106 756 1157 carmina
767 1103 886 1156 Caesareo
899 1123 963 1156 auro
975 1102 1087 1171 dicatur,
1101 1123 1236 1178 nunquam

199 1186 303 1255 concipi
312 1185 407 1255 potuit
416 1184 565 1236 Bernartius
575 1182 684 1254 quidem
692 1197 719 1235 ει
728 1183 856 1237 Moreilus
865 1183 1018 1256 desperaut;
1028 1183 1148 1238 Barthius
1158 1201 1236 1250 vero,

200 1263 337 1316 Adversas.
351 1263 462 1326 XXVII,
478 1280 503 1332 7,
519 1275 637 1316 autumat
650 1262 790 1333 legendum
805 1280 877 1329 esse,
892 1262 953 1314 iiiuc
963 1281 1021 1314 mea
1032 1266 1164 1328 camina,
1178 1267 1195 1314 i.
1211 1283 1234 1316 c.

198 1343 231 1396 ab
245 1342 292 1394 hcc
306 1353 387 1403 ιεπιις
401 1353 440 1406 ει,
455 1342 573 1393 &samu
583 1342 731 1414 penetravit
744 1343 816 1404 uuri;
832 1361 863 1394 ex
877 1361 909 1394 eo
922 1341 994 1414 quod
1007 1345 1033 1394 iu
1049 1342 1116 1394 libro
1131 1361 1179 1396 suo
1192 1344 1236 1394 iu·

199 1435 305 1475 venerat
316 1421 463 1492 penetrabit
475 1439 547 1474 auro.
567 1419 631 1486 Sed,
649 1435 679 1474 ut
693 1420 762 1475 bene
780 1435 857 1490 uotat
874 1421 1038 1489 Gronovius,
1052 1423 1133 1474 Diatr.
1148 1439 1172 1473 c.
1186 1421 1237 1490 42,

200 1515 341 1572 antequam
349 1501 442 1571 juvare
455 1500 545 1552 iocum
560 1500 745 1571 aggrederetur
756 1500 890 1567 Barthius,
903 1502 1062 1554 senteutiam
1075 1501 1124 1552 sibi
1137 1501 1210 1552 finxit
1221 1519 1237 1552 a

200 1595 288 1634 ruente
300 1595 384 1651 poeta
396 1579 595 1645 alienissimam,
608 1580 678 1633 etad
689 1600 746 1633 earn
758 1593 853 1652 postea
861 1579 940 1632 rerba
949 1581 1085 1632 contorsit.
1097 1578 1238 1633 Videamus

201 1660 267 1733 quid
280 1662 337 1732 ipse
348 1659 452 1713 adierat
463 1659 627 1714 Gronovius:
647 1661 742 1716 sSurta
754 1672 838 1726 tecta,
851 1659 949 1731 iuquit,
962 1656 1086 1711 habenda
1098 1671 1138 1710 est
1148 1657 1239 1729 suiga-

200 1741 238 1792 ris
251 1739 344 1803 lectio;
359 1739 412 1793 hoc
424 1740 488 1794 dixit
501 1741 613 1794 Statius:
626 1742 695 1793 Huic
708 1740 780 1793 athe
794 1739 877 1793 Pallas
891 1740 1008 1792 carmina
1024 1755 1083 1792 mea
1098 1757 1179 1806 auro,
1192 1755 1239 1789 co·

200 1839 266 1873 rous
280 1819 400 1891 oleagina
414 1839 493 1873 snrea
505 1820 616 1893 scripsit,
631 1821 733 1893 pinxit,
746 1820 889 1873 momnis.
903 1822 934 1872 in
949 1815 1029 1870 verbu
1042 1819 1173 1890 peraravit
1185 1833 1240 1868 mo·

200 1898 307 1969 tsiepsis
319 1897 516 1952 difficiliorcst:
528 1900 633 1953 scribere
643 1899 760 1952 sciemus
773 1913 813 1952 est
824 1899 891 1971 poni
904 1917 955 1972 pro
966 1895 1074 1972 pingere
1079 1920 1089 1960 ,·
1102 1899 1165 1970 qnia
1177 1915 1240 1968 ergo

198 1995 320 2048 peratore
332 1995 400 2048 sepe
411 1991 555 2050 usurpatur
568 1996 617 2049 pro
631 1979 737 2031 scriem
748 1980 776 2030 iu
788 1976 978 2048 significatione
990 1975 1119 2048 simplici,
1133 1993 1196 2027 usus
1207 1975 1239 2026 ii-

201 2055 301 2107 bertats
314 2073 362 2107 sua
375 2055 472 2108 Statius
483 2058 573 2128 posuit
585 2075 706 2128 perarate
717 2077 766 2130 pro
777 2058 895 2123 scribere,
910 2053 983 2128 quod
996 2069 1034 2108 est
1045 2058 1168 2128 pinpere:
1178 2055 1241 2126 piu·

199 2145 358 2209 perstantem
375 2153 469 2186 oritate
486 2147 534 2186 est.
548 2136 634 2206 Ergo,
654 2135 714 2187 huic
731 2134 803 2187 Arba
816 2137 934 2188 cumina
949 2153 1008 2186 mea
1021 2135 1114 2188 Pallas
1131 2136 1240 2187 Coesureo

202 2229 264 2265 auru
277 2211 376 2284 scripsit
388 2229 434 2264 ssu
445 2213 590 2285 peraravit,
607 2225 659 2279 est,
673 2215 702 2281 iu
710 2200 782 2280 isac,
798 2211 1000 2284 quinquatribus
1017 2233 1059 2266 me
1073 2226 1185 2286 propter
1200 2213 1241 2262 vi-

202 2293 312 2345 ctoriam
323 2293 351 2342 in
359 2293 503 2348 certamine
510 2304 651 2362 poetarum
659 2293 746 2346 Caesar
755 2311 835 2346 aurea
848 2309 948 2345 corona
959 2289 1053 2344 induit.
1065 2316 1076 2340 ι
1090 2291 1242 2344 Doietsaue

202 2368 272 2421 hauc
290 2371 544 2441 argumentationem
563 2388 579 2422 a
594 2381 669 2422 tauto
683 2373 739 2422 viro
753 2371 920 2444 proiectam:
934 2371 1062 2438 pemmoit
1074 2383 1115 2422 est
1126 2367 1242 2440 scripsitr

202 2450 303 2522 scripsit
310 2461 349 2502 est
356 2450 457 2522 pisarit;
467 2449 556 2520 pinsit
567 2463 606 2501 est
617 2450 735 2502 curavit:
748 2468 825 2522 ergo,
836 2449 1132 2524 peramuitestomaoit.
1141 2449 1167 2501 si
1176 2445 1243 2499 mihi

203 2528 275 2582 banc
293 2528 425 2581 licentiam
442 2547 586 2602 parumper
600 2528 747 2596 concedas,
766 2543 850 2582 totam
866 2549 922 2582 rem
936 2530 1053 2582 Latinam
1070 2526 1202 2592 turbabo,
1216 2539 1243 2579 et

203 2609 324 2684 probabo
336 2609 443 2684 piapen
457 2627 513 2662 esse
519 2609 621 2680 fordare
632 2608 679 2679 (ex
693 2611 832 2662 Pet-onio:
851 2609 967 2662 «ancilla
982 2621 1065 2662 totam
1080 2607 1175 2660 faciem
1187 2608 1244 2676 ejus

203 2687 313 2757 iuligine
320 2687 401 2756 iouga
411 2689 561 2760 perfricuit,
570 2701 597 2740 et
606 2707 661 2740 nou
670 2691 805 2741 sentientis
810 2685 885 2741 isbra
894 2688 1100 2760 humerosque...
1111 2685 1194 2759 pinxit
1201 2709 1213 2732 a
1220 2683 1245 2756 ),

204 2781 231 2820 et
244 2767 303 2822 ideo
320 2767 433 2820 Statium
447 2769 557 2832 dixisse,
571 2769 605 2820 Ira
623 2769 672 2822 bac
682 2770 752 2822 Atta
764 2769 885 2822 dfineroa
899 2787 956 2821 meu
970 2770 1086 2821 cannino
1099 2765 1245 2819 dedecora-

203 2851 254 2918 vit,
266 2847 447 2904 dehonestavit
459 2851 571 2904 eoum
582 2871 662 2914 aum
675 2851 747 2924 quod
759 2851 898 2924 proposito
911 2851 966 2920 ejus
979 2869 1009 2902 er
1022 2849 1149 2902 diamerm
1161 2865 1248 2920 oppo-

205 2931 283 2982 situm
298 2943 346 2983 est.
363 2933 424 2982 Nou
439 2929 499 2983 dico
515 2929 584 2984 bauo
600 2949 685 2984 meam
701 2932 944 3003 interpretationem
956 2931 1027 2983 verbi
1039 2931 1144 3004 pingere
1157 2943 1246 2978 reram

204 3027 275 3073 esse;
289 3009 335 3063 sed
349 3029 423 3082 eque
435 3029 497 3064 vera
509 3023 549 3064 est
560 3031 591 3064 ac
603 3013 728 3064 Gronovii
744 3012 926 3082 interpretatio
942 3023 967 3062 ει
981 3007 1179 3081 argumentatio.
1193 3004 1246 3058 Sed

206 3089 360 3154 manedurn,
375 3089 468 3158 lector,
484 3105 511 3143 st
524 3094 624 3162 majora
639 3090 766 3144 miracula
780 3104 867 3143 tenum
881 3090 964 3143 habe:
977 3109 1009 3141 ea
1019 3089 1140 3140 enutriri
1156 3084 1248 3146 docti,

206 3169 268 3236 qui,
282 3167 376 3220 Annal.
391 3171 501 3223 Statian.
517 3189 540 3222 c.
555 3173 606 3241 49,
620 3171 676 3222 bac
687 3183 776 3222 notat:
795 3193 807 3217 ι
817 3174 866 3222 Pro
878 3187 943 3222 voce
955 3167 1098 3242 peraravit,
1113 3179 1248 3238 reponunt

205 3247 276 3302 Mss.
287 3251 446 3317 peramavit,
458 3250 533 3304 nulio
547 3255 635 3306 sensit.
651 3247 815 3304 Crediderim
828 3269 878 3321 ego
892 3252 1003 3305 Statium
1016 3249 1150 3319 scripsisse
1161 3263 1248 3318 perae

205 3322 307 3376 stavit:
320 3325 392 3396 quod
404 3345 469 3378 auro
478 3329 597 3382 Cnsareo
613 3329 689 3397 qussi
699 3328 777 3380 arrha
787 3327 900 3399 quadarn
910 3325 1026 3399 capucii
1036 3325 1078 3378 vel
1090 3324 1146 3397 iepe
1154 3324 1248 3396 pigno

206 3401 308 3468 famiae
324 3401 385 3458 ¹⁰00
403 3405 442 3460 illi
460 3406 595 3463 devinctus
615 3406 866 3471 tantummodum
884 3405 1034 3477 eleganter:
1049 3405 1167 3458 certina
1185 3419 1248 3464 sua,

208 3499 291 3552 quarn
306 3485 392 3555 primo
406 3488 537 3557 poeticam
550 3484 793 3560 profiteretur„pro
807 3503 901 3557 ponsa
910 3485 1007 3552 habet,
1023 3485 1099 3554 cujus
1113 3481 1159 3536 iila
1171 3479 1249 3532 anta

208 3561 303 3625 fucrit,
314 3561 357 3616 vsi
367 3567 513 3620 carminum
525 3567 632 3620 nominc
644 3566 731 3638 ipsam
743 3569 834 3638 potius
845 3567 994 3622 carminum
1003 3562 1176 3617 conditricem
1188 3578 1250 3631 poe·

209 3643 318 3696 ticam.-
336 3644 396 3696 Hac
415 3662 479 3696 saue
494 3657 555 3700 sunt
568 3645 706 3701 mirabilia.
720 3649 789 3718 Lege
807 3660 908 3713 cetera,
926 3645 968 3700 bis
987 3642 1095 3706 suffic
1108 3642 1135 3696 in
1154 3639 1249 3711 quibus

210 3733 302 3773 contra
317 3720 387 3792 leges
402 3724 493 3789 metri,
509 3742 615 3793 seusus,
630 3739 656 3777 st
669 3721 832 3795 Latinitatis,
846 3724 924 3778 simul
938 3735 1072 3796 peccatur.
1087 3719 1160 3789 Quid
1171 3721 1250 3790 igitar

210 3801 376 3854 iaciendum?
387 3801 500 3856 breviter
510 3802 604 3858 dicam.
615 3807 703 3858 Primo
717 3805 871 3878 iugandum,
886 3806 930 3857 hic
943 3823 1001 3856 mea
1015 3802 1148 3867 cannino,
1159 3797 1249 3862 idest,

210 3884 239 3936 in
254 3882 301 3938 iac
318 3894 398 3950 terra,
413 3898 443 3938 ut
458 3904 541 3957 sapc;
556 3885 666 3940 lacum.
678 3887 780 3944 Etrusc.
796 3885 830 3940 sd
844 3887 887 3942 fin.
897 3924 908 3952 ,
920 3885 961 3938 tte
974 3902 1047 3944 sarra
1062 3881 1145 3936 iitsdit
1159 3879 1250 3933 uant-
