2850 4488
216 315 278 396 ιιι
461 303 494 374 r.
521 311 556 372 o.
582 309 736 375 smmi
761 278 1004 377 srnvtuuu

258 447 324 509 Aut
334 439 424 508 Aleae
434 436 520 506 lueis
530 433 615 504 vidit
625 439 767 529 Tegeaea
779 435 952 506 sacerdos:

257 551 372 640 Qualis
384 552 427 619 ab
438 547 563 618 oeteis
575 537 719 617 emissus
729 552 765 617 in
776 566 866 618 astra
876 549 998 620 favillis

257 669 378 733 Nectar
389 661 501 732 adhue
510 679 606 729 torva
618 660 714 730 laetus
726 665 860 730 lunone
871 659 1024 732 bibebat:
1099 711 1102 720 .

257 778 309 844 Sic
320 775 410 843 mitis
422 767 671 851 vultue‚veluti
683 769 726 838 de
737 786 872 862 pectore
883 771 1033 862 gaudens
1222 789 1255 842 55

257 893 418 956 Hortetur
428 907 563 954 maneas
576 909 583 950 :
596 899 689 951 tenet
699 882 772 951 haec
784 887 966 952 marcentia
979 884 1092 953 fratris

256 999 397 1081 Pocula,
410 1014 444 1065 at
457 998 530 1065 hoc
540 993 643 1062 clave
654 997 808 1062 meminit
818 1017 939 1064 manus
952 1021 959 1061 :
973 1019 1093 1089 aspera
1104 996 1199 1066 sedes

255 1114 419 1192 Sustinet,
432 1104 602 1176 oecultum
614 1111 769 1175 Nemeteo
780 1110 929 1199 tegmine
940 1129 1068 1176 saxum.

300 1225 408 1315 Digna
419 1221 514 1314 operi
525 1219 662 1287 fortuna
673 1241 787 1287 sacro:
800 1219 941 1288 Pellaeus
952 1219 1099 1289 habebut

254 1340 424 1425 Regnator
434 1332 519 1399 lastis
531 1347 658 1398 numen
670 1327 861 1398 venerabile
872 1332 1016 1414 mensio,
1219 1347 1253 1398 60

254 1449 296 1512 Et
307 1445 464 1512 comitem
474 1445 624 1510 Oooasus
636 1463 753 1508 seeum
764 1439 922 1532 portabat
932 1456 966 1508 et
976 1445 1099 1526 Ortus,

255 1551 505 1648 prensabatque
515 1550 639 1635 libens,
652 1549 833 1646 modoque
845 1550 1034 1623 diademata
1045 1551 1162 1622 dextra

254 1664 446 1733 Abstulerat
455 1663 678 1758 dederatque,
691 1678 725 1730 et
736 1685 876 1756 magnos
888 1677 1034 1730 verterat
1045 1663 1158 1731 urbes.

254 1781 392 1870 Semper
402 1777 445 1845 ab
456 1777 521 1846 hoo
532 1780 663 1844 animos
674 1778 710 1843 in
721 1777 867 1844 crastina
878 1772 967 1842 bella
977 1774 1132 1867 petebat,

253 1890 341 1956 Huic
352 1890 440 1955 acies
452 1891 558 1955 vietor
570 1907 703 1978 semper
714 1885 873 1954 narrabat
884 1888 1032 1979 opimas,
1219 1897 1252 1950 65

245 2109 286 2158 52.
305 2107 355 2158 Pro
369 2105 456 2172 Alete,
474 2105 534 2158 cod.
550 2105 608 2158 Par.
626 2118 652 2157 et
666 2105 707 2158 ed.
753 2105 819 2158 Gom
835 2109 916 2160 Parit.
930 2105 993 2160 odit.
1011 2123 1053 2178 pr.
1069 2107 1204 2162 Henetur.
1221 2108 1251 2158 Δ.

209 2208 249 2260 pr.
264 2186 334 2240 eleoe.
346 2185 412 2237 Vide
426 2198 481 2237 not.
501 2186 532 2236 Δ.
790 2186 832 2256 57.
851 2186 958 2256 Vulgo:
980 2183 1091 2237 asthuc
1110 2205 1182 2240 eaevae
1199 2205 1254 2239 me-

245 2267 287 2320 53.
308 2263 397 2336 Qualis
408 2276 433 2316 et
446 2265 552 2318 ottae.
563 2263 660 2315 Sensus
669 2282 708 2314 re-
753 2265 829 2319 minit
842 2283 936 2318 manus
949 2264 1030 2317 altera
1042 2264 1129 2319 caeffls.
1140 2289 1152 2313 ι
1165 2269 1255 2342 -lp-

209 2345 297 2415 quirit,
305 2339 396 2412 Qualis
402 2341 435 2393 ab
444 2339 552 2404 olttoets,
562 2337 589 2390 id
597 2352 644 2406 est,
650 2351 709 2412 post
754 2363 812 2396 sum
826 2343 879 2396 hoo
891 2341 971 2398 habet
984 2341 1048 2398 edit.
1059 2364 1100 2417 pr.
1114 2359 1143 2397 ιιι
1155 2359 1181 2398 et
1193 2345 1254 2400 cotl.

211 2423 314 2474 OEtoeat
317 2416 430 2492 favillas
435 2440 444 2480 ‚·
456 2433 487 2470 ut
494 2417 579 2471 Theb.
591 2417 636 2486 IV,
647 2417 708 2484 841,
754 2425 812 2476 Par.
827 2427 855 2476 in
869 2435 957 2488 textu;
974 2427 1021 2495 qui
1035 2423 1069 2476 ad
1081 2443 1164 2496 marg.
1183 2448 1195 2472 ι
1205 2427 1255 2476 Ρο-

212 2500 277 2554 «Ab
296 2501 361 2554 Jove
380 2501 480 2570 primus
501 2498 602 2560 honot;
614 2522 626 2545 ι
647 2510 709 2570 post
754 2503 829 2556 cula:
847 2517 874 2555 at
892 2503 949 2556 brec
966 2501 1029 2556 lette
1046 2506 1142 2558 meruit
1158 2523 1255 2558 manus

209 2583 314 2643 Jovem;
334 2591 360 2632 et
375 2579 410 2629 ita
425 2581 539 2648 passim
556 2577 597 2630 vel
614 2575 711 2648 simpli-
755 2601 850 2656 aspera
868 2581 970 2637 sedis.»
988 2582 1055 2637 Vide
1070 2598 1126 2636 not.
1146 2583 1180 2637 ed
1196 2605 1256 2639 ver-

210 2663 274 2712 oiter
288 2659 390 2710 emistus
401 2679 417 2710 a
426 2655 547 2728 favillis,
560 2670 589 2708 ut
600 2653 708 2728 Epicetl.
755 2682 813 2717 sum
826 2658 868 2717 56.
889 2665 921 2716 Α.

209 2735 302 2792 Glaoe.
314 2757 338 2788 v.
356 2755 417 2808 227,
433 2737 517 2790 «edes
532 2736 585 2789 hue
600 2737 710 2791 emissus
790 2741 833 2795 58.
855 2740 1002 2794 Occultum.
1017 2741 1060 2795 Sic
1075 2741 1116 2793 ed.
1132 2743 1218 2814 prino.
1231 2755 1257 2794 et

209 2818 243 2869 ab
257 2831 315 2871 atro
327 2818 465 2882 hminem
479 2820 515 2870 itu
532 2819 602 2870 enim
618 2817 709 2889 legen·
754 2821 814 2875 cod.
831 2822 911 2874 Paris.
926 2839 941 2873 a
956 2839 1036 2873 manu
1052 2822 1150 2894 prima;
1167 2824 1212 2895 qni
1226 2839 1257 2873 ex

209 2895 289 2964 dnm,
303 2915 358 2949 non
372 2897 474 2950 Limite.
488 2897 519 2950 ln
534 2899 622 2956 nnimo
635 2895 710 2947 vitle-
755 2898 887 2953 emendet.
900 2910 926 2952 et
936 2900 1043 2954 cultum.
1062 2899 1094 2950 A.

210 2990 253 3028 tur
270 2977 395 3030 habuisse
414 2978 595 3049 Propertium,
614 2979 644 3044 l,
662 2975 709 3042 13,
790 2979 834 3033 60.
853 2981 903 3032 Pro
923 2980 1082 3046 venerabile,
1100 2979 1185 3032 Parm-
1201 2998 1259 3032 me-

213 3055 296 3105 nNon
320 3057 356 3107 sio
379 3053 476 3108 caelesti
499 3053 612 3126 flagrans
637 3072 711 3106 amor
755 3058 1256 3132 morabimfrequentierrore.—Cmt

210 3131 327 3185 Herculis
350 3131 424 3185 Hebe
448 3133 533 3186 Sensit
556 3133 589 3185 ab
612 3133 710 3186 OEtteis
755 3139 812 3192 Par.
828 3139 868 3191 etl.
882 3155 923 3210 pr.
938 3137 1202 3211 vulgatamtuentnr.
1224 3140 1255 3190 Δ.

208 3211 306 3280 gaudie
315 3213 398 3283 prima
406 3215 510 3284 jugis„
522 3213 557 3268 ito
569 3210 709 3284 legendum
789 3221 833 3273 61.
853 3217 986 3272 Portabat,
997 3219 1063 3272 Edit.
1076 3237 1117 3290 pr.
1128 3219 1257 3292 portabit,-

207 3308 265 3342 eese
280 3289 345 3342 alias
358 3289 498 3362 probabo,
513 3297 568 3345 n'on
584 3291 709 3344 celestem
755 3311 780 3348 et
795 3299 832 3349 sio
846 3315 861 3349 a
875 3315 955 3352 manu
969 3299 1054 3372 prima
1066 3294 1127 3350 cod.
1138 3298 1198 3348 Par.
1212 3300 1258 3370 qui

207 3367 305 3418 Heben.
316 3367 418 3422 Gaudia
427 3371 511 3440 prima
523 3371 555 3422 ab
567 3369 710 3442 OEtoeisju·
754 3393 786 3427 οι
798 3373 929 3428 emendat.
943 3393 1127 3428 occasuseeum
1136 3375 1258 3448 ponebat

205 3447 257 3520 pis,
272 3459 351 3514 suot,
363 3459 422 3520 post
435 3449 616 3524 OEtoeojuqa,
632 3461 709 3520 post·
754 3463 780 3503 et
790 3463 857 3505 ortu.
869 3453 948 3506 Conl.
961 3467 1028 3505 not·
1037 3456 1069 3506 Δ.

208 3543 288 3598 quam
302 3527 407 3578 arsisset
426 3529 453 3580 in
468 3542 557 3580 monte
571 3529 658 3590 onem
673 3529 708 3580 ita
788 3531 832 3583 62.
851 3533 901 3583 Pro
913 3531 1069 3599 Premebat,
1082 3532 1169 3583 Paron.
1184 3531 1258 3587 Proe-

209 3606 306 3677 optime
325 3607 438 3656 correxit
458 3605 586 3679 Scaliger,
610 3624 659 3677 pro
681 3601 716 3658 iav
752 3609 844 3662 stabat.
858 3639 894 3650 -
907 3608 974 3664 Cod.
991 3611 1072 3663 Perit.
1088 3607 1151 3664 edit
1170 3613 1256 3684 ptine

211 3683 316 3736 omen.
343 3683 393 3735 Pro
420 3685 533 3751 OEm,
562 3687 709 3741 Parmensis
753 3689 901 3744 Preosabot.
921 3690 953 3742 A.

209 3762 330 3824 ommis,-
346 3763 467 3814 Romana
482 3761 576 3816 Otbet's.
592 3795 627 3803 -
640 3761 706 3836 cod,
788 3767 831 3836 64.
851 3769 900 3820 Pro
914 3769 948 3821 ab
963 3769 1026 3834 boe,
1044 3771 1129 3822 Parm.
1145 3771 1182 3824 ad
1200 3771 1255 3824 boc.

206 3842 286 3894 Parit.
300 3855 326 3893 et
339 3839 418 3894 editio
431 3842 571 3914 princeps,
583 3841 672 3914 Qualis
683 3854 708 3894 et
752 3876 787 3888 -
798 3847 865 3900 Cod.
881 3848 963 3900 Perit.
976 3846 1018 3900 ed.
1033 3867 1074 3920 pr.
1089 3849 1131 3900 ab.
1152 3851 1184 3902 Δ.

209 3919 324 3975 OEtlteit.
343 3921 374 3972 A.
786 3925 828 3978 65.
848 3925 926 3980 Forte
946 3926 1108 4000 legendnm,
1130 3930 1256 4000 referebat

242 3999 284 4054 56.
299 4001 428 4055 Hortetur.
441 4001 523 4054 Parin.
535 4001 706 4058 Hortatur.-
751 4005 857 4076 opimas.
867 4035 901 4046 -
913 4006 979 4060 cod.
996 4008 1074 4060 Paris.
1089 4005 1151 4061 edit.
1164 4011 1253 4080 princ.
