2850 4488
223 293 288 376 480
472 297 507 358 Ρ.
534 295 568 356 Ρ.
592 295 746 359 STATII
770 294 1010 360 SlLVARUM

265 427 307 489 Et
318 445 387 488 non
398 423 565 513 inscriptis
578 435 749 489 auctorem
761 420 899 489 reddere
910 425 1035 514 signis?

265 534 329 599 Hic
339 530 399 600 tibi
411 554 487 625 quae
498 531 597 599 docto
609 530 755 599 multum
767 530 900 624 vigilate
911 527 1046 624 Myroni
1226 554 1258 604 25

266 645 356 724 AErn,
369 640 539 709 laboriferi
550 644 665 709 vivant
677 666 753 736 quae
763 659 931 732 marmore
941 641 1023 709 caelo

220 789 226 794 -
264 749 556 846 Praxitelis,quod
567 751 651 819 ebur
663 756 768 820 Pisaeo
779 751 899 845 pollice
910 775 1041 836 rasum,

263 862 361 947 Quod
372 860 709 955 Polycleteisjussum
721 879 771 930 est
783 867 910 955 spirare
920 865 1080 944 caminis,

263 974 366 1038 Linea
377 995 453 1066 quae
465 988 612 1040 veterem
622 971 721 1062 longe
733 971 877 1038 fatentur
887 971 1054 1065 Apellem,

262 1083 463 1150 Monstrabit
474 1109 481 1148 :
492 1106 639 1176 namque
648 1080 735 1164 hoec,
746 1087 877 1176 quoties
885 1081 1006 1177 chelyn
1014 1083 1201 1170 exsuitille,
1220 1099 1257 1153 30
1417 1029 1421 1186 l

262 1192 395 1260 Desidia
405 1209 474 1276 est;
487 1192 542 1260 hic
552 1194 665 1260 Aoniis
677 1214 772 1258 amor
784 1211 902 1260 avocat
913 1195 1027 1260 antris.
1354 1209 1360 1226 ·
1419 1189 1421 1270 Ι

308 1309 387 1372 Haec
398 1306 500 1388 inter,
513 1321 613 1376 castae
624 1305 749 1372 Genius
761 1302 932 1400 tutelaque
943 1327 1068 1373 mensae

263 1411 593 1506 Amphitryoniades,
607 1410 715 1480 multo
726 1434 802 1479 mes
811 1415 902 1505 cepit
911 1436 1026 1480 amore

262 1528 415 1608 Pectore,
427 1549 490 1594 nec
501 1525 601 1616 longo
614 1526 745 1592 satiavit
756 1522 883 1592 lumina
893 1527 986 1593 visu:

262 1643 391 1706 Tantus
402 1637 511 1706 honos
522 1640 633 1731 operi,
646 1636 798 1728 finesque
808 1636 938 1706 inclusa
948 1662 1011 1731 per
1019 1655 1131 1707 arctos
1219 1654 1253 1707 35

216 1849 298 1902 Dietr.
309 1869 334 1901 o.
351 1869 372 1903 ι.
382 1851 492 1904 -Cod
503 1854 562 1903 Per.
573 1853 615 1905 ed.
625 1854 710 1924 princ.
747 1854 813 1923 jope
813 1852 976 1924 juncheris,
985 1852 1033 1902 viri
1042 1850 1114 1903 docti
1121 1865 1251 1922 reponunt

216 1947 372 2001 coquerem.
391 1932 423 1981 A.
755 1932 822 1992 νίκη
838 1943 865 1982 et
878 1930 916 1982 lsae
932 1947 1011 1982 voces
1025 1932 1167 2001 sepissime
1180 1948 1251 1982 eom-

252 2007 293 2059 25.
312 2011 362 2060 Pro
372 2011 436 2076 Hic,
447 2013 530 2064 Perm.
539 2013 616 2074 Hoee,·
627 2027 653 2065 et
662 2031 710 2085 pro
755 2021 899 2059 mutantur·
912 2007 1050 2060 Getullu·
1065 2021 1152 2060 limen
1165 2009 1193 2058 in
1203 2026 1251 2060 Μ

214 2083 336 2156 vlpilata,
352 2086 483 2151 laborum
494 2089 567 2161 quod
582 2090 711 2161 glossato-
756 2086 987 2138 editioneretinnit
997 2085 1093 2147 υίευπις
1104 2085 1250 2137 Gronovius

214 2165 248 2216 ris
268 2177 321 2231 eet,
338 2168 366 2216 in
385 2181 537 2221 contextum
555 2183 646 2241 postea
664 2171 712 2223 sd·
754 2169 782 2218 in
796 2184 843 2218 sua
856 2165 943 2217 omisit
953 2175 1004 2216 est:
1017 2177 1141 2216 nentrum
1151 2165 1251 2216 sarton

213 2243 709 2310 missum,metroreclemante.-God.
755 2247 882 2316 oportuit.
894 2273 930 2284 -
940 2241 1006 2296 cod.
1021 2245 1102 2296 Paris.
1116 2258 1144 2296 et
1156 2243 1196 2296 ed.
1209 2261 1249 2314 pr.

214 2322 271 2374 Per.
284 2341 299 2374 n
312 2341 392 2376 mann
404 2325 489 2396 prime
502 2327 567 2390 ch‚·
581 2346 612 2378 ex
623 2347 711 2381 emen·
747 2330 856 2399 jussum.
875 2325 907 2376 Α.

213 2400 267 2454 det.
279 2403 351 2456 Hoec.
365 2403 413 2456 Ed.
426 2425 467 2475 pr.
478 2407 543 2473 Hie,
561 2421 586 2459 et
601 2408 711 2481 viqt'lata
791 2422 833 2475 ²9.
852 2406 902 2455 Pro
918 2415 1025 2455 veterem
1042 2400 1177 2472 Apellem,
1194 2421 1250 2454 non

214 2491 281 2532 utet
292 2481 351 2533 cod.
363 2484 442 2535 Paris.
463 2487 494 2536 A.
755 2484 822 2537 male
840 2483 893 2556 legi
912 2494 1002 2554 posset
1021 2499 1121 2542 serron,⁸
1142 2479 1189 2532 sed
1206 2483 1250 2532 vix

250 2558 292 2611 26.
311 2561 360 2611 Pro
379 2561 484 2631 vivont,
502 2565 585 2616 Perm.
597 2567 711 2637 juvant?
755 2581 830 2634 opus.

214 2638 478 2709 etproeoelo,l’erm.
491 2637 712 2698 etRomaeteliss-
789 2643 831 2694 30.
852 2641 902 2693 Pro
924 2641 1093 2706 monstrabit,
1114 2641 1200 2690 Pam.
1225 2653 1252 2689 et

214 2715 280 2769 Cod.
293 2719 350 2772 Par.
365 2739 379 2772 a
390 2740 471 2774 mann
481 2725 579 2793 prime,
583 2727 709 2796 juvant...
753 2719 829 2771 Rom.
840 2720 1005 2784 monstravit,
1014 2732 1041 2770 et
1049 2720 1087 2771 ite
1098 2735 1188 2770 omnes
1198 2715 1252 2768 edi-

213 2795 285 2860 coelt',·
297 2817 329 2851 ex
340 2801 468 2854 emendat.
479 2803 574 2854 viram.
587 2803 657 2856 Edit.
669 2823 709 2876 pt·
754 2802 853 2861 nonen
867 2817 1014 2870 perpetem.
1028 2798 1181 2862 Gerartius,
1194 2798 1253 2866 op'e·

207 2879 333 2948 juvant...
346 2877 410 2930 coelr'.
430 2880 462 2930 A,
543 2888 545 2896 ¹
754 2897 813 2945 nor,
822 2881 923 2949 primus
931 2874 1253 2939 mutari15sedmonuisee

250 2957 292 3010 28.
314 2958 388 3028 Quod
406 2958 562 3031 Polycleteis
578 2964 660 3016 visum
676 2975 711 3015 ese
755 2960 881 3028 oportuit.
893 2987 930 2997 —
940 2955 1005 3009 Cod.
1018 2956 1095 3006 Paris.
1110 2967 1137 3005 et
1151 2951 1194 3004 ed.
1207 2971 1252 3024 pr.

213 3037 308 3105 spirare
318 3038 433 3090 caminis.
448 3039 601 3108 Gerartins,
616 3044 708 3114 Pepin.
754 3037 916 3091 Monstravit.
936 3035 967 3086 A.
1043 3076 1047 3084 .

213 3112 284 3163 Lect.
295 3115 339 3178 lv,
349 3132 436 3187 9‚pro
444 3117 709 3191 visrtmlegitjnssum,¹
790 3118 832 3169 31.
852 3116 956 3168 Desidia
967 3125 1011 3166 est.
1020 3109 1085 3165 cod.
1097 3110 1178 3162 Puris.
1189 3108 1252 3161 edit.

212 3201 242 3238 ut
252 3207 283 3241 ex
292 3191 346 3244 MS.
356 3190 465 3247 Senensi
474 3194 613 3248 adnotaret
621 3197 649 3248 in
661 3213 709 3247 suo
754 3213 795 3267 pr.
809 3197 933 3246 omittunt
945 3205 988 3244 ert.
1008 3191 1039 3241 A.

213 3267 305 3320 codiee
314 3269 436 3342 Scaliger.
446 3271 525 3325 Recte
535 3294 541 3323 ε
552 3287 579 3324 et
587 3272 639 3325 hoc
649 3291 710 3326 con·
788 3273 831 3327 35.
844 3275 991 3346 floresque
1007 3271 1108 3324 incluso
1121 3288 1171 3342 per
1183 3281 1254 3322 ortu

213 3345 298 3397 firmet
309 3346 369 3399 loco
380 3349 496 3402 Surrent.
510 3350 574 3402 Poll.
586 3369 651 3404 vers.
664 3351 708 3422 67,
753 3355 880 3426 Mejestas.
891 3353 930 3404 lta
942 3349 1070 3402 editiones
1083 3361 1144 3400 ente
1152 3349 1254 3400 Grono-

211 3441 321 3494 prorsue
344 3430 440 3496 simili,
464 3430 540 3480 «Ant
560 3429 708 3502 Polycleteo
753 3431 836 3492 vium;
852 3428 1006 3502 qui,Reliq.
1019 3427 1053 3479 ed
1065 3425 1126 3479 silv.
1139 3427 1253 3477 notetis

208 3507 310 3574 jussum
322 3521 362 3559 est
377 3509 449 3579 quod
459 3511 546 3561 vivere
557 3507 620 3561 caelo
629 3532 657 3573 μ
671 3513 708 3562 sic
753 3508 812 3560 cod.
832 3507 924 3560 Saltsb.
944 3525 1001 3559 esse
1015 3504 1136 3579 finesque
1152 3505 1255 3558 melun

211 3601 315 3654 semper
329 3585 509 3652 scribendum,
523 3605 577 3639 non
588 3588 709 3660 Polycle·
750 3598 889 3658 peronio,-
898 3587 927 3636 in
937 3586 1060 3656 Excerpt.
1070 3579 1252 3651 Lindenbrog.

212 3670 267 3713 toeo.
280 3663 337 3714 Hoc
350 3663 428 3714 etiem
440 3663 537 3733 probat
545 3666 707 3735 Gronovius,
753 3679 779 3718 et
801 3667 884 3738 prime
904 3663 998 3715 Venet.
1014 3659 1136 3734 finesque
1155 3659 1254 3713 incluta

209 3741 292 3792 Dietr.
308 3758 331 3792 c.
347 3741 398 3809 43,
418 3753 444 3793 et
462 3745 497 3793 ite
511 3743 556 3796 ille
571 3747 708 3801 invenerat
751 3755 873 3818 peractos.
891 3741 942 3795 Sed
956 3743 979 3794 si
991 3745 1041 3795 iste
1055 3741 1187 3811 Excerpe:
1202 3741 1254 3790 sint

210 3821 237 3870 in
248 3821 324 3872 Rom.
338 3833 364 3871 et
373 3820 467 3872 Venet.
481 3834 507 3872 et
519 3840 567 3893 ego
580 3824 605 3874 in
621 3825 705 3879 Parni.
752 3837 853 3876 tentum
865 3823 1004 3876 varietates
1019 3819 1143 3871 editionis
1157 3821 1254 3870 flome-

210 3898 306 3950 contra
312 3937 320 3965 ,
331 3897 401 3969 apud
412 3900 520 3951 Auctor.
528 3901 663 3954 Consolat.
674 3905 708 3956 od
752 3923 806 3970 nte,
818 3915 847 3952 ut
857 3899 921 3952 nlibi
932 3913 1023 3952 monet
1031 3899 1148 3951 Gronov.
1160 3915 1254 3948 vereor

210 3976 309 4033 liviam
321 3979 467 4052 Augusta.
483 3978 550 4052 304,
564 4001 630 4053 pro,
645 4001 707 4039 oon·
752 3994 781 4034 ot
803 3978 1027 4064 lindenbrogium
1050 3975 1122 4031 oculi
1142 3975 1253 4047 desepe-
