<?xml version="1.0" encoding="UTF-8"?>
<!DOCTYPE html PUBLIC "-//W3C//DTD XHTML 1.0 Transitional//EN"
    "http://www.w3.org/TR/xhtml1/DTD/xhtml1-transitional.dtd">
<html xmlns="http://www.w3.org/1999/xhtml" xml:lang="en" lang="en">
 <head>
  <title>
</title>
<meta http-equiv="Content-Type" content="text/html;charset=utf-8" />
  <meta name='ocr-system' content='tesseract 3.04.00' />
  <meta name='ocr-capabilities' content='ocr_page ocr_carea ocr_par ocr_line ocrx_word'/>
</head>
<body>
  <div class='ocr_page' id='page_1' title='image "./quexstantomniao03lemagoog_0541.png"; bbox 0 0 2850 4488; ppageno 0'>
   <div class='ocr_carea' id='block_1_1' title="bbox 275 323 1215 402">
    <p class='ocr_par' dir='ltr' id='par_1_1' title="bbox 275 323 1215 402">
     <span class='ocr_line' id='line_1_1' title="bbox 275 323 1215 402; baseline 0.006 -16"><span class='ocrx_word' id='word_1_1' title='bbox 275 325 311 386; x_wconf 91' lang='lat' dir='ltr'><strong>P.</strong></span> <span class='ocrx_word' id='word_1_2' title='bbox 332 323 367 386; x_wconf 94' lang='lat' dir='ltr'><strong>P.</strong></span> <span class='ocrx_word' id='word_1_3' title='bbox 388 323 510 389; x_wconf 83' lang='lat' dir='ltr'><strong>STAT.</strong></span> <span class='ocrx_word' id='word_1_4' title='bbox 530 323 644 388; x_wconf 70' lang='lat' dir='ltr'><strong>slav.</strong></span> <span class='ocrx_word' id='word_1_5' title='bbox 665 324 754 388; x_wconf 87' lang='lat' dir='ltr'><strong>LlB.</strong></span> <span class='ocrx_word' id='word_1_6' title='bbox 776 325 836 402; x_wconf 88' lang='lat' dir='ltr'><strong>IV,</strong></span> <span class='ocrx_word' id='word_1_7' title='bbox 853 324 994 389; x_wconf 87' lang='lat' dir='ltr'>CARM.</span> <span class='ocrx_word' id='word_1_8' title='bbox 1015 325 1116 391; x_wconf 84' lang='lat' dir='ltr'>v111.</span> <span class='ocrx_word' id='word_1_9' title='bbox 1152 324 1215 392; x_wconf 80' lang='lat'><strong>505</strong></span> 
     </span>
    </p>
   </div>
   <div class='ocr_carea' id='block_1_2' title="bbox 221 446 1218 654">
    <p class='ocr_par' dir='ltr' id='par_1_2' title="bbox 221 446 1218 654">
     <span class='ocr_line' id='line_1_2' title="bbox 221 446 1218 544; baseline -0.006 -24"><span class='ocrx_word' id='word_1_10' title='bbox 221 451 364 520; x_wconf 87' lang='lat' dir='ltr'><strong>Materni</strong></span> <span class='ocrx_word' id='word_1_11' title='bbox 377 446 443 543; x_wconf 79' lang='lat' dir='ltr'><strong>que</strong></span> <span class='ocrx_word' id='word_1_12' title='bbox 454 446 534 516; x_wconf 86' lang='lat' dir='ltr'><strong>litus</strong></span> <span class='ocrx_word' id='word_1_13' title='bbox 546 448 732 542; x_wconf 88' lang='lat' dir='ltr'><strong>avi,quem</strong></span> <span class='ocrx_word' id='word_1_14' title='bbox 744 447 842 518; x_wconf 85' lang='lat' dir='ltr'><strong>turba</strong></span> <span class='ocrx_word' id='word_1_15' title='bbox 852 467 1016 542; x_wconf 88' lang='lat' dir='ltr'><strong>nepotum</strong></span> <span class='ocrx_word' id='word_1_16' title='bbox 1174 481 1218 544; x_wconf 45' lang='grc' dir='ltr'><strong>,ιο</strong></span> 
     </span>
     <span class='ocr_line' id='line_1_3' title="bbox 222 555 1023 654; baseline 0.001 -29"><span class='ocrx_word' id='word_1_17' title='bbox 222 559 364 640; x_wconf 86' lang='lat' dir='ltr'><strong>Circuit,</strong></span> <span class='ocrx_word' id='word_1_18' title='bbox 377 571 411 625; x_wconf 90' lang='lat' dir='ltr'><strong>et</strong></span> <span class='ocrx_word' id='word_1_19' title='bbox 422 555 546 624; x_wconf 86' lang='lat' dir='ltr'>similes</span> <span class='ocrx_word' id='word_1_20' title='bbox 559 556 734 654; x_wconf 87' lang='lat' dir='ltr'><strong>contendit</strong></span> <span class='ocrx_word' id='word_1_21' title='bbox 745 555 886 626; x_wconf 82' lang='lat' dir='ltr'>reddere</span> <span class='ocrx_word' id='word_1_22' title='bbox 897 557 1023 626; x_wconf 82' lang='lat' dir='ltr'><strong>vultus.</strong></span> 
     </span>
    </p>
   </div>
   <div class='ocr_carea' id='block_1_3' title="bbox 221 665 1220 2312">
    <p class='ocr_par' dir='ltr' id='par_1_3' title="bbox 221 665 1218 1540">
     <span class='ocr_line' id='line_1_4' title="bbox 268 665 1112 760; baseline 0 -24"><span class='ocrx_word' id='word_1_23' title='bbox 268 665 420 737; x_wconf 86' lang='lat' dir='ltr'><strong>Gaudeat</strong></span> <span class='ocrx_word' id='word_1_24' title='bbox 431 682 465 736; x_wconf 91' lang='lat' dir='ltr'>et</span> <span class='ocrx_word' id='word_1_25' title='bbox 475 666 599 760; x_wconf 76' lang='lat' dir='ltr'><strong>Libyca</strong></span> <span class='ocrx_word' id='word_1_26' title='bbox 611 669 786 760; x_wconf 78' lang='lat' dir='ltr'><strong>praesignis</strong></span> <span class='ocrx_word' id='word_1_27' title='bbox 799 667 987 734; x_wconf 86' lang='lat' dir='ltr'><strong>avunculus</strong></span> <span class='ocrx_word' id='word_1_28' title='bbox 999 666 1112 752; x_wconf 79' lang='lat' dir='ltr'><strong>haste3</strong></span> 
     </span>
     <span class='ocr_line' id='line_1_5' title="bbox 221 777 1070 875; baseline 0 -28"><span class='ocrx_word' id='word_1_29' title='bbox 221 783 371 875; x_wconf 77' lang='lat' dir='ltr'>Quaeque</span> <span class='ocrx_word' id='word_1_30' title='bbox 383 778 447 847; x_wconf 88' lang='lat' dir='ltr'><strong>sibi</strong></span> <span class='ocrx_word' id='word_1_31' title='bbox 459 781 589 870; x_wconf 71' lang='lat' dir='ltr'><strong>genitos</strong></span> <span class='ocrx_word' id='word_1_32' title='bbox 600 795 713 872; x_wconf 88' lang='lat' dir='ltr'><strong>putat,</strong></span> <span class='ocrx_word' id='word_1_33' title='bbox 725 777 913 874; x_wconf 80' lang='lat' dir='ltr'><strong>attollitque</strong></span> <span class='ocrx_word' id='word_1_34' title='bbox 924 779 1070 871; x_wconf 76' lang='lat' dir='ltr'>benigno</span> 
     </span>
     <span class='ocr_line' id='line_1_6' title="bbox 223 887 1080 985; baseline -0.004 -25"><span class='ocrx_word' id='word_1_35' title='bbox 223 889 315 960; x_wconf 82' lang='lat' dir='ltr'><strong>Polla</strong></span> <span class='ocrx_word' id='word_1_36' title='bbox 327 894 415 960; x_wconf 87' lang='lat' dir='ltr'><strong>sinu.</strong></span> <span class='ocrx_word' id='word_1_37' title='bbox 428 895 556 974; x_wconf 83' lang='lat' dir='ltr'>Macte,</span> <span class='ocrx_word' id='word_1_38' title='bbox 569 887 751 984; x_wconf 88' lang='lat' dir='ltr'><strong>ojuveuis,</strong></span> <span class='ocrx_word' id='word_1_39' title='bbox 764 894 822 985; x_wconf 90' lang='lat' dir='ltr'><strong>qui</strong></span> <span class='ocrx_word' id='word_1_40' title='bbox 833 905 927 958; x_wconf 84' lang='lat' dir='ltr'><strong>tauta</strong></span> <span class='ocrx_word' id='word_1_41' title='bbox 936 894 1080 959; x_wconf 87' lang='lat' dir='ltr'>merenti</span> 
     </span>
     <span class='ocr_line' id='line_1_7' title="bbox 223 1000 1218 1096; baseline -0.003 -25"><span class='ocrx_word' id='word_1_42' title='bbox 223 1005 366 1072; x_wconf 87' lang='lat' dir='ltr'><strong>Lumina</strong></span> <span class='ocrx_word' id='word_1_43' title='bbox 377 1001 437 1070; x_wconf 88' lang='lat' dir='ltr'><strong>das</strong></span> <span class='ocrx_word' id='word_1_44' title='bbox 448 1005 575 1096; x_wconf 84' lang='lat' dir='ltr'><strong>patrioe.</strong></span> <span class='ocrx_word' id='word_1_45' title='bbox 591 1002 690 1071; x_wconf 90' lang='lat' dir='ltr'><strong>Dulci</strong></span> <span class='ocrx_word' id='word_1_46' title='bbox 700 1002 813 1070; x_wconf 85' lang='lat' dir='ltr'><strong>fremit</strong></span> <span class='ocrx_word' id='word_1_47' title='bbox 824 1025 900 1070; x_wconf 82' lang='lat' dir='ltr'>eece</span> <span class='ocrx_word' id='word_1_48' title='bbox 912 1000 1060 1069; x_wconf 89' lang='lat' dir='ltr'><strong>tumultu</strong></span> <span class='ocrx_word' id='word_1_49' title='bbox 1189 1013 1218 1068; x_wconf 84' lang='grc'><strong>15</strong></span> 
     </span>
     <span class='ocr_line' id='line_1_8' title="bbox 224 1113 1110 1208; baseline -0.002 -26"><span class='ocrx_word' id='word_1_50' title='bbox 224 1119 290 1183; x_wconf 89' lang='lat' dir='ltr'><strong>Tot</strong></span> <span class='ocrx_word' id='word_1_51' title='bbox 300 1115 445 1184; x_wconf 88' lang='lat' dir='ltr'><strong>dominis</strong></span> <span class='ocrx_word' id='word_1_52' title='bbox 457 1114 601 1184; x_wconf 83' lang='lat' dir='ltr'><strong>clamata</strong></span> <span class='ocrx_word' id='word_1_53' title='bbox 611 1114 731 1183; x_wconf 87' lang='lat' dir='ltr'><strong>domus</strong></span> <span class='ocrx_word' id='word_1_54' title='bbox 744 1141 751 1180; x_wconf 91' lang='lat'>:</span> <span class='ocrx_word' id='word_1_55' title='bbox 765 1113 884 1208; x_wconf 86' lang='lat' dir='ltr'><strong>procul</strong></span> <span class='ocrx_word' id='word_1_56' title='bbox 894 1128 965 1180; x_wconf 86' lang='lat' dir='ltr'><strong>atra</strong></span> <span class='ocrx_word' id='word_1_57' title='bbox 977 1113 1110 1182; x_wconf 85' lang='lat' dir='ltr'>recedat</span> 
     </span>
     <span class='ocr_line' id='line_1_9' title="bbox 225 1224 991 1322; baseline -0.001 -28"><span class='ocrx_word' id='word_1_58' title='bbox 225 1225 369 1311; x_wconf 80' lang='lat' dir='ltr'><strong>Invidia,</strong></span> <span class='ocrx_word' id='word_1_59' title='bbox 382 1243 483 1322; x_wconf 84' lang='lat' dir='ltr'><strong>atque</strong></span> <span class='ocrx_word' id='word_1_60' title='bbox 494 1226 559 1295; x_wconf 84' lang='lat' dir='ltr'><strong>alio</strong></span> <span class='ocrx_word' id='word_1_61' title='bbox 570 1225 706 1294; x_wconf 83' lang='lat' dir='ltr'><strong>liventia</strong></span> <span class='ocrx_word' id='word_1_62' title='bbox 719 1243 856 1319; x_wconf 86' lang='lat' dir='ltr'><strong>pectora</strong></span> <span class='ocrx_word' id='word_1_63' title='bbox 867 1224 991 1294; x_wconf 82' lang='lat' dir='ltr'><strong>flectat.</strong></span> 
     </span>
     <span class='ocr_line' id='line_1_10' title="bbox 224 1334 1047 1431; baseline -0.001 -25"><span class='ocrx_word' id='word_1_64' title='bbox 224 1337 284 1406; x_wconf 92' lang='lat' dir='ltr'><strong>His</strong></span> <span class='ocrx_word' id='word_1_65' title='bbox 295 1337 446 1418; x_wconf 82' lang='lat' dir='ltr'>senium,</span> <span class='ocrx_word' id='word_1_66' title='bbox 458 1335 635 1431; x_wconf 71' lang='lat' dir='ltr'><strong>longaque</strong></span> <span class='ocrx_word' id='word_1_67' title='bbox 647 1335 749 1404; x_wconf 88' lang='lat' dir='ltr'>decus</span> <span class='ocrx_word' id='word_1_68' title='bbox 761 1337 914 1418; x_wconf 84' lang='lat' dir='ltr'><strong>virtutis,</strong></span> <span class='ocrx_word' id='word_1_69' title='bbox 927 1352 960 1404; x_wconf 94' lang='lat' dir='ltr'><strong>et</strong></span> <span class='ocrx_word' id='word_1_70' title='bbox 972 1334 1047 1405; x_wconf 84' lang='lat' dir='ltr'><strong>alba</strong></span> 
     </span>
     <span class='ocr_line' id='line_1_11' title="bbox 223 1443 1014 1540; baseline -0.005 -26"><span class='ocrx_word' id='word_1_71' title='bbox 223 1453 383 1539; x_wconf 84' lang='lat' dir='ltr'><strong>Atropos,</strong></span> <span class='ocrx_word' id='word_1_72' title='bbox 397 1462 431 1514; x_wconf 94' lang='lat' dir='ltr'><strong>et</strong></span> <span class='ocrx_word' id='word_1_73' title='bbox 441 1449 570 1540; x_wconf 82' lang='lat' dir='ltr'><strong>patrius</strong></span> <span class='ocrx_word' id='word_1_74' title='bbox 582 1445 695 1514; x_wconf 85' lang='lat' dir='ltr'><strong>lauros</strong></span> <span class='ocrx_word' id='word_1_75' title='bbox 707 1447 874 1539; x_wconf 89' lang='lat' dir='ltr'><strong>promittit</strong></span> <span class='ocrx_word' id='word_1_76' title='bbox 884 1443 1014 1536; x_wconf 83' lang='lat' dir='ltr'><strong>Apollo.</strong></span> 
     </span>
    </p>

    <p class='ocr_par' dir='ltr' id='par_1_4' title="bbox 224 1553 1220 2312">
     <span class='ocr_line' id='line_1_12' title="bbox 269 1553 1220 1651; baseline -0.005 -28"><span class='ocrx_word' id='word_1_77' title='bbox 269 1561 359 1649; x_wconf 76' lang='lat' dir='ltr'><strong>Ergo</strong></span> <span class='ocrx_word' id='word_1_78' title='bbox 371 1555 462 1651; x_wconf 91' lang='lat' dir='ltr'><strong>quod</strong></span> <span class='ocrx_word' id='word_1_79' title='bbox 473 1559 630 1626; x_wconf 74' lang='lat' dir='ltr'><strong>Ausoniae</strong></span> <span class='ocrx_word' id='word_1_80' title='bbox 641 1571 737 1649; x_wconf 83' lang='lat' dir='ltr'>peter</span> <span class='ocrx_word' id='word_1_81' title='bbox 747 1557 1005 1648; x_wconf 73' lang='lat' dir='ltr'><strong>augustissimus</strong></span> <span class='ocrx_word' id='word_1_82' title='bbox 1016 1553 1108 1623; x_wconf 85' lang='lat' dir='ltr'><strong>urbis</strong></span> <span class='ocrx_word' id='word_1_83' title='bbox 1188 1584 1220 1619; x_wconf 82' lang='lat'><strong>20</strong></span> 
     </span>
     <span class='ocr_line' id='line_1_13' title="bbox 224 1665 999 1760; baseline -0.003 -24"><span class='ocrx_word' id='word_1_84' title='bbox 224 1672 284 1736; x_wconf 87' lang='lat' dir='ltr'><strong>Jus</strong></span> <span class='ocrx_word' id='word_1_85' title='bbox 296 1667 357 1736; x_wconf 89' lang='lat' dir='ltr'><strong>tibi</strong></span> <span class='ocrx_word' id='word_1_86' title='bbox 367 1671 560 1760; x_wconf 74' lang='lat' dir='ltr'>tergeminae</span> <span class='ocrx_word' id='word_1_87' title='bbox 572 1667 711 1736; x_wconf 84' lang='lat' dir='ltr'>dederat</span> <span class='ocrx_word' id='word_1_88' title='bbox 721 1665 864 1734; x_wconf 72' lang='lat' dir='ltr'><strong>laetabile</strong></span> <span class='ocrx_word' id='word_1_89' title='bbox 876 1665 999 1760; x_wconf 89' lang='lat' dir='ltr'><strong>prolis,</strong></span> 
     </span>
     <span class='ocr_line' id='line_1_14' title="bbox 224 1777 985 1870; baseline -0.004 -25"><span class='ocrx_word' id='word_1_90' title='bbox 224 1779 334 1846; x_wconf 88' lang='lat' dir='ltr'>Omen</span> <span class='ocrx_word' id='word_1_91' title='bbox 346 1793 417 1846; x_wconf 89' lang='lat' dir='ltr'><strong>erat</strong></span> <span class='ocrx_word' id='word_1_92' title='bbox 429 1803 436 1844; x_wconf 92' lang='lat'>:</span> <span class='ocrx_word' id='word_1_93' title='bbox 450 1779 543 1845; x_wconf 89' lang='lat' dir='ltr'><strong>venit</strong></span> <span class='ocrx_word' id='word_1_94' title='bbox 553 1780 652 1845; x_wconf 88' lang='lat' dir='ltr'><strong>toties</strong></span> <span class='ocrx_word' id='word_1_95' title='bbox 664 1778 810 1859; x_wconf 86' lang='lat' dir='ltr'><strong>Lucina,</strong></span> <span class='ocrx_word' id='word_1_96' title='bbox 822 1777 985 1870; x_wconf 88' lang='lat' dir='ltr'><strong>piumque</strong></span> 
     </span>
     <span class='ocr_line' id='line_1_15' title="bbox 225 1885 951 1980; baseline -0.004 -24"><span class='ocrx_word' id='word_1_97' title='bbox 225 1889 366 1956; x_wconf 83' lang='lat' dir='ltr'><strong>Intravit</strong></span> <span class='ocrx_word' id='word_1_98' title='bbox 377 1889 518 1980; x_wconf 89' lang='lat' dir='ltr'><strong>repetita</strong></span> <span class='ocrx_word' id='word_1_99' title='bbox 529 1885 652 1956; x_wconf 81' lang='lat' dir='ltr'>larem:</span> <span class='ocrx_word' id='word_1_100' title='bbox 666 1889 714 1954; x_wconf 89' lang='lat' dir='ltr'>sie</span> <span class='ocrx_word' id='word_1_101' title='bbox 726 1885 861 1969; x_wconf 88' lang='lat' dir='ltr'><strong>fertilis,</strong></span> <span class='ocrx_word' id='word_1_102' title='bbox 875 1910 951 1969; x_wconf 89' lang='lat' dir='ltr'><strong>oro,</strong></span> 
     </span>
     <span class='ocr_line' id='line_1_16' title="bbox 225 1995 1085 2090; baseline -0.003 -24"><span class='ocrx_word' id='word_1_103' title='bbox 225 2000 294 2066; x_wconf 84' lang='lat' dir='ltr'><strong>Stet</strong></span> <span class='ocrx_word' id='word_1_104' title='bbox 305 1997 425 2065; x_wconf 88' lang='lat' dir='ltr'><strong>domus</strong></span> <span class='ocrx_word' id='word_1_105' title='bbox 436 2051 444 2082; x_wconf 88' lang='lat'>‚</span> <span class='ocrx_word' id='word_1_106' title='bbox 457 2012 492 2064; x_wconf 92' lang='lat' dir='ltr'>et</span> <span class='ocrx_word' id='word_1_107' title='bbox 502 1995 600 2065; x_wconf 87' lang='lat' dir='ltr'><strong>donis</strong></span> <span class='ocrx_word' id='word_1_108' title='bbox 612 2019 788 2090; x_wconf 84' lang='lat' dir='ltr'><strong>nunquam</strong></span> <span class='ocrx_word' id='word_1_109' title='bbox 799 1995 925 2064; x_wconf 78' lang='lat' dir='ltr'><strong>nudate</strong></span> <span class='ocrx_word' id='word_1_110' title='bbox 937 1998 1085 2064; x_wconf 83' lang='lat' dir='ltr'><strong>sacratis.</strong></span> 
     </span>
     <span class='ocr_line' id='line_1_17' title="bbox 225 2105 1220 2201; baseline -0.003 -27"><span class='ocrx_word' id='word_1_111' title='bbox 225 2111 354 2190; x_wconf 82' lang='lat' dir='ltr'><strong>Macte,</strong></span> <span class='ocrx_word' id='word_1_112' title='bbox 367 2105 458 2201; x_wconf 89' lang='lat' dir='ltr'><strong>quod</strong></span> <span class='ocrx_word' id='word_1_113' title='bbox 469 2123 504 2176; x_wconf 91' lang='lat' dir='ltr'><strong>et</strong></span> <span class='ocrx_word' id='word_1_114' title='bbox 513 2107 626 2199; x_wconf 87' lang='lat' dir='ltr'><strong>proles</strong></span> <span class='ocrx_word' id='word_1_115' title='bbox 638 2107 698 2174; x_wconf 85' lang='lat' dir='ltr'><strong>tibi</strong></span> <span class='ocrx_word' id='word_1_116' title='bbox 711 2107 835 2200; x_wconf 83' lang='lat' dir='ltr'><strong>soepius</strong></span> <span class='ocrx_word' id='word_1_117' title='bbox 846 2123 943 2174; x_wconf 85' lang='lat' dir='ltr'><strong>aucta</strong></span> <span class='ocrx_word' id='word_1_118' title='bbox 954 2106 1042 2174; x_wconf 88' lang='lat' dir='ltr'><strong>virili</strong></span> <span class='ocrx_word' id='word_1_119' title='bbox 1189 2119 1220 2172; x_wconf 81' lang='lat'><strong>25</strong></span> 
     </span>
     <span class='ocr_line' id='line_1_18' title="bbox 225 2216 1009 2312; baseline 0.003 -28"><span class='ocrx_word' id='word_1_120' title='bbox 225 2218 375 2288; x_wconf 88' lang='lat' dir='ltr'><strong>Robore:</strong></span> <span class='ocrx_word' id='word_1_121' title='bbox 392 2244 428 2288; x_wconf 88' lang='lat' dir='ltr'><strong>se</strong></span> <span class='ocrx_word' id='word_1_122' title='bbox 437 2216 552 2312; x_wconf 87' lang='lat' dir='ltr'>juveni</span> <span class='ocrx_word' id='word_1_123' title='bbox 563 2219 675 2288; x_wconf 85' lang='lat' dir='ltr'><strong>laetam</strong></span> <span class='ocrx_word' id='word_1_124' title='bbox 686 2219 744 2288; x_wconf 87' lang='lat' dir='ltr'><strong>dat</strong></span> <span class='ocrx_word' id='word_1_125' title='bbox 755 2221 849 2312; x_wconf 77' lang='lat' dir='ltr'><strong>virgo</strong></span> <span class='ocrx_word' id='word_1_126' title='bbox 861 2222 1009 2311; x_wconf 86' lang='lat' dir='ltr'><strong>parenti:</strong></span> 
     </span>
    </p>
   </div>
   <div class='ocr_carea' id='block_1_4' title="bbox 178 2405 1225 4065">
    <p class='ocr_par' dir='ltr' id='par_1_5' title="bbox 178 2405 1223 2717">
     <span class='ocr_line' id='line_1_19' title="bbox 219 2405 1223 2481; baseline 0 -23"><span class='ocrx_word' id='word_1_127' title='bbox 219 2424 257 2460; x_wconf 88' lang='grc' dir='ltr'><strong>ιο.</strong></span> <span class='ocrx_word' id='word_1_128' title='bbox 277 2407 327 2460; x_wconf 86' lang='lat' dir='ltr'><strong>Pro</strong></span> <span class='ocrx_word' id='word_1_129' title='bbox 342 2426 433 2481; x_wconf 82' lang='lat' dir='ltr'>quem,</span> <span class='ocrx_word' id='word_1_130' title='bbox 451 2410 536 2461; x_wconf 82' lang='lat' dir='ltr'><strong>Par-m.</strong></span> <span class='ocrx_word' id='word_1_131' title='bbox 557 2421 583 2462; x_wconf 88' lang='lat' dir='ltr'><strong>et</strong></span> <span class='ocrx_word' id='word_1_132' title='bbox 600 2407 675 2462; x_wconf 77' lang='lat' dir='ltr'><strong>nom.</strong></span> <span class='ocrx_word' id='word_1_133' title='bbox 722 2406 953 2474; x_wconf 63' lang='lat' dir='ltr'><strong>domandorum,</strong></span> <span class='ocrx_word' id='word_1_134' title='bbox 969 2405 997 2458; x_wconf 94' lang='lat' dir='ltr'><strong>id</strong></span> <span class='ocrx_word' id='word_1_135' title='bbox 1013 2419 1067 2473; x_wconf 84' lang='lat' dir='ltr'><strong>est,</strong></span> <span class='ocrx_word' id='word_1_136' title='bbox 1081 2405 1108 2456; x_wconf 81' lang='lat' dir='ltr'><strong>iu</strong></span> <span class='ocrx_word' id='word_1_137' title='bbox 1120 2425 1171 2478; x_wconf 78' lang='lat' dir='ltr'><strong>quo</strong></span> <span class='ocrx_word' id='word_1_138' title='bbox 1185 2416 1223 2459; x_wconf 84' lang='lat' dir='ltr'><strong>tot</strong></span> 
     </span>
     <span class='ocr_line' id='line_1_20' title="bbox 178 2483 1221 2560; baseline -0.003 -23"><span class='ocrx_word' id='word_1_139' title='bbox 178 2505 239 2558; x_wconf 83' lang='lat' dir='ltr'><strong>qua.</strong></span> <span class='ocrx_word' id='word_1_140' title='bbox 254 2517 290 2527; x_wconf 93' lang='grc'><strong>-</strong></span> <span class='ocrx_word' id='word_1_141' title='bbox 303 2486 353 2541; x_wconf 86' lang='lat' dir='ltr'><strong>Ed.</strong></span> <span class='ocrx_word' id='word_1_142' title='bbox 369 2507 409 2560; x_wconf 85' lang='lat' dir='ltr'><strong>pr.</strong></span> <span class='ocrx_word' id='word_1_143' title='bbox 423 2507 489 2560; x_wconf 61' lang='lat' dir='ltr'><strong>quiq</strong></span> <span class='ocrx_word' id='word_1_144' title='bbox 507 2502 533 2541; x_wconf 90' lang='lat' dir='ltr'><strong>et</strong></span> <span class='ocrx_word' id='word_1_145' title='bbox 548 2490 585 2543; x_wconf 82' lang='lat' dir='ltr'><strong>sio</strong></span> <span class='ocrx_word' id='word_1_146' title='bbox 600 2491 677 2542; x_wconf 86' lang='lat' dir='ltr'>etiem</span> <span class='ocrx_word' id='word_1_147' title='bbox 722 2489 823 2543; x_wconf 82' lang='lat' dir='ltr'><strong>domini</strong></span> <span class='ocrx_word' id='word_1_148' title='bbox 833 2485 964 2550; x_wconf 58' lang='lat' dir='ltr'><strong>alamann</strong></span> <span class='ocrx_word' id='word_1_149' title='bbox 976 2499 1005 2537; x_wconf 90' lang='lat' dir='ltr'><strong>ut</strong></span> <span class='ocrx_word' id='word_1_150' title='bbox 1016 2483 1101 2537; x_wconf 87' lang='lat' dir='ltr'>Theb.</span> <span class='ocrx_word' id='word_1_151' title='bbox 1111 2487 1144 2550; x_wconf 86' lang='lat' dir='ltr'><strong>V,</strong></span> <span class='ocrx_word' id='word_1_152' title='bbox 1157 2483 1221 2547; x_wconf 73' lang='lat'><strong>5813</strong></span> 
     </span>
     <span class='ocr_line' id='line_1_21' title="bbox 179 2564 1221 2640; baseline 0 -25"><span class='ocrx_word' id='word_1_153' title='bbox 179 2564 237 2616; x_wconf 89' lang='lat' dir='ltr'><strong>cod.</strong></span> <span class='ocrx_word' id='word_1_154' title='bbox 256 2566 336 2619; x_wconf 81' lang='lat' dir='ltr'><strong>Paris.</strong></span> <span class='ocrx_word' id='word_1_155' title='bbox 357 2569 403 2638; x_wconf 88' lang='lat' dir='ltr'><strong>qui</strong></span> <span class='ocrx_word' id='word_1_156' title='bbox 424 2585 455 2618; x_wconf 82' lang='lat' dir='ltr'><strong>ex</strong></span> <span class='ocrx_word' id='word_1_157' title='bbox 474 2568 677 2634; x_wconf 80' lang='lat' dir='ltr'>emendatione,</span> <span class='ocrx_word' id='word_1_158' title='bbox 722 2569 831 2621; x_wconf 83' lang='lat' dir='ltr'>Nemees</span> <span class='ocrx_word' id='word_1_159' title='bbox 845 2579 1031 2640; x_wconf 73' lang='lat' dir='ltr'><strong>reptatusoqer</strong></span> <span class='ocrx_word' id='word_1_160' title='bbox 1044 2578 1156 2638; x_wconf 76' lang='lat' dir='ltr'><strong>ettaqer</strong></span> <span class='ocrx_word' id='word_1_161' title='bbox 1165 2565 1221 2618; x_wconf 83' lang='lat' dir='ltr'><strong>Ne-</strong></span> 
     </span>
     <span class='ocr_line' id='line_1_22' title="bbox 178 2643 1221 2717; baseline -0.003 -22"><span class='ocrx_word' id='word_1_162' title='bbox 178 2661 263 2715; x_wconf 82' lang='lat' dir='ltr'>quem.</span> <span class='ocrx_word' id='word_1_163' title='bbox 283 2645 314 2694; x_wconf 79' lang='grc' dir='ltr'><strong>Α.</strong></span> <span class='ocrx_word' id='word_1_164' title='bbox 723 2663 787 2698; x_wconf 83' lang='lat' dir='ltr'>meoe</span> <span class='ocrx_word' id='word_1_165' title='bbox 801 2647 828 2696; x_wconf 85' lang='lat' dir='ltr'><strong>in</strong></span> <span class='ocrx_word' id='word_1_166' title='bbox 842 2665 893 2717; x_wconf 83' lang='lat' dir='ltr'><strong>quo</strong></span> <span class='ocrx_word' id='word_1_167' title='bbox 905 2645 1028 2716; x_wconf 74' lang='lat' dir='ltr'><strong>reptavit,</strong></span> <span class='ocrx_word' id='word_1_168' title='bbox 1043 2643 1098 2696; x_wconf 83' lang='lat' dir='ltr'><strong>soil.</strong></span> <span class='ocrx_word' id='word_1_169' title='bbox 1114 2661 1221 2714; x_wconf 78' lang='lat' dir='ltr'>serpens.</span> 
     </span>
    </p>

    <p class='ocr_par' dir='ltr' id='par_1_6' title="bbox 178 2719 1225 4065">
     <span class='ocr_line' id='line_1_23' title="bbox 218 2719 1224 2788; baseline 0.001 -15"><span class='ocrx_word' id='word_1_170' title='bbox 218 2720 258 2774; x_wconf 84' lang='grc'><strong>15.</strong></span> <span class='ocrx_word' id='word_1_171' title='bbox 277 2719 356 2774; x_wconf 81' lang='lat' dir='ltr'><strong>Dulci</strong></span> <span class='ocrx_word' id='word_1_172' title='bbox 379 2724 465 2776; x_wconf 77' lang='lat' dir='ltr'><strong>tremit</strong></span> <span class='ocrx_word' id='word_1_173' title='bbox 485 2741 542 2778; x_wconf 83' lang='lat' dir='ltr'>ecoe</span> <span class='ocrx_word' id='word_1_174' title='bbox 564 2725 679 2778; x_wconf 79' lang='lat' dir='ltr'><strong>tumultu</strong></span> <span class='ocrx_word' id='word_1_175' title='bbox 723 2726 773 2776; x_wconf 87' lang='lat' dir='ltr'><strong>Pro</strong></span> <span class='ocrx_word' id='word_1_176' title='bbox 794 2721 866 2776; x_wconf 82' lang='lat' dir='ltr'><strong>dulci</strong></span> <span class='ocrx_word' id='word_1_177' title='bbox 886 2719 1018 2788; x_wconf 69' lang='lat' dir='ltr'><strong>amotio,</strong></span> <span class='ocrx_word' id='word_1_178' title='bbox 1036 2725 1121 2774; x_wconf 84' lang='lat' dir='ltr'><strong>Porro.</strong></span> <span class='ocrx_word' id='word_1_179' title='bbox 1143 2719 1224 2774; x_wconf 73' lang='lat' dir='ltr'><strong>duleis</strong></span> 
     </span>
     <span class='ocr_line' id='line_1_24' title="bbox 179 2798 1223 2875; baseline -0.002 -24"><span class='ocrx_word' id='word_1_180' title='bbox 179 2799 294 2853; x_wconf 77' lang='lat' dir='ltr'><strong>clamata</strong></span> <span class='ocrx_word' id='word_1_181' title='bbox 314 2799 411 2855; x_wconf 71' lang='lat' dir='ltr'>demto.</span> <span class='ocrx_word' id='word_1_182' title='bbox 431 2803 473 2855; x_wconf 88' lang='lat' dir='ltr'><strong>Sic</strong></span> <span class='ocrx_word' id='word_1_183' title='bbox 488 2803 550 2866; x_wconf 76' lang='lat' dir='ltr'><strong>alii3</strong></span> <span class='ocrx_word' id='word_1_184' title='bbox 569 2816 596 2856; x_wconf 79' lang='lat' dir='ltr'><strong>at</strong></span> <span class='ocrx_word' id='word_1_185' title='bbox 611 2823 679 2875; x_wconf 90' lang='lat' dir='ltr'><strong>quo-</strong></span> <span class='ocrx_word' id='word_1_186' title='bbox 724 2801 860 2856; x_wconf 79' lang='lat' dir='ltr'><strong>tumultus.</strong></span> <span class='ocrx_word' id='word_1_187' title='bbox 872 2803 911 2854; x_wconf 84' lang='lat' dir='ltr'><strong>Ex</strong></span> <span class='ocrx_word' id='word_1_188' title='bbox 924 2801 976 2853; x_wconf 88' lang='lat' dir='ltr'><strong>hoc</strong></span> <span class='ocrx_word' id='word_1_189' title='bbox 989 2819 1052 2853; x_wconf 81' lang='lat' dir='ltr'>vero</span> <span class='ocrx_word' id='word_1_190' title='bbox 1067 2799 1127 2852; x_wconf 87' lang='lat' dir='ltr'><strong>loco</strong></span> <span class='ocrx_word' id='word_1_191' title='bbox 1142 2813 1169 2851; x_wconf 89' lang='lat' dir='ltr'><strong>et</strong></span> <span class='ocrx_word' id='word_1_192' title='bbox 1181 2798 1223 2850; x_wconf 77' lang='lat' dir='ltr'>hie</span> 
     </span>
     <span class='ocr_line' id='line_1_25' title="bbox 178 2877 1224 2954; baseline -0.002 -24"><span class='ocrx_word' id='word_1_193' title='bbox 178 2877 260 2932; x_wconf 88' lang='lat' dir='ltr'><strong>modo</strong></span> <span class='ocrx_word' id='word_1_194' title='bbox 276 2880 377 2931; x_wconf 85' lang='lat' dir='ltr'><strong>tremit?</strong></span> <span class='ocrx_word' id='word_1_195' title='bbox 391 2880 478 2933; x_wconf 79' lang='lat' dir='ltr'><strong>tremit</strong></span> <span class='ocrx_word' id='word_1_196' title='bbox 491 2895 531 2935; x_wconf 86' lang='lat' dir='ltr'><strong>est</strong></span> <span class='ocrx_word' id='word_1_197' title='bbox 547 2881 679 2953; x_wconf 78' lang='lat' dir='ltr'><strong>quatitur,·</strong></span> <span class='ocrx_word' id='word_1_198' title='bbox 724 2881 848 2953; x_wconf 83' lang='lat' dir='ltr'>exemplis</span> <span class='ocrx_word' id='word_1_199' title='bbox 855 2893 940 2954; x_wconf 80' lang='lat' dir='ltr'><strong>patet,</strong></span> <span class='ocrx_word' id='word_1_200' title='bbox 948 2877 975 2932; x_wconf 66' lang='lat' dir='ltr'><strong>‘ro&#39;</strong></span> <span class='ocrx_word' id='word_1_201' title='bbox 977 2879 1090 2952; x_wconf 76' lang='lat' dir='ltr'>fremere</span> <span class='ocrx_word' id='word_1_202' title='bbox 1097 2897 1152 2930; x_wconf 86' lang='lat' dir='ltr'><strong>noo</strong></span> <span class='ocrx_word' id='word_1_203' title='bbox 1161 2896 1224 2930; x_wconf 85' lang='lat' dir='ltr'>seru·</span> 
     </span>
     <span class='ocr_line' id='line_1_26' title="bbox 179 2957 1224 3035; baseline -0.002 -25"><span class='ocrx_word' id='word_1_204' title='bbox 179 2960 253 3030; x_wconf 81' lang='lat' dir='ltr'><strong>atqui</strong></span> <span class='ocrx_word' id='word_1_205' title='bbox 262 2957 362 3011; x_wconf 82' lang='lat' dir='ltr'><strong>clamor</strong></span> <span class='ocrx_word' id='word_1_206' title='bbox 372 2960 516 3032; x_wconf 80' lang='lat' dir='ltr'><strong>infantium</strong></span> <span class='ocrx_word' id='word_1_207' title='bbox 526 2981 581 3016; x_wconf 87' lang='lat' dir='ltr'><strong>non</strong></span> <span class='ocrx_word' id='word_1_208' title='bbox 590 2975 681 3035; x_wconf 83' lang='lat' dir='ltr'><strong>potest</strong></span> <span class='ocrx_word' id='word_1_209' title='bbox 723 2981 771 3035; x_wconf 85' lang='lat' dir='ltr'>per</span> <span class='ocrx_word' id='word_1_210' title='bbox 784 2979 841 3014; x_wconf 76' lang='lat' dir='ltr'>esse</span> <span class='ocrx_word' id='word_1_211' title='bbox 856 2962 980 3015; x_wconf 82' lang='lat' dir='ltr'><strong>iratorum</strong></span> <span class='ocrx_word' id='word_1_212' title='bbox 992 2972 1019 3012; x_wconf 89' lang='lat' dir='ltr'><strong>et</strong></span> <span class='ocrx_word' id='word_1_213' title='bbox 1029 2958 1224 3034; x_wconf 70' lang='lat' dir='ltr'><strong>indiqnaott&#39;um</strong></span> 
     </span>
     <span class='ocr_line' id='line_1_27' title="bbox 178 3037 1224 3114; baseline 0 -24"><span class='ocrx_word' id='word_1_214' title='bbox 178 3051 284 3110; x_wconf 81' lang='lat' dir='ltr'>quatere</span> <span class='ocrx_word' id='word_1_215' title='bbox 295 3037 417 3103; x_wconf 67' lang='lat' dir='ltr'><strong>domum</strong></span> <span class='ocrx_word' id='word_1_216' title='bbox 432 3038 504 3093; x_wconf 87' lang='lat' dir='ltr'>unde</span> <span class='ocrx_word' id='word_1_217' title='bbox 515 3054 590 3112; x_wconf 87' lang='lat' dir='ltr'><strong>patet</strong></span> <span class='ocrx_word' id='word_1_218' title='bbox 601 3043 679 3094; x_wconf 83' lang='lat' dir='ltr'><strong>reris·</strong></span> <span class='ocrx_word' id='word_1_219' title='bbox 724 3042 813 3114; x_wconf 88' lang='lat' dir='ltr'><strong>(quod</strong></span> <span class='ocrx_word' id='word_1_220' title='bbox 829 3055 856 3095; x_wconf 88' lang='lat' dir='ltr'><strong>et</strong></span> <span class='ocrx_word' id='word_1_221' title='bbox 869 3040 903 3094; x_wconf 79' lang='lat' dir='ltr'><strong>ad</strong></span> <span class='ocrx_word' id='word_1_222' title='bbox 914 3039 1001 3096; x_wconf 88' lang='lat' dir='ltr'><strong>Ovidii</strong></span> <span class='ocrx_word' id='word_1_223' title='bbox 1013 3038 1102 3092; x_wconf 87' lang='lat' dir='ltr'><strong>locum</strong></span> <span class='ocrx_word' id='word_1_224' title='bbox 1113 3051 1224 3090; x_wconf 83' lang='lat' dir='ltr'><strong>notave·</strong></span> 
     </span>
     <span class='ocr_line' id='line_1_28' title="bbox 180 3117 1224 3191; baseline 0 -22"><span class='ocrx_word' id='word_1_225' title='bbox 180 3120 271 3170; x_wconf 73' lang='lat' dir='ltr'><strong>dmum</strong></span> <span class='ocrx_word' id='word_1_226' title='bbox 283 3137 340 3172; x_wconf 76' lang='lat' dir='ltr'>ease</span> <span class='ocrx_word' id='word_1_227' title='bbox 348 3118 559 3173; x_wconf 81' lang='lat' dir='ltr'>emendationem</span> <span class='ocrx_word' id='word_1_228' title='bbox 565 3123 679 3182; x_wconf 83' lang='lat' dir='ltr'>Heineii,</span> <span class='ocrx_word' id='word_1_229' title='bbox 724 3134 764 3174; x_wconf 81' lang='lat' dir='ltr'><strong>rot</strong></span> <span class='ocrx_word' id='word_1_230' title='bbox 779 3119 917 3191; x_wconf 76' lang='lat' dir='ltr'><strong>Heinsius)</strong></span> <span class='ocrx_word' id='word_1_231' title='bbox 931 3133 958 3173; x_wconf 88' lang='lat' dir='ltr'><strong>et</strong></span> <span class='ocrx_word' id='word_1_232' title='bbox 968 3117 1029 3172; x_wconf 85' lang='lat' dir='ltr'>ideo</span> <span class='ocrx_word' id='word_1_233' title='bbox 1043 3137 1085 3170; x_wconf 87' lang='lat' dir='ltr'><strong>me</strong></span> <span class='ocrx_word' id='word_1_234' title='bbox 1100 3130 1171 3170; x_wconf 86' lang='lat' dir='ltr'>recte</span> <span class='ocrx_word' id='word_1_235' title='bbox 1182 3135 1224 3169; x_wconf 86' lang='lat' dir='ltr'>re-</span> 
     </span>
     <span class='ocr_line' id='line_1_29' title="bbox 180 3196 1223 3273; baseline -0.001 -25"><span class='ocrx_word' id='word_1_236' title='bbox 180 3198 226 3268; x_wconf 90' lang='lat' dir='ltr'><strong>qui</strong></span> <span class='ocrx_word' id='word_1_237' title='bbox 239 3196 273 3249; x_wconf 83' lang='lat' dir='ltr'><strong>ad</strong></span> <span class='ocrx_word' id='word_1_238' title='bbox 286 3197 362 3251; x_wconf 81' lang='lat' dir='ltr'><strong>ovid.</strong></span> <span class='ocrx_word' id='word_1_239' title='bbox 378 3199 441 3251; x_wconf 84' lang='lat' dir='ltr'><strong>Met.</strong></span> <span class='ocrx_word' id='word_1_240' title='bbox 455 3201 506 3268; x_wconf 81' lang='lat' dir='ltr'><strong>tx,</strong></span> <span class='ocrx_word' id='word_1_241' title='bbox 523 3217 583 3271; x_wconf 82' lang='lat'><strong>207,</strong></span> <span class='ocrx_word' id='word_1_242' title='bbox 600 3200 678 3273; x_wconf 75' lang='lat' dir='ltr'><strong>legit,</strong></span> <span class='ocrx_word' id='word_1_243' title='bbox 724 3201 854 3268; x_wconf 81' lang='lat' dir='ltr'><strong>stituiase,</strong></span> <span class='ocrx_word' id='word_1_244' title='bbox 867 3200 978 3252; x_wconf 82' lang='lat' dir='ltr'><strong>Lacrim.</strong></span> <span class='ocrx_word' id='word_1_245' title='bbox 993 3198 1095 3250; x_wconf 86' lang='lat' dir='ltr'><strong>Etruao.</strong></span> <span class='ocrx_word' id='word_1_246' title='bbox 1110 3215 1148 3248; x_wconf 82' lang='lat' dir='ltr'><strong>va.</strong></span> <span class='ocrx_word' id='word_1_247' title='bbox 1165 3198 1223 3261; x_wconf 82' lang='grc'>181,</span> 
     </span>
     <span class='ocr_line' id='line_1_30' title="bbox 182 3274 1223 3351; baseline 0.004 -28"><span class='ocrx_word' id='word_1_248' title='bbox 182 3299 193 3323; x_wconf 80' lang='grc' dir='ltr'>ι</span> <span class='ocrx_word' id='word_1_249' title='bbox 204 3274 275 3328; x_wconf 86' lang='lat' dir='ltr'><strong>dulci</strong></span> <span class='ocrx_word' id='word_1_250' title='bbox 286 3278 373 3329; x_wconf 78' lang='lat' dir='ltr'><strong>fremit</strong></span> <span class='ocrx_word' id='word_1_251' title='bbox 384 3297 446 3332; x_wconf 85' lang='lat' dir='ltr'>ecce</span> <span class='ocrx_word' id='word_1_252' title='bbox 457 3278 589 3350; x_wconf 85' lang='lat' dir='ltr'><strong>tumultu,</strong></span> <span class='ocrx_word' id='word_1_253' title='bbox 603 3295 652 3334; x_wconf 90' lang='lat' dir='ltr'><strong>eto.</strong></span> <span class='ocrx_word' id='word_1_254' title='bbox 665 3307 676 3330; x_wconf 78' lang='grc' dir='ltr'>ι</span> <span class='ocrx_word' id='word_1_255' title='bbox 725 3281 921 3333; x_wconf 79' lang='lat' dir='ltr'>Tuneimmane</span> <span class='ocrx_word' id='word_1_256' title='bbox 922 3277 1048 3349; x_wconf 79' lang='lat' dir='ltr'>fremens,</span> <span class='ocrx_word' id='word_1_257' title='bbox 1053 3294 1223 3351; x_wconf 66' lang='lat' dir='ltr'>progemensr</span> 
     </span>
     <span class='ocr_line' id='line_1_31' title="bbox 180 3354 1222 3433; baseline -0.003 -25"><span class='ocrx_word' id='word_1_258' title='bbox 180 3355 278 3409; x_wconf 79' lang='lat' dir='ltr'><strong>Fremit</strong></span> <span class='ocrx_word' id='word_1_259' title='bbox 290 3371 330 3411; x_wconf 83' lang='lat' dir='ltr'><strong>est</strong></span> <span class='ocrx_word' id='word_1_260' title='bbox 342 3360 443 3432; x_wconf 83' lang='lat' dir='ltr'><strong>strepit,</strong></span> <span class='ocrx_word' id='word_1_261' title='bbox 459 3373 574 3424; x_wconf 80' lang='lat' dir='ltr'><strong>retooat;</strong></span> <span class='ocrx_word' id='word_1_262' title='bbox 588 3375 614 3414; x_wconf 87' lang='lat' dir='ltr'><strong>et</strong></span> <span class='ocrx_word' id='word_1_263' title='bbox 625 3361 679 3414; x_wconf 88' lang='lat' dir='ltr'><strong>hoo</strong></span> <span class='ocrx_word' id='word_1_264' title='bbox 724 3359 758 3414; x_wconf 87' lang='lat' dir='ltr'><strong>de</strong></span> <span class='ocrx_word' id='word_1_265' title='bbox 768 3380 822 3433; x_wconf 91' lang='lat' dir='ltr'><strong>quo</strong></span> <span class='ocrx_word' id='word_1_266' title='bbox 832 3357 1034 3412; x_wconf 83' lang='lat' dir='ltr'><strong>tuuc-dubitavi.</strong></span> <span class='ocrx_word' id='word_1_267' title='bbox 1044 3387 1081 3396; x_wconf 91' lang='lat'><em>-</em></span> <span class='ocrx_word' id='word_1_268' title='bbox 1089 3354 1154 3408; x_wconf 86' lang='lat' dir='ltr'><strong>Cod.</strong></span> <span class='ocrx_word' id='word_1_269' title='bbox 1164 3357 1222 3408; x_wconf 85' lang='lat' dir='ltr'><strong>Par.</strong></span> 
     </span>
     <span class='ocr_line' id='line_1_32' title="bbox 180 3435 1222 3514; baseline 0.003 -27"><span class='ocrx_word' id='word_1_270' title='bbox 180 3435 318 3489; x_wconf 81' lang='lat' dir='ltr'><strong>confirmat</strong></span> <span class='ocrx_word' id='word_1_271' title='bbox 329 3455 379 3490; x_wconf 82' lang='lat' dir='ltr'><strong>vox</strong></span> <span class='ocrx_word' id='word_1_272' title='bbox 393 3436 516 3493; x_wconf 81' lang='lat' dir='ltr'><strong>clamata.</strong></span> <span class='ocrx_word' id='word_1_273' title='bbox 528 3441 605 3493; x_wconf 80' lang='lat' dir='ltr'><strong>conf.</strong></span> <span class='ocrx_word' id='word_1_274' title='bbox 620 3441 678 3493; x_wconf 87' lang='lat' dir='ltr'><strong>No·</strong></span> <span class='ocrx_word' id='word_1_275' title='bbox 725 3439 767 3494; x_wconf 89' lang='lat' dir='ltr'><strong>ed.</strong></span> <span class='ocrx_word' id='word_1_276' title='bbox 781 3461 822 3514; x_wconf 86' lang='lat' dir='ltr'><strong>pr.</strong></span> <span class='ocrx_word' id='word_1_277' title='bbox 835 3438 906 3494; x_wconf 81' lang='lat' dir='ltr'><strong>dulci</strong></span> <span class='ocrx_word' id='word_1_278' title='bbox 918 3439 1003 3492; x_wconf 85' lang='lat' dir='ltr'><strong>tremit</strong></span> <span class='ocrx_word' id='word_1_279' title='bbox 1014 3458 1035 3490; x_wconf 86' lang='lat' dir='ltr'><strong>e.</strong></span> <span class='ocrx_word' id='word_1_280' title='bbox 1049 3435 1171 3490; x_wconf 70' lang='lat' dir='ltr'><strong>rumulo.</strong></span> <span class='ocrx_word' id='word_1_281' title='bbox 1190 3439 1222 3487; x_wconf 83' lang='grc' dir='ltr'><strong>Δ.</strong></span> 
     </span>
     <span class='ocr_line' id='line_1_33' title="bbox 180 3513 1225 3590; baseline -0.002 -22"><span class='ocrx_word' id='word_1_282' title='bbox 180 3529 242 3581; x_wconf 79' lang='lat' dir='ltr'><strong>ater,</strong></span> <span class='ocrx_word' id='word_1_283' title='bbox 255 3515 372 3568; x_wconf 86' lang='lat' dir='ltr'><strong>Surrent.</strong></span> <span class='ocrx_word' id='word_1_284' title='bbox 385 3516 451 3569; x_wconf 87' lang='lat' dir='ltr'><strong>Poll.</strong></span> <span class='ocrx_word' id='word_1_285' title='bbox 465 3537 489 3571; x_wconf 82' lang='lat' dir='ltr'><strong>r.</strong></span> <span class='ocrx_word' id='word_1_286' title='bbox 503 3519 552 3584; x_wconf 77' lang='lat'><strong>503</strong></span> <span class='ocrx_word' id='word_1_287' title='bbox 565 3521 678 3588; x_wconf 84' lang='lat' dir='ltr'>Seneca,</span> <span class='ocrx_word' id='word_1_288' title='bbox 763 3537 802 3590; x_wconf 90' lang='lat'><strong>19.</strong></span> <span class='ocrx_word' id='word_1_289' title='bbox 822 3519 927 3590; x_wconf 69' lang='lat' dir='ltr'><strong>Vulgo,</strong></span> <span class='ocrx_word' id='word_1_290' title='bbox 947 3517 1081 3589; x_wconf 79' lang='lat' dir='ltr'><strong>promisit,</strong></span> <span class='ocrx_word' id='word_1_291' title='bbox 1104 3513 1175 3588; x_wconf 88' lang='lat' dir='ltr'><strong>quod</strong></span> <span class='ocrx_word' id='word_1_292' title='bbox 1198 3527 1225 3566; x_wconf 87' lang='lat' dir='ltr'>et</span> 
     </span>
     <span class='ocr_line' id='line_1_34' title="bbox 179 3592 1224 3668; baseline -0.003 -20"><span class='ocrx_word' id='word_1_293' title='bbox 179 3594 284 3668; x_wconf 74' lang='lat' dir='ltr'><strong>Thyeat.</strong></span> <span class='ocrx_word' id='word_1_294' title='bbox 302 3593 364 3660; x_wconf 79' lang='lat'>180;</span> <span class='ocrx_word' id='word_1_295' title='bbox 379 3599 486 3667; x_wconf 74' lang='lat' dir='ltr'><strong>Noster,</strong></span> <span class='ocrx_word' id='word_1_296' title='bbox 501 3599 630 3654; x_wconf 79' lang='lat' dir='ltr'>Thebaid.</span> <span class='ocrx_word' id='word_1_297' title='bbox 646 3603 679 3668; x_wconf 89' lang='lat' dir='ltr'><strong>V,</strong></span> <span class='ocrx_word' id='word_1_298' title='bbox 724 3599 824 3653; x_wconf 78' lang='lat' dir='ltr'><strong>habent</strong></span> <span class='ocrx_word' id='word_1_299' title='bbox 837 3597 897 3651; x_wconf 83' lang='lat' dir='ltr'><strong>cod.</strong></span> <span class='ocrx_word' id='word_1_300' title='bbox 913 3599 993 3650; x_wconf 81' lang='lat' dir='ltr'><strong>Paris.</strong></span> <span class='ocrx_word' id='word_1_301' title='bbox 1006 3610 1033 3650; x_wconf 90' lang='lat' dir='ltr'>et</span> <span class='ocrx_word' id='word_1_302' title='bbox 1048 3595 1089 3650; x_wconf 90' lang='lat' dir='ltr'><strong>ed.</strong></span> <span class='ocrx_word' id='word_1_303' title='bbox 1104 3616 1143 3668; x_wconf 90' lang='lat' dir='ltr'><strong>pr.</strong></span> <span class='ocrx_word' id='word_1_304' title='bbox 1158 3592 1224 3647; x_wconf 87' lang='lat' dir='ltr'>Vide</span> 
     </span>
     <span class='ocr_line' id='line_1_35' title="bbox 179 3676 876 3750; baseline 0 -21"><span class='ocrx_word' id='word_1_305' title='bbox 179 3676 245 3748; x_wconf 82' lang='lat'><strong>692;</strong></span> <span class='ocrx_word' id='word_1_306' title='bbox 259 3678 349 3748; x_wconf 71' lang='lat' dir='ltr'><strong>virgil.</strong></span> <span class='ocrx_word' id='word_1_307' title='bbox 362 3677 445 3730; x_wconf 86' lang='lat' dir='ltr'><strong>Culic.</strong></span> <span class='ocrx_word' id='word_1_308' title='bbox 460 3699 485 3734; x_wconf 85' lang='lat' dir='ltr'><strong>v.</strong></span> <span class='ocrx_word' id='word_1_309' title='bbox 502 3680 560 3750; x_wconf 82' lang='lat'><strong>151,</strong></span> <span class='ocrx_word' id='word_1_310' title='bbox 575 3682 679 3750; x_wconf 71' lang='lat' dir='ltr'><strong>uArgu-</strong></span> <span class='ocrx_word' id='word_1_311' title='bbox 725 3693 824 3732; x_wconf 82' lang='lat' dir='ltr'><strong>notam.</strong></span> <span class='ocrx_word' id='word_1_312' title='bbox 844 3678 876 3730; x_wconf 78' lang='grc' dir='ltr'><strong>Α.</strong></span> 
     </span>
     <span class='ocr_line' id='line_1_36' title="bbox 180 3753 1225 3830; baseline -0.004 -22"><span class='ocrx_word' id='word_1_313' title='bbox 180 3758 212 3808; x_wconf 86' lang='lat' dir='ltr'><strong>tis</strong></span> <span class='ocrx_word' id='word_1_314' title='bbox 224 3769 251 3808; x_wconf 87' lang='lat' dir='ltr'><strong>et</strong></span> <span class='ocrx_word' id='word_1_315' title='bbox 264 3769 358 3809; x_wconf 87' lang='lat' dir='ltr'><strong>cuncta</strong></span> <span class='ocrx_word' id='word_1_316' title='bbox 371 3759 487 3810; x_wconf 87' lang='lat' dir='ltr'><strong>fremunt</strong></span> <span class='ocrx_word' id='word_1_317' title='bbox 501 3758 596 3813; x_wconf 86' lang='lat' dir='ltr'><strong>ardore</strong></span> <span class='ocrx_word' id='word_1_318' title='bbox 607 3763 680 3813; x_wconf 87' lang='lat' dir='ltr'>eica-</span> <span class='ocrx_word' id='word_1_319' title='bbox 761 3759 802 3825; x_wconf 75' lang='grc'><strong>14.</strong></span> <span class='ocrx_word' id='word_1_320' title='bbox 810 3758 1034 3830; x_wconf 72' lang='lat' dir='ltr'><strong>Vulgo‚mutata,·</strong></span> <span class='ocrx_word' id='word_1_321' title='bbox 1043 3753 1115 3827; x_wconf 90' lang='lat' dir='ltr'><strong>quod</strong></span> <span class='ocrx_word' id='word_1_322' title='bbox 1123 3753 1225 3807; x_wconf 81' lang='lat' dir='ltr'>etexbi·</span> 
     </span>
     <span class='ocr_line' id='line_1_37' title="bbox 180 3831 1223 3906; baseline -0.004 -21"><span class='ocrx_word' id='word_1_323' title='bbox 180 3833 257 3896; x_wconf 59' lang='lat' dir='ltr'>dieu</span> <span class='ocrx_word' id='word_1_324' title='bbox 274 3833 320 3886; x_wconf 89' lang='lat' dir='ltr'><strong>ubi</strong></span> <span class='ocrx_word' id='word_1_325' title='bbox 334 3854 382 3906; x_wconf 88' lang='lat' dir='ltr'><strong>pro</strong></span> <span class='ocrx_word' id='word_1_326' title='bbox 396 3836 499 3901; x_wconf 84' lang='lat' dir='ltr'><strong>ardore,</strong></span> <span class='ocrx_word' id='word_1_327' title='bbox 514 3836 620 3888; x_wconf 82' lang='lat' dir='ltr'><strong>mallem</strong></span> <span class='ocrx_word' id='word_1_328' title='bbox 635 3855 678 3889; x_wconf 84' lang='lat' dir='ltr'><strong>ar·</strong></span> <span class='ocrx_word' id='word_1_329' title='bbox 725 3836 789 3889; x_wconf 89' lang='lat' dir='ltr'><strong>bent</strong></span> <span class='ocrx_word' id='word_1_330' title='bbox 803 3836 863 3889; x_wconf 85' lang='lat' dir='ltr'><strong>cod.</strong></span> <span class='ocrx_word' id='word_1_331' title='bbox 883 3837 965 3888; x_wconf 77' lang='lat' dir='ltr'><strong>Paria.</strong></span> <span class='ocrx_word' id='word_1_332' title='bbox 980 3834 1042 3887; x_wconf 87' lang='lat' dir='ltr'><strong>edit.</strong></span> <span class='ocrx_word' id='word_1_333' title='bbox 1059 3835 1143 3905; x_wconf 85' lang='lat' dir='ltr'><strong>prino.</strong></span> <span class='ocrx_word' id='word_1_334' title='bbox 1158 3831 1223 3882; x_wconf 83' lang='lat' dir='ltr'>Vide</span> 
     </span>
     <span class='ocr_line' id='line_1_38' title="bbox 181 3912 831 3985; baseline 0.006 -22"><span class='ocrx_word' id='word_1_335' title='bbox 181 3913 266 3979; x_wconf 72' lang='lat' dir='ltr'><strong>busta,</strong></span> <span class='ocrx_word' id='word_1_336' title='bbox 283 3926 312 3984; x_wconf 82' lang='lat' dir='ltr'><strong>ut</strong></span> <span class='ocrx_word' id='word_1_337' title='bbox 325 3912 415 3984; x_wconf 73' lang='lat' dir='ltr'><strong>Eolog.</strong></span> <span class='ocrx_word' id='word_1_338' title='bbox 429 3915 468 3980; x_wconf 88' lang='lat' dir='ltr'><strong>ll,</strong></span> <span class='ocrx_word' id='word_1_339' title='bbox 486 3913 677 3985; x_wconf 65' lang='lat' dir='ltr'>13‚etce013.</span> <span class='ocrx_word' id='word_1_340' title='bbox 724 3931 781 3970; x_wconf 87' lang='lat' dir='ltr'><strong>not.</strong></span> <span class='ocrx_word' id='word_1_341' title='bbox 801 3917 831 3968; x_wconf 80' lang='lat' dir='ltr'><strong>A.</strong></span> 
     </span>
     <span class='ocr_line' id='line_1_39' title="bbox 180 3989 1222 4065; baseline -0.005 -21"><span class='ocrx_word' id='word_1_342' title='bbox 180 3995 227 4056; x_wconf 82' lang='grc' dir='ltr'>ΙΙΙ,</span> <span class='ocrx_word' id='word_1_343' title='bbox 247 3991 307 4046; x_wconf 83' lang='lat'><strong>328.</strong></span> <span class='ocrx_word' id='word_1_344' title='bbox 322 3995 401 4045; x_wconf 82' lang='lat' dir='ltr'>Recte</span> <span class='ocrx_word' id='word_1_345' title='bbox 420 4011 482 4044; x_wconf 84' lang='lat' dir='ltr'>vero</span> <span class='ocrx_word' id='word_1_346' title='bbox 501 3993 552 4044; x_wconf 80' lang='lat' dir='ltr'><strong>Tot</strong></span> <span class='ocrx_word' id='word_1_347' title='bbox 568 3994 679 4045; x_wconf 83' lang='lat' dir='ltr'><strong>dominis</strong></span> <span class='ocrx_word' id='word_1_348' title='bbox 695 4007 699 4015; x_wconf 88' lang='lat'>·</span> <span class='ocrx_word' id='word_1_349' title='bbox 762 3995 802 4047; x_wconf 78' lang='lat'><strong>26.</strong></span> <span class='ocrx_word' id='word_1_350' title='bbox 822 3995 855 4047; x_wconf 86' lang='lat' dir='ltr'><strong>Se</strong></span> <span class='ocrx_word' id='word_1_351' title='bbox 858 3993 961 4065; x_wconf 80' lang='lat' dir='ltr'>juveni.</span> <span class='ocrx_word' id='word_1_352' title='bbox 974 3994 1040 4044; x_wconf 85' lang='lat' dir='ltr'>Ven.</span> <span class='ocrx_word' id='word_1_353' title='bbox 1053 3995 1136 4043; x_wconf 82' lang='lat' dir='ltr'><strong>Parin.</strong></span> <span class='ocrx_word' id='word_1_354' title='bbox 1147 3989 1222 4040; x_wconf 83' lang='lat' dir='ltr'><strong>Rom.</strong></span> 
     </span>
    </p>
   </div>
   <div class='ocr_carea' id='block_1_5' title="bbox 0 0 1439 4488">
    <p class='ocr_par' dir='ltr' id='par_1_7' title="bbox 0 0 1439 4488">
     <span class='ocr_line' id='line_1_40' title="bbox 0 0 1439 4488; baseline 0 0"><span class='ocrx_word' id='word_1_355' title='bbox 0 0 1439 4488; x_wconf 95' lang='lat' dir='ltr'><strong> </strong></span> 
     </span>
    </p>
   </div>
  </div>
 </body>
</html>
