2858 4492
100 335 104 344 .
166 286 230 354 258
359 283 495 348 NOTAE
520 283 568 346 IN
592 280 789 345 CARMEN
813 280 1013 344 SEXTUM

163 419 211 468 etis
220 430 378 487 quamquam
386 408 510 462 vitalibus
516 406 610 467 haeret3
621 409 735 459 niuven.
744 409 781 474 ΙΙ,
793 407 856 476 1372
867 430 878 452 ι
886 407 989 459 Interea
1001 419 1164 460 tormentum
1171 411 1213 462 in·

165 514 230 568 gens
239 492 401 546 nubentibus
411 490 505 549 herren
517 513 528 537 ι
542 488 607 541 Plin.
616 490 692 560 epist.
702 489 729 552 1,
739 486 768 554 5,
781 504 809 539 ιι
822 509 827 538 :
840 510 852 532 ι
862 489 921 553 Ait,
929 489 1021 539 timere
1030 507 1072 556 se,
1082 508 1116 542 ne
1123 491 1213 542 animo

165 595 223 630 meo
236 577 341 646 penitus
353 572 476 638 haereret,
487 567 560 641 quod
568 571 596 620 in
606 567 792 622 centumvirali
798 567 900 639 judicio
911 567 1055 640 aliquando
1068 570 1188 634 dixisset;
1199 597 1211 620 ι

164 658 200 708 ita
210 653 337 728 paudium
350 652 444 704 loereat
454 649 544 701 estimo
555 646 619 699 dicit
630 648 716 714 idem,
728 649 756 699 in
768 648 940 718 Panegyrico.

204 819 243 854 ιι.
265 799 311 853 ua·
325 802 411 871 major
424 809 557 851 stemmate
564 800 660 870 juncto
679 797 795 851 Libertas
812 814 844 850 ex
861 809 948 850 mente
961 795 1028 872 fuit.
1044 799 1131 869 Quam
1144 799 1214 856 male

63 886 66 894 '
166 883 209 935 hic
223 891 422 950 argumentatur
436 877 549 944 Statius,
568 890 594 928 et
607 895 648 929 res
667 876 784 931 diversas
799 891 825 928 et
838 875 905 929 nihil
923 896 1066 932 commune
1084 879 1214 932 habentes

165 962 316 1034 conjungit!
331 959 457 1024 Libertas,
471 958 570 1027 inquit,
584 959 669 1030 major
675 960 770 1030 juncto
783 967 917 1009 stemmate
921 978 931 1021 ,·
949 957 1014 1028 quid
1028 957 1140 1011 libertati
1153 978 1215 1012 oum

157 1049 268 1117 juncto,
281 1041 376 1111 longo,
388 1051 414 1090 et
424 1038 579 1088 continuato
588 1040 740 1089 stemmate?
752 1036 848 1090 dixisse
858 1035 952 1089 debuit
964 1037 1066 1091 libertas
1076 1041 1147 1091 omni
1158 1041 1215 1092 vin·

67 1187 69 1192 Ι
165 1125 248 1188 dicta,
264 1121 336 1172 omni
351 1117 553 1170 manumissione
566 1120 665 1187 msjor;
679 1135 735 1168 uon
742 1120 837 1189 juncto
851 1127 984 1169 stemmate
1000 1122 1099 1190 major:
1115 1120 1215 1192 quippe

158 1208 282 1276 junctum
296 1212 404 1254 stemma
422 1216 477 1249 non
496 1195 531 1248 ad
550 1197 694 1250 libertatem
714 1197 794 1263 iacit,
814 1196 861 1249 sed
876 1197 1048 1251 nobilitatem.
1062 1198 1142 1252 Vides
1157 1203 1214 1271 jam

165 1284 276 1335 Statium
285 1280 434 1351 scripsisse,
447 1279 505 1330 «aui
515 1280 601 1348 major
609 1289 747 1330 stemmate
752 1279 847 1348 juncto
855 1277 987 1332 Nobilitas
996 1294 1026 1332 es
1034 1291 1122 1332 mente
1130 1281 1212 1341 initu

166 1360 241 1416 Orid.
254 1363 356 1414 Pontio.
368 1363 394 1425 1,
408 1377 438 1422 a,
453 1358 548 1410 initio:

351 1465 465 1519 Maxime,
475 1463 515 1526 qui
524 1463 582 1508 tanti
591 1475 723 1508 mensnram
734 1463 834 1509 nominis
843 1461 937 1525 imples,

383 1537 410 1582 Et
421 1537 523 1597 geminas
532 1536 602 1580 animi
612 1531 730 1579 nobilitate
740 1546 821 1596 genus.

167 1639 272 1702 Noster,
280 1633 364 1686 Theb.
374 1637 412 1701 ll,
424 1631 491 1702 436:
504 1653 514 1679 ι
526 1632 571 1684 tibi
578 1629 650 1702 larga
662 1629 773 1702 (Pelops
781 1629 940 1684 etTantalus
948 1627 1054 1701 auctor)
1065 1626 1216 1696 Nobilitas,

166 1719 330 1790 propiorque
345 1715 408 1766 fluat
422 1713 455 1766 de
469 1714 598 1784 sanguine
607 1715 701 1782 juncto
713 1711 872 1785 luppiter;·
887 1713 931 1775 tv,
946 1709 1014 1762 600:
1031 1707 1116 1763 «huic
1128 1709 1215 1782 ampla

168 1796 274 1870 quidem
285 1794 319 1847 de
333 1795 458 1864 sanguine
474 1795 562 1864 priseo
578 1791 718 1843 Nobilitas.
730 1814 741 1838 ι
761 1791 841 1844 Vides
853 1789 1030 1856 nobilitateve,
1046 1809 1100 1841 non
1113 1790 1217 1843 liberta-

168 1891 217 1930 tem
231 1875 263 1928 de
275 1877 400 1946 sanquine
409 1876 492 1945 prisco
505 1887 530 1924 et
539 1891 633 1944 pestere
644 1873 755 1942 acquiri.
768 1869 916 1938 luvenalis,
926 1883 974 1922 set.
985 1870 1057 1930 Vili,
1070 1889 1095 1922 r:
1111 1872 1216 1924 astem-

168 1966 236 2005 mata
254 1951 319 2023 quid
332 1951 451 2002 faciunt?
470 1949 534 2021 quid
550 1950 674 2022 prodest,
688 1951 811 2013 Pontice,
829 1949 910 2022 longo
924 1947 1056 2019 Sanguine
1070 1953 1213 2003 censerii-

167 2030 302 2087 conaludit
315 2029 426 2094 deinde,
440 2049 478 2081 ss.
494 2048 544 2081 so:
562 2053 573 2077 ι
584 2028 716 2084 Nobilitas
727 2026 783 2082 sola
794 2044 833 2083 est
845 2041 925 2102 atque
937 2031 1016 2081 unies
1025 2032 1144 2095 virtum·
1160 2048 1216 2082 non

166 2113 276 2166 libertas.
294 2111 380 2177 Infra,
395 2107 488 2161 eadem
506 2111 577 2160 satir.
593 2128 619 2161 r.
636 2110 692 2176 io:
710 2122 817 2162 «urmes
831 2109 886 2161 alto
903 2110 1049 2162 Drusorum
1064 2123 1217 2176 stemmate,

167 2206 292 2266 tanquam
303 2191 407 2242 Feceris
417 2189 472 2260 ipse
485 2187 598 2260 aliquid,
610 2201 721 2262 propter
734 2188 806 2262 quod
815 2185 913 2242 nobilis
926 2205 1004 2241 esses.
1015 2212 1026 2234 ι
1041 2189 1135 2243 dicim.
1146 2193 1216 2243 Avis.

167 2273 212 2326 lib.
226 2271 271 2337 tv,
287 2285 350 2339 172,
362 2269 395 2320 de
408 2265 536 2321 Noachoz

352 2375 481 2420 stemmatis
489 2371 528 2420 bic
536 2375 621 2430 saneti;
632 2390 685 2421 nam
695 2373 758 2422 claro
766 2375 850 2422 nobilis
859 2375 907 2421 ibat

351 2447 369 2490 Δ
379 2461 480 2508 proavo,
492 2460 561 2508 quem
571 2446 646 2506 prisca
656 2445 713 2493 iides
723 2458 747 2493 et
755 2445 848 2493 conseia
857 2447 929 2492 virtus

349 2517 377 2562 ln
386 2514 467 2563 eaelum
477 2517 525 2563 sine
535 2525 610 2562 morte
620 2512 681 2563 tulit.

164 2615 265 2666 Auson.
274 2610 387 2664 Proiess.
396 2609 490 2680 xxiv,
500 2603 660 2666 «Stemmate
669 2611 798 2666 nobilium
806 2611 951 2666 deductum
960 2631 1059 2666 nomen
1069 2632 1192 2678 ssorum
1201 2641 1213 2664 ι

166 2688 257 2746 Senes.
272 2689 306 2743 de
319 2691 409 2744 Benei.
422 2690 470 2759 111,
484 2691 531 2744 28:
548 2691 622 2760 “Qui
636 2694 763 2764 imagines
778 2695 804 2746 in
820 2696 887 2746 atrio
900 2709 1052 2766 exponunt,
1067 2709 1093 2748 et
1107 2698 1216 2748 uomina

166 2773 271 2826 familie
283 2791 335 2824 suae
347 2771 427 2842 longo
441 2771 534 2825 ordine
543 2791 574 2824 ae
587 2772 676 2825 multis
686 2787 854 2826 stemmatum
864 2773 962 2845 illigata
974 2773 1079 2828 flexuris
1091 2778 1118 2827 iu
1130 2778 1216 2848 prima

166 2867 243 2927 parte
254 2852 348 2906 sedium
358 2851 506 2916 cossoeaut,
518 2854 575 2904 noti
586 2854 670 2924 magis
682 2871 762 2925 quam
774 2853 877 2906 nubiles
889 2867 959 2906 sunt.
971 2879 982 2902 ι
996 2856 1064 2908 Huic
1072 2857 1147 2908 Statii
1158 2875 1217 2907 sen·

166 2936 252 2990 tentius
265 2933 354 2987 similis
366 2933 414 2986 ista
427 2933 550 2986 Auctoris
562 2935 687 3007 Panegyr.
701 2933 735 2987 ad
748 2936 885 3000 Pisonem,
898 2953 923 2988 s.
937 2935 967 2988 5:

353 3043 412 3088 ilinc
421 3054 460 3088 tua
469 3058 507 3090 me
516 3043 589 3090 simas
597 3044 671 3106 rapit,
683 3057 707 3090 et
715 3043 820 3090 miranda
829 3059 873 3106 per
882 3060 964 3094 omma

353 3113 407 3159 Vita
415 3112 508 3170 modom
518 3129 582 3177 qna,
593 3115 613 3162 si
622 3114 713 3161 deesset
722 3116 765 3162 tibi
774 3115 835 3164 forte
845 3128 923 3164 cresto

352 3183 479 3243 Nobilitas,
490 3185 571 3232 eadem
581 3202 624 3249 pro
634 3184 754 3234 nobilitate
764 3186 854 3237 inisset.

166 3279 236 3334 Male
249 3297 316 3332 vero
327 3279 465 3333 Gevartius
477 3281 613 3357 legitflus't
623 3300 673 3353 pro
681 3283 756 3354 fuit.-
772 3287 794 3338 si
807 3288 876 3338 enim
889 3284 1033 3358 qumquam
1045 3282 1216 3350 mutandum,

167 3359 300 3428 scripsisse
312 3356 406 3410 debuit
416 3359 496 3430 [imit
507 3375 564 3412 uon
569 3363 652 3437 fluite
664 3376 734 3416 mete
747 3363 829 3418 babet
837 3365 911 3438 fuit,
925 3379 956 3419 ut
969 3381 1044 3432 mox,
1057 3364 1217 3436 imperiosus

166 3447 229 3490 erat.
244 3439 277 3489 lit
290 3441 312 3492 si
324 3439 428 3512 sanquis
439 3435 480 3490 sei
493 3450 600 3492 stemma
612 3441 695 3514 fluere
704 3443 810 3506 dieitur,
822 3463 878 3498 non
888 3458 976 3498 umen
989 3445 1108 3510 titesus,
1121 3461 1217 3515 quem-

167 3514 310 3569 admodum
322 3514 428 3588 lepebst
436 3516 592 3572 Gersrtius:
608 3519 675 3573 adeo
686 3535 719 3574 ut
735 3523 775 3576 bis
790 3537 892 3595 peeeet.
907 3527 961 3578 iias
971 3537 1037 3576 vero
1048 3539 1128 3576 voees
1140 3523 1219 3574 nien

167 3608 205 3648 tas
214 3609 240 3646 et
249 3595 369 3650 nubilitas
377 3609 552 3650 commutatas
563 3598 702 3655 observavi
710 3601 808 3655 alieubi
820 3602 892 3674 apud
900 3617 1016 3657 veterem
1026 3601 1128 3654 uenus
1137 3599 1219 3654 sobe-

166 3675 281 3739 iiastem;
294 3675 341 3728 sed
352 3675 427 3729 loeus
439 3693 494 3730 uon
506 3695 577 3732 nune
588 3684 722 3734 memori·
733 3685 861 3736 occurrit.

207 3819 245 3874 ι3.
264 3817 477 3890 Rumpatfrenos
488 3819 565 3874 dolor
576 3823 621 3876 iste
634 3823 751 3899 (deisque
761 3825 790 3880 Si
803 3835 856 3876 tam
868 3825 935 3878 durs
945 3823 1068 3898 placent)
1083 3821 1216 3875 bominem

166 3905 261 3974 pesnis,
280 3914 330 3954 ete.
345 3899 416 3954 Nihil
435 3901 477 3956 hic
492 3916 594 3956 mutant
614 3904 760 3976 editiones,
779 3920 874 3978 prteter
886 3909 1073 3971 Parmensesn,
1091 3921 1150 3975 qaae
1167 3921 1217 3973 pro
1297 3925 1305 3938 ·

119 4011 121 4016 ·
167 3981 479 4058 denauehubetsliespue,
492 3985 756 4058 transpositisliten's.
768 3989 919 4052 Gevartius,
930 3988 1021 4057 Papiu.
1032 3982 1105 4036 beet.
1117 3985 1154 4050 ll,
1170 3980 1217 4046 15,
