2824 4488
400 337 532 407 LIBRI
555 337 725 406 ἸἚΙΙΤΙΙ
749 339 999 406 SILVARUM.
1152 339 1213 406 331

551 503 556 513 .
567 502 572 512 .
582 501 588 512 .
599 479 690 513 .tamen
700 468 738 514 isti
748 483 808 530 sepe
817 466 931 517 malornm

365 538 524 592 immemores,
535 539 621 600 agitent
630 549 691 586 totos
700 540 724 584 in
734 537 841 585 fluctibns
850 554 923 585 annot

365 608 499 668 llergorum
510 620 533 654 et
541 605 623 671 phocis
631 607 730 656 similes:
742 611 811 656 trahit
820 609 881 654 undu
892 622 1002 672 paventes

366 681 399 724 Ac
408 677 520 724 retrahit:
532 693 637 742 quierunt
647 679 719 726 oculis
729 680 836 728 distantia
845 697 937 743 semper

366 747 456 804 Litora,
468 759 490 795 et
500 749 524 794 in
533 759 630 809 pontum
640 761 726 810 cogunt
735 749 798 796 luera
808 763 898 813 temper
906 747 1013 796 hiantes:

181 846 315 917 eleganter
326 847 480 912 Lucretius,
495 845 540 897 lib.
556 845 606 913 ΙΙΙ,
618 845 653 898 ad
667 847 759 899 linem:
777 870 788 894 ι
799 849 831 900 Et
843 847 898 900 sitis
909 866 984 919 equa
998 857 1071 898 tenet
1080 846 1144 898 vitai
1154 863 1219 897 sem·

181 943 229 997 per
241 926 377 980 hiantem
392 927 483 998 virgil.
498 928 594 997 Georg.
608 929 648 994 11,
665 925 733 980 508:

364 1027 408 1073 llic
417 1037 495 1088 stupet
505 1027 616 1073 attonitus
624 1028 717 1073 rostris:
729 1024 792 1072 hunc
801 1025 894 1088 plausus
902 1025 1007 1074 hiantem

366 1097 411 1142 Per
420 1110 506 1143 cuneos
516 1098 657 1159 (geminatus
667 1095 873 1161 enim).plebisque
883 1109 1022 1160 patrumque

367 1168 484 1229 Corripit:
494 1167 518 1212 hi
528 1168 629 1230 gandent
637 1169 727 1231 periuri
736 1170 847 1231 sanguine
857 1169 965 1214 fratrum:

182 1265 217 1315 its
229 1265 333 1336 scripsit
343 1263 482 1336 Virgilium
495 1266 588 1338 vulgo:
606 1266 773 1339 «Corripuiu
789 1266 920 1338 gaudent,
935 1280 1007 1318 ete.-
1024 1262 1083 1316 ride
1094 1261 1184 1316 iocum
1194 1273 1221 1314 st

183 1345 316 1398 fateberis.
328 1345 419 1398 Seneo.
433 1345 467 1399 de
481 1349 571 1400 Benef.
583 1349 642 1414 Vll,
658 1349 705 1400 26:
721 1369 732 1394 ι
744 1349 838 1420 Aspice
853 1345 1075 1418 quemadmodum
1089 1347 1221 1398 immensu

183 1422 319 1476 hominnm
332 1425 491 1497 cupiditates
503 1425 579 1479 hient
592 1445 703 1499 semper,
719 1441 744 1480 et
760 1440 903 1498 poscant-
919 1428 999 1478 Recte
1013 1427 1092 1498 igitur
1106 1423 1220 1488 hiantes,

183 1502 210 1555 id
223 1517 279 1570 est,
294 1505 399 1576 cupidos
417 1525 462 1558 seu
477 1525 581 1570 avaron
597 1520 622 1557 et
638 1507 757 1578 exprimit
770 1507 970 1577 Propertianum
987 1502 1072 1567 istud,
1091 1501 1155 1574 eleg.
1169 1503 1220 1565 ΙΙΙ,

184 1599 221 1651 7:
238 1583 361 1636 «Natura
381 1584 487 1637 insidias
507 1598 618 1657 pontum
637 1585 777 1637 substravit
791 1587 904 1637 avaris.-
927 1586 1007 1635 Recte
1026 1585 1103 1634 etiam
1116 1580 1223 1632 immisit

181 1659 289 1734 pelago,
303 1673 333 1712 nt
347 1661 420 1733 apud
430 1662 489 1714 Val.
503 1662 590 1715 Flacc.
603 1665 666 1730 vlt,
681 1663 729 1715 532
747 1663 822 1714 «Rex
834 1680 896 1714 snus
910 1663 1016 1714 immisit
1027 1658 1121 1732 pelago
1130 1680 1158 1721 ς»
1175 1655 1220 1710 ubi

182 1739 249 1794 male
268 1741 364 1812 legitur
378 1740 452 1798 illisit
467 1742 562 1816 pelope
567 1765 577 1806 ,-
593 1741 668 1814 quod
681 1740 733 1793 elia
746 1760 788 1794 res
802 1755 854 1794 est:
870 1741 940 1793 misit
952 1744 980 1793 irs
994 1757 1111 1814 equora,
1127 1737 1221 1790 eodem

182 1835 276 1886 sensu,
295 1817 379 1884 idem,
395 1819 423 1884 Ι,
438 1819 498 1872 815.
512 1821 573 1871 llaec
587 1819 621 1870 ad
637 1818 838 1889 explicationem
853 1817 964 1889 hujusce
979 1817 1030 1870 loci
1050 1818 1176 1870 Statiani:
1195 1829 1221 1869 et

180 1897 267 1950 fateor
279 1898 385 1972 quidem
399 1897 458 1969 plus
471 1900 598 1951 acuminis
610 1897 718 1952 subesse
730 1899 941 1970 interpretationi
952 1899 1141 1962 Crunos-ianam
1152 1914 1222 1950 eom·

180 1991 287 2052 pertum
301 1988 390 2030 tamen
402 1977 489 2029 habeo
504 1976 564 2052 plus
578 1979 692 2031 veritatis
708 1977 789 2030 alteri.

217 2119 262 2172 ⁶6.
281 2101 504 2192 Anhelantemque
504 2119 578 2195 jopia
586 2121 622 2174 lis
630 2119 720 2191 pressit
733 2118 882 2193 Olympum.
894 2123 985 2191 Quare
998 2120 1034 2174 tn
1044 2119 1149 2192 pressit?
1160 2136 1218 2170 nus·

99 2247 102 2256 ,
184 2215 267 2268 qnam
276 2199 344 2250 enim
354 2198 416 2251 alibi
427 2198 532 2269 legitur,
544 2217 594 2251 nee
605 2198 711 2270 quidem
722 2218 789 2271 opus
799 2202 848 2252 fnit
858 2213 888 2252 ut
895 2200 1023 2272 Olympus
1033 2197 1104 2251 Pelio
1115 2211 1141 2250 et
1151 2198 1222 2250 Ossae

184 2278 221 2331 tis
231 2279 417 2349 imponeretur.
435 2281 504 2331 Mira
517 2281 723 2332 comminiscitur
737 2281 777 2330 tir
789 2279 897 2347 doctus,
914 2283 959 2354 qui
973 2280 1007 2332 ed
1024 2282 1073 2332 ista
1086 2280 1121 2331 bis
1135 2279 1224 2351 pressit

185 2357 329 2432 Olympum
334 2400 343 2426 ,
355 2359 410 2412 hac
423 2373 514 2414 notat:
529 2383 540 2407 ι
552 2363 611 2431 quia
626 2379 701 2412 mons
713 2360 757 2412 ille
769 2360 922 2427 altissimus,
933 2361 1082 2433 duplicibus
1094 2378 1153 2413 eum
1165 2357 1223 2410 aliis

182 2437 346 2492 cumulatum
357 2437 438 2507 (licit,
452 2454 482 2493 ut
494 2459 525 2492 eo
535 2459 630 2512 nempe
639 2441 715 2492 citius
728 2442 765 2494 sic
775 2443 802 2492 in
814 2441 905 2493 carlum
916 2453 1126 2513 prostraretur.-
1141 2439 1224 2507 Quasi

181 2538 237 2572 non
250 2519 345 2573 eodem
354 2521 496 2588 recideret,
509 2535 596 2576 utrum
606 2521 697 2574 Pelion
706 2536 732 2578 et
743 2525 812 2576 Ossa
823 2516 1022 2595 imponerentur
1030 2522 1158 2595 Olympo,
1170 2522 1223 2572 sive

183 2601 313 2674 Olympus
331 2601 402 2656 Pelio
423 2616 449 2655 et
465 2604 555 2656 Osset
572 2603 608 2656 bis
625 2603 704 2673 igitur
709 2603 784 2676 jugis
801 2621 851 2674 pro
869 2604 934 2657 linis
941 2607 1014 2678 jupis
1028 2601 1137 2674 aceepit.
1151 2597 1223 2667 Quid

185 2681 285 2734 multa?
301 2696 443 2756 corruptus
460 2695 499 2735 est
516 2683 608 2750 loeus,
627 2684 664 2735 sie
682 2681 875 2750 restituendus,
897 2683 1136 2754 eanhelantemque
1152 2679 1227 2754 jugis

185 2763 315 2836 impressit
324 2763 476 2837 Olympum.
487 2788 498 2812 s
511 2765 640 2838 Exprimit
649 2763 820 2834 virgilianum
830 2763 917 2831 istud,
930 2765 1026 2838 Georg.
1039 2765 1066 2830 Ι,
1079 2762 1145 2816 285:

366 2869 414 2916 Ter
422 2878 475 2914 sunt
485 2869 562 2916 conati
570 2869 692 2932 imponere
702 2865 765 2914 Pelio
774 2867 853 2914 Ossam

366 2935 469 2992 Scilicet,
479 2948 548 3000 atque
558 2937 620 2983 Ostae
629 2936 766 2984 frondosum
775 2935 894 2984 involvere
903 2933 1035 3001 Olympum.

183 3029 275 3086 Paullo
287 3032 363 3086 aliter
374 3033 497 3100 Ovidius,
509 3037 602 3088 Amor.
614 3035 651 3102 ΙΙ,
666 3052 694 3099 ι,
710 3033 740 3086 13
751 3052 806 3106 sq.:

368 3141 446 3202 Quum
455 3139 513 3188 male
523 3157 547 3189 te
557 3140 625 3189 tellus
633 3139 680 3188 ulta
690 3153 736 3200 est,
748 3141 882 3205 ingestaque
891 3139 990 3204 Olympo

398 3211 477 3259 Ardua
486 3212 596 3260 ducrum
604 3213 686 3260 Pelion
694 3215 751 3261 Ossa
760 3213 827 3269 tulits

185 3330 215 3366 ex
229 3331 284 3386 qno
297 3311 358 3365 loeo
372 3314 472 3384 optime
482 3313 583 3384 legeres
596 3315 698 3388 inpertit
712 3314 854 3388 Olympum
858 3335 868 3376 ,·
880 3311 940 3366 vide
954 3313 987 3367 cl.
1001 3314 1178 3366 Burmannum
1190 3309 1224 3362 ad

184 3391 261 3444 Orid.
274 3393 339 3445 Met.
352 3395 384 3460 V,
396 3394 456 3460 346.
470 3393 522 3450 Sed
537 3394 600 3447 mihi
616 3397 700 3464 magis
715 3396 804 3466 placet
817 3395 952 3467 impressit,
969 3409 1026 3448 tunt
1038 3395 1099 3468 quia
1113 3393 1223 3463 vulgatu

182 3470 292 3525 lentium
301 3475 414 3545 propius
425 3487 482 3539 est,
495 3487 550 3527 tum
560 3477 640 3528 etiam
651 3477 713 3547 quia
723 3477 820 3530 Statius
831 3475 894 3528 alibi
902 3474 953 3528 hae
962 3495 1027 3530 voce
1037 3479 1119 3529 utitur
1129 3472 1223 3528 eodem

185 3568 279 3622 sensu,
289 3553 374 3607 Theb.
388 3555 441 3621 Xl,
455 3557 486 3620 8,
498 3554 546 3608 nbi
556 3569 619 3627 post
629 3556 797 3609 fulminatum
808 3557 948 3629 Capanea,
959 3559 1020 3611 Jori

368 3662 493 3708 Gratantur
502 3663 600 3727 Superi,
609 3660 712 3724 Phlegrae
722 3679 765 3710 een
775 3663 848 3710 lessus
857 3661 950 3712 anhelet

369 3729 463 3786 tretia,
474 3743 498 3778 et
505 3731 622 3779 Encelado
630 3731 758 3779 fumantem
767 3733 908 3795 impresserit
916 3735 1011 3780 AEtnam.

185 3821 299 3891 Sensum
312 3825 467 3896 Agamem.
480 3846 504 3879 v.
518 3827 585 3898 3372

617 3901 855 3968 ....stetitimpoiita
915 3928 919 3936 x

463 3974 542 4022 Pelion
550 3977 607 4023 Ossa
615 3993 621 4022 :
631 3975 718 4039 pinifer
726 3975 806 4023 ambos

462 4047 546 4093 Pressit
554 4045 674 4110 Olympus.
