2776 4484
170 294 213 358 ιο
325 278 533 358 noram
557 296 757 360 sennan
783 296 1051 366 SECUNDUM

167 415 193 468 itl
209 430 258 484 est,
271 405 458 481 dissimultiuit,
470 415 571 468 celavit.
590 447 626 456 -
643 417 715 469 Idem
727 418 836 472 Ovidius
848 422 875 472 in
886 419 955 474 libro
967 426 1067 478 Fastor.
1081 431 1116 482 v1
1121 467 1129 496 ,
1142 428 1205 502 ⁵⁰7²

331 553 334 564 .
351 522 497 570 Dissimulator
506 523 574 569 deam
585 525 660 570 latias
670 527 774 574 Saturnia
785 527 884 574 Bacchas

382 594 511 642 lustimultt
519 596 585 642 lactis
595 597 706 677 insidiam
714 601 770 646 suit.

203 730 244 783 15.
259 731 403 801 Temperat.
421 731 558 802 Temperat
569 733 680 800 ενίηεπι,
692 732 720 785 id
732 748 784 800 est,
797 733 948 788 moderatur
959 736 1087 791 divinitati
1097 759 1206 794 suorum

164 813 288 878 omnium,
300 830 333 864 ne
344 809 508 883 pulchriores
523 814 574 863 sint
587 813 701 865 crinibus
710 813 883 877 Violentillae3
896 830 926 868 ut
934 820 1065 888 optimeet
1073 820 1208 892 eleganter

164 893 303 944 Domitius.
315 893 354 944 lta
364 891 449 944 Theb.
462 893 489 957 l,
504 890 570 960 305,
581 892 614 945 de
626 893 774 961 Mercurio,
788 904 914 964 temperat
924 907 992 948 astra
1002 897 1106 970 palera,
1120 915 1175 967 est,
1190 921 1206 954 a

163 970 252 1023 calore
262 985 391 1024 astrorum
401 971 519 1024 defendit
528 985 608 1043 caput
617 973 717 1043 galero.
726 972 834 1026 Mirifice
844 989 958 1045 nugatur
967 975 1121 1032 scholiastes
1129 995 1206 1034 retus

163 1053 214 1102 isto
227 1050 296 1102 loco.

199 1201 239 1235 ao.
261 1183 509 1236 Niveos....artus.
531 1182 689 1256 Amplexum
711 1183 803 1238 uirides
821 1197 916 1257 optata
934 1189 1049 1261 conjupis
1066 1198 1144 1240 auus.
1164 1191 1203 1241 lta

161 1263 248 1316 Editio
260 1266 401 1331 Gronorii,
418 1279 444 1318 et
460 1285 517 1318 eam
534 1281 662 1337 sequutus
677 1265 850 1320 Veenhusius.
867 1267 957 1320 Plures
975 1281 1062 1321 tamen
1078 1268 1204 1322 exhibent

161 1344 265 1396 niveos.-
278 1344 351 1415 quod
364 1363 443 1416 quare
458 1345 616 1398 mutabant?
634 1350 673 1398 lta
685 1345 745 1398 Silv.
758 1345 802 1396 lib.
814 1347 837 1397 ll
845 1385 854 1412 ,
869 1366 948 1400 carm.
962 1346 995 1412 3,
1006 1367 1072 1401 vers.
1084 1349 1116 1402 32
1129 1370 1134 1399 :
1152 1353 1203 1401 «ln

160 1424 274 1490 fontem,
286 1427 377 1477 niveos
386 1445 419 1478 ne
429 1424 558 1498 panderet
569 1438 656 1493 artus,
669 1427 740 1478 Sicut
752 1439 807 1476 erat
819 1444 878 1478 cum
889 1439 973 1492 reste,
984 1429 1043 1479 ruit.
1055 1451 1067 1474 a
1079 1429 1119 1482 sic
1132 1430 1202 1479 enim

161 1503 299 1574 legendum
313 1525 368 1558 esse
382 1505 416 1557 ad
429 1505 518 1558 locum
529 1505 660 1576 probabo.
677 1505 755 1559 Silius
763 1505 886 1572 Italicus,
899 1505 946 1558 lib.
957 1507 1020 1574 Xll,
1034 1507 1101 1574 2433
1115 1508 1203 1560 Catul-

160 1581 214 1648 lus,
224 1584 258 1638 de
268 1587 350 1658 Nupt.
361 1586 413 1638 Pel.
424 1601 450 1638 et
458 1585 533 1638 Tbet.
545 1605 608 1639 vers.
622 1587 690 1654 3⁶4³
704 1586 823 1637 Valerius
833 1587 957 1650 Flaccus,
968 1589 994 1654 l,
1006 1605 1069 1656 ²¹9³
1078 1587 1203 1658 Virgilius

159 1665 186 1714 in
198 1665 265 1732 Ciri,
282 1686 306 1718 v.
319 1667 379 1737 399.
396 1667 477 1719 Recte
489 1687 516 1724 sc
529 1665 641 1719 baberet
655 1665 749 1720 virides
760 1679 843 1732 artus,
857 1668 924 1720 side
934 1669 1041 1738 juventa
1051 1667 1091 1719 vel
1105 1667 1203 1720 roborc

159 1743 301 1797 dicendum
312 1748 397 1798 foret:
413 1746 456 1799 hic
470 1766 531 1820 vero
546 1747 579 1800 tle
593 1747 678 1799 forma
693 1762 719 1799 et
730 1761 869 1800 venustata
881 1747 998 1820 loquitur
1011 1749 1126 1812 Statius,
1144 1749 1203 1818 qni-

158 1823 208 1876 bus
219 1829 329 1895 congrui
337 1839 398 1878 sunt
410 1827 477 1880 nivei
485 1829 575 1899 potius
584 1827 764 1898 quamvirides
773 1841 853 1880 artus.
863 1826 1069 1893 Bartlrius,Adv.
1078 1828 1203 1895 Xllvlll,

158 1904 191 1970 4,
203 1905 240 1954 ait
253 1905 280 1956 in
295 1909 468 1958 vetustissimo
486 1907 627 1981 exemplari
643 1926 670 1959 se
686 1909 819 1958 invenisse
836 1926 920 1959 artnos
934 1927 983 1979 pro
1000 1917 1087 1967 artrts,¹
1101 1921 1127 1959 et
1141 1906 1203 1958 huic

157 1982 241 2036 libens
255 1984 399 2038 adsentitur
410 1987 558 2040 Gronovius
571 1989 651 2039 Diatr.
665 2007 689 2036 c.
703 1987 745 2038 53.
765 1989 821 2039 Nec
833 1985 945 2037 dubium
960 2001 1015 2050 est,
1033 1989 1096 2057 quin
1112 1988 1204 2041 virides
1244 2051 1256 2072 ἱ

157 2080 240 2117 annos
253 2083 301 2116 auo
316 2066 376 2118 loco
389 2070 516 2139 optimum
532 2069 582 2120 sit:
599 2066 643 2118 hic
658 2079 745 2117 tamen
757 2066 821 2116 mihi
837 2064 940 2116 videtur
953 2067 1029 2116 nimis
1041 2065 1121 2136 longe
1133 2069 1204 2138 peti-

159 2157 229 2209 tum,
243 2148 264 2197 si
276 2146 347 2200 dicas
360 2147 451 2201 uirides
461 2165 543 2200 annos
555 2157 650 2217 optatae
665 2147 800 2214 conjugis,
813 2141 840 2194 id
853 2157 907 2209 εει,
915 2145 1050 2213 juventam
1064 2149 1202 2218 conjugis,

158 2222 184 2274 id
193 2237 246 2291 est,
253 2228 376 2294 juvenem
386 2230 535 2298 conjugem.
548 2228 604 2278 Nec
619 2243 680 2278 sanc
692 2223 783 2290 video,
797 2243 879 2294 quare
890 2222 942 2274 boc
955 2222 1109 2275 admittatur
1122 2229 1201 2279 unius

158 2316 259 2354 tantum
269 2307 368 2360 codicis
380 2311 536 2361 auctoritate
546 2320 638 2358 contra
649 2323 739 2356 omncs
752 2303 832 2370 alios,
843 2317 897 2354 tum
908 2301 1027 2370 codices,
1038 2317 1095 2354 tum
1104 2305 1202 2357 editio·

157 2401 219 2450 nes,
238 2400 365 2456 quantum
383 2391 516 2451 noverim
533 2388 675 2460 prasertim
692 2405 773 2456 quum
789 2404 843 2436 non
861 2384 1036 2436 necessarium
1053 2385 1102 2451 sit,
1118 2387 1199 2437 immo

157 2464 266 2528 melior,
278 2484 337 2518 meo
347 2468 467 2538 judicio,
484 2471 590 2539 antiqua
604 2467 692 2518 lectio.
711 2463 776 2531 Sed,
789 2479 818 2516 ut
835 2483 903 2536 sape
918 2461 1035 2515 dicturus
1053 2481 1126 2530 snm,
1138 2483 1198 2516 eru·

155 2542 225 2598 ditos
238 2559 264 2597 et
277 2549 363 2599 minus
375 2549 468 2601 obvios
483 2567 574 2601 sensus
589 2561 615 2600 et
629 2546 737 2619 phrases
753 2547 863 2597 maxime
878 2543 1021 2616 appetebat
1033 2542 1198 2612 Gronovius,

157 2625 235 2695 quale
247 2639 286 2678 est
297 2626 370 2698 quod
381 2630 515 2698 sequitur,
530 2651 541 2675 ι
554 2642 580 2680 st
592 2627 672 2680 olenti
684 2645 807 2699 spargere
819 2624 952 2699 Thymbra
964 2649 975 2673 ι
990 2647 997 2676 ι
1009 2643 1057 2696 pro
1070 2641 1122 2696 qua
1134 2643 1199 2678 voce

157 2703 219 2756 edit.
232 2705 332 2758 Veneta
349 2705 430 2760 habet
445 2710 556 2778 nymbo,
576 2722 603 2759 et
621 2709 658 2759 ita
675 2707 770 2779 legisse
787 2707 962 2760 Claudianum
978 2706 1200 2760 verosimillimum

156 2797 212 2851 ost,
225 2786 305 2854 quiin
315 2787 396 2856 Nupt.
410 2788 509 2838 Honor.
522 2800 548 2838 et
560 2787 624 2838 Mar.
638 2805 663 2837 v.
677 2788 746 2854 296,
757 2785 830 2840 hunc
843 2787 931 2840 locum
944 2787 1059 2839 imitatur
1070 2799 1096 2838 ει
1108 2785 1201 2838 eadem

156 2881 221 2916 voce
235 2867 324 2918 utitur.
340 2864 381 2918 sic
395 2867 636 2943 ninpuerefloribus
650 2868 790 2934 Lucretio,
806 2880 833 2918 et
846 2867 947 2920 odorati
962 2865 1052 2919 imbres
1063 2865 1160 2918 Seneca
1172 2867 1200 2918 iu

158 2941 249 2995 eadem
261 2963 305 3012 re,
318 2959 343 2997 et
355 2946 480 2998 Martialis
492 2948 542 3012 tx,
556 2947 590 3016 39
603 2969 609 2998 :
628 2969 639 2993 ι
652 2945 763 2999 Lubrica
776 2948 888 3019 Corycio
902 2948 1020 3018 quamuis
1031 2947 1082 2996 sint
1098 2945 1200 3014 pulpita

108 3059 111 3070 .
157 3022 265 3087 nimbo,
278 3049 289 3072 ι
304 3039 331 3076 ει
342 3026 425 3078 inulta
436 3026 486 3078 alia
499 3045 556 3098 qua
569 3025 677 3078 adduxit
688 3025 860 3098 politissimus
872 3027 1008 3077 Gevartius
1019 3022 1079 3091 (cui
1090 3020 1145 3072 baec
1155 3020 1199 3072 de-

157 3099 269 3171 bentur)
287 3105 378 3176 Papia.
395 3107 467 3158 Lect.
485 3127 509 3160 c.
533 3108 572 3160 13.
591 3108 652 3158 Huc
670 3119 758 3158 tamen
773 3105 909 3156 Gronovio
928 3104 993 3154 tanti
1009 3119 1062 3152 non
1076 3112 1153 3165 sunt,
1170 3113 1199 3150 ut

157 3199 211 3230 non
228 3199 388 3252 quocunqne
404 3204 481 3238 sensu
501 3185 665 3240 retinendum
681 3195 788 3236 censeat
809 3181 956 3252 Thymbra,
978 3181 1059 3230 Diatr.
1077 3196 1135 3248 cap.
1154 3177 1196 3230 53.

156 3259 298 3313 Videamus
309 3263 372 3332 quid
381 3264 430 3316 sihi
438 3265 499 3317 velit
508 3265 564 3319 baec
576 3266 662 3320 lectio.
679 3262 812 3334 Thymbra
823 3261 898 3313 locus
908 3273 960 3324 cst,
970 3277 1015 3310 seu
1029 3275 1103 3326 ager,
1112 3258 1197 3326 Trojae

156 3341 271 3406 sicinus,
290 3340 384 3412 plenus
402 3342 485 3396 herba
505 3346 678 3416 cognomine,
698 3359 776 3414 quam
794 3339 933 3393 satureiam
954 3355 1093 3401 vocamus,
1111 3337 1198 3407 inquit

156 3419 259 3470 Servius
275 3419 308 3471 ad
324 3423 394 3492 Virg.
407 3426 464 3476 AEn.
478 3425 589 3491 111,85;
606 3424 725 3494 thymbra
737 3422 815 3490 igitur
830 3420 911 3472 olenti
922 3435 1044 3490 spargere
1064 3415 1135 3485 (sive
1147 3436 1197 3488 pro

155 3497 231 3564 loco,
246 3502 298 3552 sive
310 3521 359 3572 pro
371 3502 467 3570 herba,
482 3524 585 3570 sumas,
600 3503 633 3556 ad
644 3503 713 3555 idem
725 3499 837 3572 recidit)
853 3513 892 3552 est
903 3495 1062 3570 perfundere
1075 3499 1197 3551 satureia.

157 3579 191 3628 Αι
201 3578 258 3631 ride
266 3599 344 3651 quam
353 3584 442 3654 inepte
451 3585 543 3637 iecerit
553 3585 663 3648 Statius,
674 3586 696 3634 si
704 3582 836 3635 induxerit
846 3580 970 3631 Amorem
979 3575 1113 3628 etGratias
1125 3597 1198 3649 spar-

157 3671 248 3728 gentes
261 3680 314 3714 non
324 3662 393 3730 lilia,
408 3678 432 3716 et
447 3683 535 3731 rosas,
549 3679 575 3716 et
586 3665 713 3736 myrtum',
727 3676 754 3714 ει
765 3661 862 3726 riolas,
875 3657 921 3711 sed
933 3659 1082 3710 satureiam.
1097 3660 1198 3710 Deccut

157 3738 322 3810 Apollinem,
336 3745 437 3816 inquit,
449 3763 557 3796 munera
574 3745 613 3796 sui
632 3743 735 3812 campi;
750 3743 823 3811 atqui
837 3738 934 3812 Apollo
947 3755 1002 3788 non
1016 3738 1111 3790 dicitur
1122 3757 1197 3810 spar-

156 3838 218 3886 gere
231 3821 299 3874 hanc
312 3823 475 3896 thymbram,
487 3825 531 3876 scd
544 3825 625 3876 Amor
635 3837 661 3874 et
669 3823 776 3886 Gratim3
789 3825 853 3893 quin
862 3839 896 3873 ne
906 3822 993 3891 iprum
1003 3819 1108 3890 quidem
1118 3819 1197 3891 ripol-

156 3899 234 3954 linam
252 3902 375 3957 decerent
393 3905 448 3959 baec
465 3923 572 3956 munera
591 3917 645 3956 tam
661 3904 729 3956 festo
749 3915 884 3974 tempore,
903 3903 953 3952 nisi
969 3899 1087 3952 medicus
1105 3902 1196 3951 fuisset

156 3977 233 4032 Stella
243 4004 250 4044 ς
262 3983 302 4035 rel
317 3986 367 4036 nisi
378 3983 449 4037 dicas
461 3985 591 4037 urbanum
602 3983 653 4036 boc
665 3983 726 4036 loco
741 4002 798 4036 esse
812 3983 937 4048 Statium,
951 3995 977 4032 et
989 3983 1067 4032 tacite
1079 3978 1196 4031 allusisse
