2824 4488
193 285 257 374 376
362 285 496 350 NOTAE
519 285 569 347 IN
593 284 788 348 CARMEN
810 282 1052 365 QUARTUM

191 410 299 463 Plinien.
312 410 423 462 Exercit.
435 427 462 480 p.
477 407 542 476 143,
554 407 650 478 probat
661 406 828 460 scribendum
840 425 896 459 esse
908 425 1021 472 murres,
1035 408 1150 461 aGrues
1159 429 1224 463 voce

188 486 278 557 μα’ῥρις
292 506 324 540 es
336 501 391 542 ernt
404 486 471 559 lupis
482 506 513 544 ex
526 505 579 559 qno
593 505 654 539 vasa
668 487 784 538 murrina
800 485 1021 548 conficiebantur3
1034 501 1061 539 et
1073 488 1109 538 its
1121 508 1226 561 semper

191 566 271 619 scribi
282 565 339 618 vult
349 566 418 618 hanc
429 584 536 630 vocem,
548 584 650 633 murra,
662 584 716 617 non
726 566 840 635 myrrha.
853 566 950 618 Verum
961 566 1066 619 ridetur
1077 567 1152 638 quod
1162 568 1229 621 dicit

191 649 230 698 vir
243 647 387 710 maximus,
405 657 430 697 et
444 645 503 697 ideo
518 643 544 696 in
559 658 683 698 contextu
700 663 759 700 meo
774 657 879 697 secutus
898 664 971 708 sum3
991 645 1039 697 sed
1055 665 1149 718 porum
1164 660 1227 717 apte

190 742 270 796 puero
288 724 384 776 dentur
397 741 485 798 proves
503 743 609 790 murroe,
628 742 686 794 ques
701 722 844 775 robustiori
862 726 930 775 retati
947 726 1029 796 magis
1047 727 1225 778 convenirent.

193 804 261 854 Huic
270 801 439 854 incommodo
451 801 608 854 subveniunt
619 803 703 854 Psrm.
715 816 741 853 et
752 803 827 853 Rom.
838 821 896 873 quae
907 801 1023 868 hebent,
1038 803 1228 875 smyrrhasque

193 900 261 952 puer
274 882 485 956 crystallaque„
502 879 572 952 quod
588 899 669 951 qutun
682 897 833 952 expressum
849 881 929 933 fuerit
944 900 974 933 ex
992 881 1101 934 ditersis
1116 894 1142 935 et
1158 901 1228 933 non·

193 960 272 1014 nullis
286 981 377 1014 eorum
392 963 496 1032 optimis
511 959 661 1025 codicibus,
676 963 766 1012 nescio
779 979 840 1013 sene
856 979 938 1032 quere
951 961 1076 1013 mutarint
1086 963 1114 1013 in
1124 981 1227 1036 praees,-

192 1041 260 1093 forte
272 1059 304 1093 ex
316 1061 348 1093 eo
362 1040 433 1112 quod
443 1057 519 1093 versu
534 1038 631 1091 abhinc
645 1040 761 1094 secundo
775 1043 894 1111 sequitur
905 1045 968 1093 Care
976 1059 1050 1114 puer,
1061 1042 1164 1114 Superis
1174 1055 1226 1095 etc.

194 1119 265 1188 qnod
278 1120 384 1189 quidem
396 1137 438 1170 me
448 1131 575 1184 moveret,
588 1121 637 1170 nisi
649 1119 743 1170 scirem
755 1118 807 1172 boc
817 1139 896 1172 carm.
908 1139 983 1192 psene
995 1135 1227 1192 extempornncum

192 1199 289 1264 fuisse,
308 1212 333 1250 et
349 1201 483 1250 mlnimum
502 1199 626 1269 temporis
641 1199 665 1252 ei
682 1201 831 1271 impensum
846 1218 918 1266 esse,
936 1214 1017 1274 prout
1034 1201 1107 1271 ipse,
1124 1201 1225 1252 Prefn.

193 1290 319 1335 testeturs
336 1291 474 1349 praeterea,
489 1281 567 1330 etiam
580 1280 735 1330 exactissimi
747 1292 832 1349 poete
847 1277 979 1334 interdum
992 1278 1045 1330 boc
1057 1278 1108 1330 sibi
1120 1280 1227 1351 permit-

194 1370 268 1422 tunt,
282 1371 311 1409 ut
324 1356 413 1410 eedem
426 1376 491 1409 voce
502 1370 611 1410 utantur
621 1375 676 1408 non
687 1356 765 1428 longe
778 1356 887 1425 dissita,
902 1356 1009 1429 qnando
1024 1375 1116 1410 sensus
1130 1371 1156 1409 et
1169 1375 1228 1408 sen·

195 1437 273 1498 tentia
288 1454 358 1497 nors
372 1435 480 1502 orditur,
493 1449 522 1488 ut
534 1438 561 1493 in
573 1435 711 1487 hocloco:
727 1435 799 1506 quod
810 1435 931 1507 pluribus
944 1436 1116 1506 testimoniis,
1128 1436 1150 1486 si
1161 1453 1227 1506 opus

195 1527 275 1580 esset,
286 1513 399 1586 probare
408 1514 559 1586 possem.ln
568 1525 718 1566 contextum
726 1515 816 1588 itaque
825 1516 966 1587 recipiatur
977 1530 1152 1587 «murrasque
1160 1531 1227 1586 puer

194 1594 369 1668 crystallaque
384 1607 502 1668 portat.-

231 1754 274 1808 65.
296 1755 367 1813 Olim
382 1758 461 1813 etiam
476 1774 508 1808 ne
517 1757 602 1825 pn‘me
614 1772 693 1827 penas
705 1753 801 1826 lanupo
815 1755 923 1806 nitentes
938 1755 1064 1826 carperet.
1077 1754 1139 1806 Non
1152 1751 1228 1804 intel·

196 1834 249 1904 ligo
267 1853 320 1904 quo
335 1852 413 1890 seusu
427 1834 523 1904 lanugo
536 1832 619 1905 carpit
631 1851 727 1903 genitu
742 1835 815 1886 vestit
827 1832 933 1904 quidem
948 1849 973 1886 et
985 1835 1120 1889 obumbret
1134 1850 1229 1904 genam

197 1912 243 1964 sed
253 1931 355 1983 carpere
363 1931 443 1990 genas
454 1913 505 1964 alin
516 1914 624 1967 omnino
636 1929 677 1963 res
690 1924 745 1975 est,
757 1925 784 1962 et
790 1910 872 1982 febris
882 1910 923 1964 vel
932 1912 1040 1984 pthisios
1050 1914 1139 1983 potius
1152 1929 1230 1982 quarn

198 1987 336 2061 lonuqs'nis.
356 1992 468 2056 Noster,
483 1995 525 2057 II,
544 1991 561 2042 6
576 2012 582 2040 ε
601 2011 611 2036 ι
620 1993 719 2060 jacenti
736 1991 828 2059 Injecit
846 2010 943 2058 nexus,
961 1993 1110 2064 carpsitque
1125 1992 1229 2044 immitis

197 2065 301 2120 adunca
314 2072 369 2123 Ora
382 2068 495 2121 verenda
506 2087 585 2120 manu
594 2090 623 2130 3·
640 2070 738 2121 Lucan.
751 2071 804 2135 IX,
818 2070 884 2139 744:
902 2094 913 2116 n
923 2072 990 2123 Ecce
1002 2071 1075 2123 subit
1084 2073 1155 2124 virus
1168 2071 1231 2122 teci-

197 2159 252 2197 tum
264 2149 400 2219 carpitque
412 2147 540 2202 medullas
551 2149 620 2217 Ignis
632 2146 713 2208 edax;
725 2172 735 2196 ι
750 2148 921 2214 Prudentius,
934 2151 1028 2222 Hymn.
1041 2151 1069 2201 in
1079 2149 1172 2222 Esseq.
1185 2147 1232 2200 de·

199 2225 282 2276 lum.
299 2242 322 2275 v·
340 2241 398 2290 ¹⁰¹,
443 2297 501 2342 Nem
510 2293 572 2342 nulls
580 2295 667 2343 deinde
677 2307 782 2344 senectus

444 2368 535 2414 FrontIs
544 2367 614 2414 decus
623 2368 701 2416 invida
709 2379 796 2432 carpet.

199 2468 241 2520 Sic
252 2483 355 2537 corpere
367 2466 430 2520 vires
442 2485 489 2537 pro
504 2467 658 2518 iniminuere
671 2481 697 2519 et
710 2465 858 2533 exhaurire,
874 2465 946 2539 spud
958 2469 1026 2537 virg.
1037 2468 1128 2538 Georg.
1142 2468 1191 2533 III,
1204 2481 1231 2520 et

200 2544 274 2598 alios.
290 2545 397 2616 Scripsit
414 2547 526 2613 Statius,
545 2567 598 2600 une
615 2549 701 2618 prima
714 2565 794 2616 genas
809 2547 907 2619 lanugo
928 2550 1041 2600 nitentes
1054 2547 1230 2619 spargeren-
1309 2551 1312 2558 '

200 2623 264 2677 nibil
276 2625 380 2677 certius.
392 2625 468 2678 Conf.
484 2623 528 2676 Sil.
541 2625 598 2677 Ital.
611 2627 672 2692 VII,
686 2625 748 2696 691,
762 2639 789 2676 et
800 2626 874 2690 XVI,
890 2625 949 2695 469.
961 2627 1086 2700 Sparytrr
1095 2629 1234 2700 proprium

182 2737 185 2745 .
200 2706 227 2756 in
241 2702 291 2758 hoc
307 2723 335 2756 ra
347 2704 473 2768 verbum
490 2705 541 2760 vid.
561 2703 636 2758 Orid.
654 2707 761 2758 Metam.
778 2703 931 2773 vu1,567;
947 2706 1002 2758 Art.
1018 2707 1104 2760 Amet.
1120 2709 1170 2771 III,
1187 2706 1233 2778 76;

200 2786 282 2856 Epist.
292 2802 324 2836 ex
333 2787 431 2852 Ponto,
441 2786 468 2849 l,
478 2784 508 2850 4,
522 2803 531 2836 ι
541 2806 548 2847 ;
558 2785 615 2837 Val.
623 2783 709 2838 Flacc.
720 2787 763 2852 IV,
772 2785 830 2836 233.
842 2785 953 2856 Pinqese
962 2783 1044 2838 malas
1054 2785 1147 2837 eodem
1156 2804 1235 2838 sensu

200 2869 300 2919 suetos
313 2865 463 2938 Panegyrici
478 2863 511 2916 ad
524 2863 600 2936 Calp.
615 2866 752 2930 Pisonem,
767 2883 791 2916 v.
808 2864 873 2930 2483
889 2877 915 2916 et
925 2865 1058 2917 Ausonius
1070 2865 1097 2916 in
1108 2863 1233 2935 Epitepb.

200 2947 327 3000 Glaucus:

384 3017 445 3064 Laeu
454 3015 489 3062 bis
498 3029 584 3064 octono
593 3015 635 3062 tibi
642 3017 690 3078 jum
699 3016 742 3062 sub
751 3013 845 3063 conutle
854 3015 928 3077 pubes

415 3085 528 3148 Pinqebst
535 3099 638 3142 teneres,
650 3085 745 3134 Glaucia
754 3084 843 3140 adulte,
854 3101 938 3148 genes:

200 3185 236 3232 its
246 3181 401 3254 legendum
414 3181 492 3252 vulgo
504 3183 633 3258 stupebat,-
646 3183 706 3235 licet
715 3180 779 3234 alibi
789 3181 908 3234 eumdem
918 3201 1010 3235 vocem
1022 3196 1132 3255 usurpet
1145 3183 1235 3236 eodem

201 3275 295 3326 sensu,
309 3279 402 3332 nempe
415 3261 543 3313 Parental.
558 3261 655 3312 XXIII:

383 3367 419 3410 'Iu
428 3375 495 3410 tener
503 3377 527 3411 et
535 3366 623 3427 primo,
633 3379 692 3412 neve
702 3363 757 3424 flos,
766 3367 898 3429 decerperis
908 3384 969 3422 sevo,

416 3434 523 3480 Nondum
532 3450 661 3496 purpureas
669 3436 770 3492 rinctus,
781 3435 889 3499 prebe,
900 3453 986 3500 geum:

200 3529 247 3581 nbi
258 3529 353 3599 vulgo,
368 3531 450 3600 Quum
463 3540 547 3593 tener,·
560 3534 616 3584 sine
628 3551 713 3584 sensu.
727 3532 867 3608 Apuleius,
880 3534 966 3588 Miles.
980 3538 1012 3602 V,
1028 3537 1109 3588 «lem
1121 3535 1238 3587 medinm

199 3627 303 3662 cursum
315 3611 396 3661 etatis
409 3627 501 3679 ogere,
513 3613 702 3685 interspersum
715 3633 773 3667 rare
786 3615 910 3667 canitie.»
925 3617 989 3668 Mox
1000 3632 1050 3689 pro
1057 3615 1175 3686 fiotum
1182 3635 1239 3688 qm-

200 3692 235 3743 tt'a
242 3688 338 3759 formes
343 3727 352 3756 ,
360 3689 508 3742 Gronovius
517 3692 615 3744 mavult
619 3693 717 3766 pendia
720 3695 818 3768 formoe
823 3694 921 3756 sbene;
931 3695 1008 3751 ovid.
1019 3697 1081 3748 Met.
1092 3696 1164 3762 XIV,
1174 3693 1235 3748 65²:

382 3795 488 3860 Denique
497 3813 540 3860 per
549 3798 630 3847 multus
640 3799 726 3846 editum
735 3801 778 3847 sibi
787 3816 847 3864 sirpe
856 3801 941 3862 figuras

384 3867 506 3929 Repperit,
515 3880 541 3914 ut
549 3881 642 3931 cuperet
650 3883 747 3933 spernus
756 3869 837 3932 gaudia
847 3870 941 3927 Ionum

200 3966 306 4032 Noster,
316 3963 445 4018 Thebaid.
458 3966 497 4031 X,
511 3965 577 4018 62⁸:
597 3968 696 4019 «Nunc
709 3986 756 4037 age
770 3968 827 4039 quis
839 3966 960 4018 stimulos
973 3979 999 4018 et
1012 3961 1131 4037 pnlcltrte¹
1142 3962 1237 4034 gaudis
