2776 4484
407 328 549 393 mnne
574 330 607 408 1,
632 331 828 396 ornum
854 333 921 398 111.
970 331 971 338 ‘
1143 360 1183 424 97

186 456 352 537 Anxuris,
366 469 400 521 et
412 451 507 522 sedes
519 453 665 548 Phrygio
677 481 760 550 quas
772 460 862 526 mitis
875 457 1012 528 alumno

186 567 295 636 Debet
307 590 394 634 anus
405 593 412 632 ε
425 566 562 650 cedant,
576 591 652 663 quae
663 585 696 637 te
705 622 714 652 ,
724 569 795 662 jam
808 569 934 640 solibus
946 576 1064 656 arctis,

186 681 287 745 Antia
300 676 457 746 nimbosa
468 678 676 745 revocabunt
686 678 785 746 litora
796 679 926 746 bruma.

186 788 318 858 Scilicet
329 788 386 857 bic
398 787 445 856 illi
458 790 663 857 meditantur
673 789 825 885 pondera
836 815 967 860 mores:
1153 827 1187 879 9⁰

186 903 250 968 Hic
262 903 429 994 premitur
441 899 584 968 fecunda
597 902 710 994 quies,
724 905 899 994 virtusque
911 926 1031 970 serena

186 1015 312 1078 Fronte
323 1013 452 1102 gratis,
467 1034 638 1102 sanusque
649 1011 761 1092 decor,
775 1011 926 1106 luxuque
938 1032 1090 1084 carentes

187 1120 341 1204 Deliciae,
354 1145 439 1216 quas
451 1123 523 1214 ipse
536 1123 605 1187 suis
617 1119 787 1213 digressus
800 1121 939 1191 Athenis

188 1233 306 1302 Mallet
317 1232 450 1302 deserto
462 1236 575 1300 senior
585 1235 774 1325 Gargettius
787 1233 896 1303 horto.

190 1347 269 1411 Haec
281 1368 343 1437 per
355 1361 388 1410 et
400 1348 516 1434 AEgeas
529 1342 673 1426 hiemes,
688 1342 906 1438 Pliadumque
918 1349 1075 1416 nivosum
1153 1364 1188 1433 95
1278 1343 1287 1367 ⁸

188 1453 304 1538 Sidus,
317 1471 352 1522 et
362 1453 488 1523 Oleniis
501 1453 642 1546 dignum
654 1458 790 1548 petiisse
802 1456 865 1524 sub
877 1461 984 1525 astris.

189 1567 220 1632 Si
233 1564 352 1632 Maleae
365 1562 532 1632 credenda
544 1564 642 1646 ratis,
655 1562 850 1658 Siculosque
862 1590 924 1659 per
935 1585 1036 1635 aestus

191 1679 236 1744 Sit
246 1678 319 1758 via,
333 1699 395 1744 cur
406 1674 511 1742 oculis
524 1673 637 1743 sordet
648 1677 758 1743 vicina
769 1675 946 1768 voluptas?

190 1789 250 1856 Hic
261 1803 319 1856 tua
331 1787 489 1855 Tiburtes
502 1793 635 1856 Faunos
648 1786 781 1880 chelys,
795 1804 829 1856 et
836 1787 933 1881 juvat
944 1791 1055 1882 ipsum

83 1945 87 1952 -
189 1896 551 1994 Alciden,dictumque
562 1897 636 1990 lyra
648 1895 774 1991 majore
787 1897 963 1966 Catillum:
1140 1931 1188 1968 roo

147 2076 195 2129 qne
211 2061 390 2131 superbum»
412 2058 539 2112 Martialis
556 2061 643 2132 Epigr.
725 2079 768 2131 9⁰·
787 2059 848 2114 Stil.
862 2059 887 2112 t.
900 2060 943 2113 itti
954 2061 1114 2116 meditantur
1120 2084 1187 2138 pon-

146 2138 191 2202 Vl,
202 2141 252 2206 dr:
265 2143 344 2193 uNon
351 2138 439 2192 mollis
448 2139 584 2206 Sinuessa,
593 2140 645 2190 ier·
688 2139 750 2192 dere
761 2159 795 2191 m.
805 2141 864 2192 vid.
878 2156 934 2194 not.
948 2143 981 2195 ed
992 2143 1019 2195 h.
1032 2162 1056 2194 v.
1076 2145 1107 2195 A.

147 2216 231 2268 vidire
239 2217 344 2270 Fluctus
355 2220 485 2282 Passeris,
497 2234 542 2269 aut
553 2237 645 2288 super·
724 2239 766 2289 9²·
785 2221 919 2292 Sanusque
937 2221 1020 2274 decor.
1042 2227 1091 2276 Pro
1111 2244 1187 2278 sunus

146 2293 194 2347 bus
208 2297 311 2362 Anxur,
321 2320 333 2342 ι
353 2298 484 2368 Superbus
499 2315 594 2368 nempe
608 2294 644 2346 ob
688 2300 833 2352 Parmensis
845 2297 925 2352 babet
935 2301 1014 2354 ratius
1023 2333 1058 2344 -
1067 2303 1186 2356 Vaticani

147 2376 644 2450 situmexcelsiorem,quippealmposi·
687 2377 771 2430 Codd.
789 2379 858 2432 3285
874 2395 900 2431 et
915 2381 996 2450 3875,
1013 2381 1132 2452 praebent
1145 2401 1187 2437 so·

147 2459 270 2510 tumeatis
279 2457 332 2509 late
341 2457 516 2510 candentibus
524 2459 641 2522 Aurun-
689 2457 787 2530 titusque
796 2457 880 2508 decor.
891 2455 997 2530 Reliqui
1005 2471 1035 2508 ut
1044 2458 1123 2529 vulgo
1134 2459 1187 2511 edi·

147 2546 172 2585 nt
181 2535 214 2588 de
224 2554 257 2588 eo
266 2538 406 2610 Horatius,
417 2539 463 2608 qui
471 2536 556 2590 'l'ibur
566 2537 644 2588 etiam
688 2546 758 2600 tum,
770 2553 897 2610 sanusque
906 2528 987 2587 decor.
998 2536 1088 2604 Quare
1096 2538 1186 2607 potius

147 2614 516 2689 epithetosupinidona13iae.
526 2614 643 2687 superbi.
688 2627 814 2686 sequutus
831 2634 889 2666 snm
906 2614 971 2667 Cod.
984 2617 1057 2670 Urat.
1078 2618 1121 2685 qui
1138 2613 1186 2668 ha-

146 2692 211 2744 Vrde
223 2692 257 2745 cl.
271 2694 416 2748 bentleium
431 2695 463 2748 ad
477 2697 540 2746 Hor.
557 2692 641 2765 Epod.
686 2693 733 2747 bet
750 2713 875 2768 sanusque
888 2696 972 2768 nitor,
987 2693 1062 2766 'quod
1081 2696 1184 2747 Grono-

148 2772 172 2834 l,
188 2789 214 2822 r.
235 2772 344 2840 29,ubi
360 2775 427 2826 forte
445 2773 587 2845 legendum
600 2791 643 2825 ru-
686 2777 745 2826 rius
766 2777 843 2826 tacite
865 2795 896 2826 ex
917 2773 993 2839 aliis,
1017 2787 1046 2824 nt
1070 2772 1187 2840 ridetur,

144 2849 222 2920 perdi
233 2869 287 2920 pro
300 2855 405 2923 arpenti.
421 2883 455 2895 -—
470 2856 570 2906 Omnes
584 2851 643 2904 libri
687 2850 762 2904 libris
776 2854 885 2924 recepit.
906 2853 989 2904 Sanus
1005 2851 1076 2902 nitor
1092 2849 1188 2901 dicitur

146 2930 320 2982 consentiunt
331 2931 357 2982 iu
368 2933 450 2985 verbis
462 2932 586 3003 vulgatis,
599 2951 643 2984 ne·
687 2933 745 2982 vitae
758 2929 883 3002 splendor
895 2949 958 2982 sena
971 2931 1072 2980 ratione
1087 2927 1188 2980 adbibi-

145 3023 196 3077 qne
208 3007 420 3063 emendationem
430 3013 576 3084 patiuntur.
590 3013 643 3064 lio·
687 3025 739 3062 tus.
757 3011 791 3062 Η.

143 3089 203 3138 ratii
212 3087 303 3139 locum
315 3088 384 3142 bene
393 3089 511 3143 defendit
521 3093 583 3143 Fea.
593 3093 643 3142 Pro
708 3079 711 3086 ¹
724 3089 767 3159 94.
786 3088 931 3162 Garqettiur
942 3087 1023 3140 horto.
1036 3085 1100 3138 cod.
1114 3087 1186 3139 Uret.

143 3164 257 3219 Anxuris
268 3165 332 3219 edit.
344 3169 420 3220 Rom.
434 3181 481 3221 aut
491 3169 565 3222 curis.
586 3171 618 3220 H.
686 3167 832 3242 yurqeticus
841 3177 906 3228 orto,·
920 3165 982 3217 edit.
993 3167 1076 3237 princ.
1087 3167 1189 3219 carthe-

179 3245 222 3298 88.
241 3245 325 3298 Anus.
344 3246 412 3299 Cod.
426 3247 531 3300 Uratisl.
550 3266 643 3299 annus.
690 3247 752 3308 tius5
768 3245 827 3300 edd.
842 3249 918 3298 Rom.
928 3246 1186 3314 Vicentina,Venet.

144 3325 223 3377 flua.
235 3355 272 3366 -
286 3327 350 3396 Quoe
362 3340 398 3393 te,
405 3328 476 3399 jam.
492 3327 557 3382 Cod.
570 3329 643 3379 Urat.
687 3325 748 3378 Ald.
761 3327 904 3400 Garqetius.
915 3323 1064 3378 Gronovius
1076 3328 1188 3378 correxit

137 3407 197 3475 jum
210 3415 236 3456 te
248 3423 314 3478 que.
328 3406 421 3458 Maur.
436 3407 527 3478 posuit
541 3424 645 3460 comme
691 3408 844 3481 Garqettiru.
863 3407 945 3458 lirun.

145 3495 206 3536 ante
217 3488 275 3557 jum
295 3485 370 3557 quod
388 3485 498 3552 sustuli,
516 3506 550 3539 ne
565 3484 645 3537 verba
724 3485 767 3555 95.
787 3485 850 3538 Hoec
862 3503 916 3559 per.
929 3482 997 3536 Edit.
1009 3503 1050 3556 pr.
1062 3485 1119 3538 Nec
1128 3502 1187 3554 pur.

145 3579 284 3634 perperam
295 3567 531 3637 conjungerentur.
551 3567 633 3617 Hero.
689 3593 723 3604 -
735 3561 919 3637 Pliadumque.
935 3565 973 3614 lta
993 3581 1085 3616 omnes
1100 3565 1190 3634 scripti

181 3641 223 3711 89.
241 3643 333 3697 Antia.
346 3643 431 3716 Vulgo
441 3643 644 3698 aum-codd.
690 3645 763 3712 libri,
778 3647 856 3698 etiarn
869 3643 1003 3706 Vaticani;
1021 3642 1084 3698 edit.
1102 3645 1187 3695 Perm.

145 3739 251 3788 omnes,
263 3723 343 3774 etiam
355 3723 476 3775 vatican.
490 3737 516 3775 et
529 3720 590 3775 edd.
602 3741 648 3776 ve·
692 3725 888 3796 Pieridumque.
904 3723 986 3774 ΕΔΜ).

144 3813 211 3853 teres
232 3801 353 3873 prebent
373 3803 450 3864 avia,·
471 3805 647 3854 necessariam
726 3819 770 3873 97.
789 3803 818 3855 Si
827 3800 931 3854 Maleoe.
941 3799 1010 3852 Edit.
1021 3819 1061 3872 pr.
1071 3798 1190 3862 similene,

144 3882 236 3950 putari
247 3883 451 3935 correctionem.
464 3883 546 3934 Hero.
556 3913 591 3922 -
601 3884 647 3934 lte-
692 3896 717 3934 et
729 3884 756 3933 in
766 3901 790 3933 v.
803 3901 842 3953 sq.
854 3881 936 3933 sorbet
945 3898 995 3951 pro
1005 3881 1095 3932 sordet.

145 3961 280 4012 vocabunt.
293 3959 387 4016 Codex
397 3960 647 4015 Leidhnbetreuo-
732 3975 788 4013 roo.
816 3959 932 4010 Dictum.
956 3956 1044 4010 Editio
1068 3957 1193 4028 princeps

145 4039 246 4092 abant.
262 4041 344 4094 Etru.
692 4037 773 4090 babet
789 4037 901 4089 doctum.

238 4100 536 4194 Es
1036 4147 1052 4212 7
