2844 4484
206 313 272 381 600
367 311 502 376 NOTAE
527 311 575 373 ΙΝ
600 309 799 372 GARMEN
824 307 1091 372 SECUNDUM

206 457 245 492 vs.
264 439 328 506 139,
346 437 429 487 «Nou
442 436 520 487 toties
534 435 660 486 victorem
672 433 783 486 Castora
794 450 858 504 gyro
870 433 926 484 Noc
940 432 1049 484 fratrem
1064 445 1143 484 ctestu
1155 433 1250 486 virides

206 519 326 589 plausere
339 515 501 587 Therapnae3
512 538 523 561 ι
536 514 626 583 Virgil.
642 514 737 582 Georg.
753 513 804 577 111,
821 509 869 563 us
884 525 909 561 et
923 529 980 582 sqq.

393 623 466 666 Frena
476 617 616 666 Pelethronii
626 617 728 679 Lapithae
738 632 853 680 gyrosque
862 615 948 662 dedere

392 691 497 752 Impositi
505 690 588 743 dorso,
598 700 667 751 atque
678 689 779 751 equitem
789 688 891 733 docuere
900 687 943 732 rub
952 688 1022 732 armis

393 761 506 808 lusultare
516 759 580 815 tolo,
591 771 615 805 et
624 775 715 821 gressus
724 758 852 820 glomerare
863 759 988 821 superbum

208 861 255 913 ubi
266 873 341 913 notat
353 861 437 925 Seru,
453 873 503 911 «ut
515 877 575 911 cum
588 857 726 930 disciplina
738 858 871 910 incedant.
883 881 894 903 υ
908 859 1029 930 Equitem
1042 858 1079 908 ihi
1094 871 1134 910 est
1146 877 1251 930 equum.

209 943 286 993 llunc
299 940 400 1010 Virgilii
415 940 504 991 locum
520 941 637 990 imitatur
648 938 787 1003 Manilius,
799 942 832 1004 V,
847 937 915 991 636:
930 939 999 990 «llic
1013 935 1171 1010 glomerabit
1184 956 1253 1011 equo

209 1039 323 1093 gyron-
337 1019 464 1086 Ovidius,
476 1022 584 1072 Metam.
596 1020 645 1086 Vl,
660 1020 725 1086 224,
738 1018 771 1070 de
784 1017 844 1070 filiis
856 1017 964 1084 Niobae,

395 1125 506 1187 Equibua
514 1127 630 1180 Ismenos,
641 1127 681 1187 qui
691 1126 757 1172 matri
767 1125 855 1172 surdus
866 1124 983 1188 quondam

394 1196 470 1240 Prima
480 1209 526 1240 suae
536 1195 624 1252 fuerat,
635 1193 690 1240 dum
700 1206 789 1240 certum
799 1193 872 1240 flectit
880 1197 905 1240 in
915 1193 994 1240 orbem

395 1264 563 1327 Quadrupedes
572 1279 665 1322 curtus,
677 1277 721 1312 etc.

211 1359 304 1428 idest,
319 1360 381 1413 dum
390 1380 455 1435 gyro
462 1361 550 1439 flectit
562 1381 656 1433 equum
664 1385 672 1424 ;
686 1363 785 1414 Lucan.
800 1363 827 1429 l,
841 1361 907 1428 425:
926 1363 1053 1433 cOptima
1066 1379 1131 1432 gaus
1145 1360 1217 1414 lieris
1227 1363 1253 1413 iu

212 1460 302 1515 gyrum
318 1442 438 1515 Sequana
453 1444 571 1505 freuis;·
587 1442 687 1495 Tihull.
702 1445 746 1508 lV,
763 1459 784 1508 t,
798 1461 823 1494 v.
838 1459 887 1512 91:

398 1549 444 1594 Aut
453 1548 505 1611 quis
515 1563 601 1612 equum
610 1546 710 1593 celerem
720 1559 807 1594 armato
817 1561 965 1609 compescere
973 1547 1041 1594 trem

398 1621 441 1665 Par
451 1621 491 1675 sit,
503 1632 526 1665 et
535 1619 620 1665 effusas
630 1618 696 1664 tardo
705 1621 840 1682 permittere
849 1618 969 1666 habeant

398 1693 471 1753 Inque
480 1693 555 1738 vicem
565 1691 634 1736 modo
644 1690 734 1737 directo
743 1690 882 1737 contendere
892 1707 974 1747 cursu,

400 1764 445 1808 Seu
454 1761 523 1810 libeat
533 1779 603 1810 curvo
613 1762 706 1809 brevius
715 1760 854 1824 compellere
863 1777 919 1826 gyro
928 1780 935 1818 ς

217 1871 244 1910 et
253 1859 336 1925 inira,
347 1859 411 1927 208,
424 1874 542 1913 «mutata
554 1859 693 1931 liguraSeu
706 1879 746 1914 me
757 1859 836 1929 linget
847 1879 945 1931 equum
952 1879 1018 1933 gyro
1027 1879 1178 1933 percurrere
1189 1879 1258 1913 cam·

216 1957 266 2009 pos
274 1941 409 2006 Doctum,
423 1958 486 2006 seu,
498 1953 548 1991 etc.
560 1963 570 1986 r
585 1943 621 1992 ita
634 1942 732 2011 optime
745 1940 891 1992 emendavit
902 1943 1024 1994 Heinsius
1035 1961 1084 2012 pro
1098 1941 1192 2016 rigidos
1201 1961 1260 2013 per-

217 2035 324 2068 currere.
337 2018 403 2070 Vide
415 2019 452 2070 ibi
464 2019 647 2091 politissimum
663 2017 873 2087 Broulrhusium,
888 2021 991 2073 affatim
1005 2020 1186 2094 exemplorum
1196 2038 1259 2091 sug·

218 2109 361 2166 gerentem.
375 2095 451 2149 ovid.
468 2098 576 2149 Heroid.
591 2099 636 2163 lV,
651 2115 700 2168 79:

401 2205 452 2250 Sive
462 2203 548 2251 ferocis
555 2206 610 2268 equi
620 2203 731 2251 luctantia
740 2205 799 2252 colla
808 2221 929 2262 recurvas,

433 2273 519 2334 Exiguo
531 2272 603 2319 llexos
612 2274 685 2319 miror
693 2275 718 2319 iu
728 2274 785 2321 orbe
794 2275 866 2338 pedet
875 2293 882 2330 ς

219 2371 246 2420 in
258 2371 328 2438 orbe,
343 2370 437 2437 idest,
449 2389 528 2443 gyr03
542 2371 682 2438 Manilius,
694 2376 727 2439 V,
743 2373 792 2443 73:

403 2479 467 2522 Stare
476 2474 521 2523 leri
530 2491 599 2522 curru
609 2477 768 2525 moderantem
777 2491 878 2540 quotuor
887 2495 927 2525 ora

403 2547 543 2610 spumigeris
551 2548 640 2596 frenata
649 2548 724 2612 lupis,
735 2561 757 2596 et
766 2549 860 2597 llcctere
870 2565 984 2613 equorum

405 2619 541 2667 Praevalidar
550 2621 621 2678 vires,
632 2637 659 2668 ae
669 2633 730 2668 torto
739 2623 851 2686 stringere
862 2637 933 2686 ὕψος

221 2721 343 2786 Tacitus,
356 2718 389 2772 de
399 2721 466 2774 Mor.
479 2722 567 2774 Germ.
580 2740 638 2794 cap.
652 2723 684 2774 6:
700 2723 789 2793 «Equi
800 2741 856 2773 nou
868 2723 971 2787 forma,
983 2741 1038 2773 nou
1048 2721 1187 2774 velocitate
1199 2741 1261 2774 con·

222 2801 321 2869 spicui;
331 2799 378 2852 sed
387 2818 436 2852 uec
448 2803 548 2854 variare
557 2819 647 2875 gyros,
659 2805 686 2854 iu
698 2821 796 2855 morem
806 2817 940 2868 nostrum,
953 2801 1114 2854 docentur.»
1126 2803 1206 2852 Recte
1218 2803 1262 2870 igi·

222 2893 264 2929 tur
271 2881 379 2956 flectere
390 2899 468 2951 equor
477 2881 561 2954 pyr-im
577 2884 604 2932 iu
619 2881 670 2933 hoc
683 2885 753 2933 enim
767 2893 870 2934 constat
884 2883 977 2952 peritia
988 2878 1027 2935 rie
1036 2879 1196 2940 'incurrerim
1210 2897 1261 2930 non

222 2959 376 3029 simpliciter
386 2961 550 3037 inflectendo
564 2980 649 3032 equos.
663 2963 734 3014 Dicit
747 2963 860 3032 Statius:
877 2961 947 3012 Mars
960 2975 985 3011 et
999 2961 1117 3012 Minerva
1133 2973 1262 3012 monstra-

222 3033 289 3088 bunt
301 3037 348 3088 tibi
358 3035 393 3090 rei
401 3034 516 3100 Talai,
528 3057 575 3090 seu
589 3043 739 3092 cretionem
751 3037 911 3110 disponendi
923 3041 1068 3104 exercitus,
1077 3062 1089 3086 ι
1104 3051 1134 3089 ut
1145 3037 1263 3109 loquitur

222 3118 363 3186 Nazarius,
374 3121 501 3191 Panegyr.
511 3138 534 3170 c.
549 3119 580 3172 28
590 3143 597 3183 ;
609 3121 712 3187 Castor,
722 3121 858 3192 equitandi
868 3132 948 3172 artem
960 3133 986 3170 et
998 3121 1151 3180 scientiam
1163 3121 1262 3170 Romu-

222 3195 280 3264 lus,
293 3218 368 3250 arma
384 3217 444 3251 cum
461 3199 579 3271 agilitate
594 3202 703 3264 uibrare,
721 3213 747 3252 et
761 3199 916 3252 dexteritate
930 3197 1045 3271 (medam
1058 3211 1084 3250 et
1100 3197 1196 3250 decore
1211 3212 1263 3248 tra-

223 3290 309 3329 ctare:
328 3278 379 3331 hoc
396 3281 467 3332 enim
480 3281 538 3332 vult
558 3300 605 3351 per
623 3293 727 3352 quatere
747 3298 829 3331 artua.
848 3279 930 3332 Anna
949 3290 1058 3331 tractare
1075 3281 1166 3330 Horat
1182 3279 1262 3348 Epist.

222 3361 234 3410 l
241 3396 250 3423 ,
266 3359 310 3426 18,
321 3360 369 3412 53:
384 3360 485 3428 «adde,
498 3362 581 3413 virilia
593 3360 665 3430 quod
675 3363 818 3432 speciosius
829 3379 901 3412 arma
913 3363 976 3412 Nou
989 3371 1027 3412 est
1037 3359 1084 3430 qui
1095 3372 1226 3418 tracten-
1239 3371 1264 3408 et

223 3438 338 3505 Seneca,
352 3440 436 3511 Epist.
452 3442 501 3506 88,
524 3445 585 3493 «An
604 3439 711 3494 liberale
726 3442 842 3494 studium
860 3441 930 3495 istud
946 3459 1002 3494 esse
1017 3442 1153 3511 juventuti
1171 3453 1265 3491 nostre

225 3517 370 3586 credimus,
383 3539 461 3591 quam
472 3524 583 3591 majores
595 3524 680 3575 nostri
690 3537 787 3576 rectam
799 3523 985 3587 exercuerunt,
995 3519 1100 3574 hastilia
1110 3525 1215 3592 jacere,
1226 3537 1266 3572 su·

225 3595 283 3648 dem
298 3609 438 3668 torquere,
453 3619 551 3671 equum
564 3603 677 3671 agitare,
693 3620 764 3654 arma
778 3614 890 3654 tractare
899 3605 930 3652 i·
947 3601 1089 3673 vegetius,
1102 3601 1184 3652 delle
1197 3597 1265 3648 Mili-

225 3689 272 3728 tar.
289 3676 333 3728 lib.
346 3680 357 3728 Ι
365 3716 374 3744 ,
390 3681 533 3733 n'l'ractare
547 3694 665 3747 scutum,
683 3694 709 3733 et
721 3681 835 3754 obliquis
848 3681 945 3733 ictibus
959 3681 993 3752 (l.
1009 3681 1122 3751 actibrts)
1135 3681 1265 3730 sortientia

227 3756 277 3808 tela
289 3756 441 3822 deflectere,
454 3759 560 3830 plagam
576 3760 719 3831 prudenter
735 3763 833 3826 vitare,
848 3761 974 3813 audacter
987 3763 1093 3812 inferre.
1104 3783 1115 3805 ι
1130 3757 1199 3809 Vide
1212 3759 1264 3810 Cic.

225 3834 259 3887 de
271 3837 344 3889 Orat.
356 3837 407 3902 ΙΙΙ,
422 3834 453 3888 52
467 3849 493 3887 et
505 3837 554 3903 545
570 3837 696 3904 Ovidius,
711 3841 774 3892 Met.
788 3839 851 3905 llll,
864 3838 931 3904 4682
950 3841 1106 3910 «Armaque
1118 3836 1266 3900 concussit,

226 3930 380 3987 certumque
392 3916 519 3990 equitavit
531 3919 559 3969 iu
572 3917 679 3982 orbem3
691 3941 702 3965 ι
716 3919 869 3986 Petronius,

409 4025 464 4072 Mor
474 4035 497 4071 et
505 4025 622 4073 Socratico
631 4025 713 4089 plenus
723 4041 803 4088 grege,
815 4036 888 4072 mutet
896 4024 998 4072 habenas
