2824 4488
380 343 512 408 LIBRI
535 343 983 415 TERTtt-stnvnttuot.
1136 355 1203 445 3²9
1251 379 1255 386 ·

348 483 387 530 bie
395 483 511 546 pecudum
520 483 595 541 libre,
606 484 772 549 simulscruque
782 487 859 534 inanis
869 491 959 546 somni,

380 555 510 618 Ominaque
519 571 601 601 arcena
610 569 679 602 nocte
688 557 760 620 petits
770 571 872 604 movent.

167 655 265 708 Passim
280 650 353 724 apud
368 653 494 706 Senecam
506 651 562 705 baec
576 671 627 706 vox
641 657 756 706 occurrit
768 653 821 706 hoc
835 675 924 710 sensu.
938 657 964 712 si
977 656 1033 710 buc
1046 659 1074 712 in
1087 673 1202 712 mentem

167 738 315 801 venissent,
329 731 395 786 nihil
407 733 530 786 movisset
542 735 662 787 acerrimi
670 733 765 805 judicii
778 738 825 788 vir.

200 913 245 967 bt.
267 911 329 982 Quis
342 913 419 977 sude,
430 923 457 964 et
468 912 601 966 abscissum
613 912 709 966 miseris
720 913 897 992 animantibus
908 932 997 986 oeqaor
1009 915 1079 966 Fecit
1090 916 1153 967 iter?
1163 919 1202 968 lta

168 1013 258 1046 omnes
273 1010 338 1064 quus
351 992 404 1046 ridi
418 991 555 1045 editiones.
567 993 689 1044 Heinsius
704 1012 764 1046 vero
780 992 813 1046 ud
824 994 911 1046 Valer.
924 993 1009 1046 Flacc.
1024 998 1052 1060 l,
1066 995 1126 1066 827,
1138 997 1202 1048 citat

167 1073 301 1139 abscisam,
320 1073 419 1143 ubsque.
433 1071 488 1124 ulla
501 1070 659 1124 diversitatis
669 1085 750 1138 nom,
764 1087 790 1124 et
804 1075 879 1144 quasi
893 1074 920 1125 in
938 1072 1061 1126 omnibus
1075 1072 1148 1126 libris
1165 1075 1202 1126 itu

167 1153 303 1224 legeretur.
315 1152 354 1204 De
365 1151 516 1204 differentia
530 1150 672 1203 verborum
685 1153 828 1206 abscindere
841 1166 869 1206 et
881 1154 1008 1206 abscidere
1019 1153 1151 1226 (quorum
1162 1154 1202 1206 nl·

168 1247 267 1296 terum,
276 1231 431 1298 abscindere,
440 1233 600 1302 preteritum
609 1232 673 1284 facit
682 1231 792 1298 abscidi,
804 1232 891 1286 medio
899 1233 987 1300 brevi,
997 1246 1024 1287 et
1033 1235 1202 1306 perticipium

166 1311 297 1372 abscissus,¹
311 1307 438 1377 alterurn,
452 1311 590 1376 abscidere,
604 1328 619 1361 u
633 1313 818 1381 praepositione
831 1313 875 1364 abs
888 1327 914 1366 et
929 1316 1015 1380 coedo,
1028 1317 1057 1366 in
1069 1316 1202 1385 preterito

167 1390 276 1456 abscidi,
292 1387 376 1440 medin
390 1389 486 1461 longo,
501 1391 642 1461 participio
655 1390 777 1462 abscisus)
789 1403 815 1442 et
827 1410 907 1462 quom
920 1394 1072 1466 frequenter
1085 1412 1203 1446 commu·

167 1484 265 1537 tentor,
277 1469 337 1522 vide
351 1467 384 1522 cl.
404 1469 664 1536 Drakenborcbium,
683 1469 717 1523 ad
730 1469 774 1522 Sil.
793 1472 874 1524 ltelic.
889 1475 946 1540 XV,
964 1475 1024 1546 470.
1043 1477 1100 1529 llcc
1115 1489 1203 1526 tamen

166 1548 227 1602 loco
241 1548 308 1601 nihil
322 1549 476 1601 mutandum
490 1567 564 1617 esse,
577 1564 672 1622 preter
684 1567 842 1604 consensum
857 1550 1017 1622 editionum,
1028 1553 1105 1606 docet
1117 1555 1202 1604 Hora·
1305 1553 1311 1562 '

168 1631 412 1698 tins,carm.1,3,
427 1647 477 1684 ut:

472 1743 629 1806 Nequicqnttm
638 1744 702 1789 Deus
710 1742 807 1790 abscidit

441 1813 546 1860 Prudens
555 1816 649 1859 Oceano
658 1811 814 1860 dissociabiles

472 1885 568 1938 Terras,
578 1883 598 1930 si
608 1895 683 1930 tumen
692 1885 768 1945 impia

440 1952 493 1998 lion
502 1951 617 2014 tangendo
625 1965 687 1999 retes
696 1951 825 2000 transiliunt
833 1951 906 2008 radas

119 2082 121 2093 ‹
167 2050 210 2102 coi
220 2049 282 2102 loco
293 2048 382 2120 pulum
393 2046 487 2102 alludit
497 2049 603 2101 Noster.
616 2048 754 2102 Claudiam
767 2048 803 2101 de
812 2051 888 2122 liupr.
903 2051 975 2102 Pras.
987 2051 1015 2114 l,
1031 2049 1094 2116 idn:
1110 2049 1203 2120 «rupit

166 2131 283 2182 confinis
290 2131 390 2183 Nereus
397 2131 497 2194 Victor,
508 2144 535 2182 et
544 2130 675 2183 abscissos
685 2129 802 2183 interluit
812 2148 918 2202 equore
927 2143 1030 2182 montes
1039 2151 1067 2193 ς»
1080 2129 1127 2181 nbi
1136 2129 1203 2180 nihil

166 2211 273 2262 vadent
285 2208 397 2262 codices.
411 2210 477 2261 Plin.
491 2213 556 2262 llist.
571 2213 632 2264 Not.
644 2215 688 2278 tv,
704 2229 733 2264 r:
750 2215 839 2265 eDein
853 2215 926 2266 sinus
940 2230 970 2264 se
984 2211 1131 2264 Leucadia:
1144 2212 1202 2282 ipss

166 2287 322 2359 peninsula,
331 2287 462 2360 quondam
472 2289 570 2341 Neritis
581 2289 727 2362 appellate,
737 2307 818 2360 opere
827 2288 978 2342 accolarum
989 2289 1104 2342 abscisso
1114 2307 1129 2340 u
1138 2306 1205 2339 con·

167 2372 270 2424 tinenti.
280 2392 292 2416 s
306 2371 375 2440 Virg.
389 2371 447 2421 AEu.
461 2371 512 2434 111,
526 2369 590 2441 417:
606 2373 699 2422 «venit
709 2369 797 2423 meclio
808 2371 833 2422 vi
847 2383 962 2442 pontus,
978 2383 1004 2422 ct
1014 2368 1091 2422 undis
1102 2371 1202 2438 Hespe-

167 2451 233 2502 rium
253 2447 341 2502 Siculo
355 2449 423 2501 lotus
438 2448 558 2502 abscidit.
570 2473 581 2497 ιι
603 2449 794 2521 indignandum
814 2469 883 2503 sune
894 2449 966 2503 hunc
981 2469 1073 2504 vocem
1087 2449 1204 2501 abscissus

168 2528 266 2602 ubique
276 2530 333 2582 iere
347 2547 362 2581 s
373 2530 434 2582 viris
446 2527 531 2582 doctis
542 2530 707 2600 repudiatum
721 2548 794 2596 esse,
806 2544 837 2582 ut
847 2530 936 2582 locum
947 2532 1028 2583 furiet
1037 2529 1074 2597 «ᾤ’
1082 2528 1203 2588 abscisus,-

168 2610 245 2662 etisn
255 2611 311 2663 sine
321 2627 414 2674 muso,
427 2622 453 2661 et
461 2608 509 2662 nbi
517 2622 651 2680 prestaret
659 2611 791 2671 abscissum
802 2623 831 2662 ut
842 2609 920 2662 focile
929 2628 1033 2682 possem
1043 2621 1201 2661 monstrare:

23 2685 24 2698 ¹
135 2719 139 2728 =
167 2689 423 2760 praesertiminlocis
434 2689 481 2742 ubi
491 2691 633 2762 requiritur
643 2691 840 2762 divisio,·quum
851 2691 939 2743 scindo
950 2704 977 2743 et
988 2691 1134 2761 compcitn
1147 2690 1203 2758 ejus

169 2767 263 2820 melius
272 2783 339 2822 certe
350 2772 499 2841 exprimunt
510 2789 588 2842 wem
601 2772 669 2824 coedo
679 2784 705 2823 et
716 2773 773 2840 ejus
784 2773 945 2842 composita:
955 2771 1065 2824 scindere
1074 2771 1142 2820 enim
1151 2785 1203 2838 pro

167 2847 283 2900 dividere
294 2847 442 2902 uslatitinm
455 2864 510 2916 est,
526 2862 552 2902 et
567 2852 704 2921 primitivo
718 2847 931 2920 significationi„
944 2851 1038 2903 coedere
1053 2848 1157 2901 nonnisi
1176 2847 1204 2896 in

167 2930 338 2999 compositis,
349 2945 374 2982 et
386 2949 434 3002 per
447 2949 621 3001 consequens.
636 2930 685 2983 Sed
701 2949 792 3002 pergo.
808 2928 974 2995 Gronovius,
989 2931 1071 2982 Dintr.
1087 2947 1146 2998 cap.
1161 2943 1204 2995 27,

168 3011 278 3062 miretur
287 3010 460 3064 eruditionem
471 3011 547 3064 Stntii
557 3013 584 3062 in
597 3029 663 3063 voce
674 3012 861 3073 animantibm
874 3024 904 3074 et
912 3011 1002 3082 culpet
1013 3010 1120 3073 doctos,
1133 3005 1204 3079 qnod

168 3107 221 3141 non
232 3087 345 3142 viderint
355 3089 425 3143 hanc
434 3109 527 3145 rocem
537 3093 659 3166 usurpari
671 3090 723 3144 hoc
735 3091 795 3143 loco
808 3111 856 3162 pro
870 3091 1023 3144 terrestribus
1034 3101 1136 3140 tuntum
1147 3086 1205 3139 arsi·

167 3167 291 3235 malibus,
306 3181 399 3241 utpote
415 3189 473 3242 qum
485 3173 574 3223 anima
588 3190 636 3224 sen
650 3171 816 3243 respiratione
829 3183 947 3237 utuntur,
963 3189 1019 3243 quse
1031 3166 1141 3242 piscibus
1157 3183 1205 3218 seu

168 3243 263 3317 iiidice
282 3245 346 3316 (desc
359 3269 413 3302 non
427 3264 578 3322 competere
592 3265 718 3319 noverat,
733 3254 835 3325 inquit,
854 3270 885 3303 ex
903 3249 1042 3304 Aristotele
1056 3261 1137 3321 pocta
1154 3245 1205 3298 do·

168 3329 308 3382 mmmmm.
322 3330 405 3382 dente
418 3349 482 3383 senc
492 3331 548 3383 brec
559 3331 724 3384 observatio:
737 3344 764 3384 et
775 3329 886 3384 multum
901 3331 929 3382 in
940 3330 1021 3382 Statio
1033 3323 1205 3399 intelligendo
1253 3367 1256 3376 .

168 3409 320 3478 profecerit,
336 3412 382 3480 qni
393 3409 455 3462 talia
467 3409 594 3463 antitheta
606 3423 699 3464 notare
710 3413 823 3484 poterit3
837 3409 884 3463 sed
897 3411 975 3462 nimis
986 3408 1063 3461 uo'utn
1077 3407 1130 3460 boc
1143 3405 1204 3458 loco

166 3487 287 3540 ridetur:
307 3489 378 3559 quod
393 3492 462 3542 enim
478 3488 642 3542 fundamenti
657 3491 716 3544 loco
736 3511 766 3544 ex
780 3491 920 3544 Aristotele
933 3491 1029 3556 sumit,
1048 3490 1133 3560 pisces
1151 3505 1204 3539 non

166 3567 273 3636 spirare,
288 3565 342 3628 hoc
354 3568 393 3620 illi
406 3569 513 3639 negabit
525 3567 640 3636 Plinius,
655 3572 721 3623 Hist.
736 3573 798 3623 Nus.
811 3573 862 3638 tx,
875 3590 905 3642 73
921 3583 948 3623 et
962 3567 1035 3641 qnod
1049 3568 1113 3620 dicit
1127 3579 1206 3618 terre·

166 3647 227 3698 stria
241 3660 344 3701 tantum
356 3648 486 3701 animalia
499 3647 550 3700 hnc
561 3667 628 3702 voce
642 3649 790 3721 designari,
803 3650 936 3704 interdum
949 3667 1040 3703 verum
1055 3661 1109 3714 est,
1124 3649 1206 3699 inter·

167 3721 230 3774 dum
244 3741 313 3791 non,
329 3725 403 3796 qnod
417 3725 518 3779 videbis
531 3745 563 3779 ex
577 3726 637 3780 loco
654 3728 774 3780 Ciceron.
793 3727 827 3781 de
844 3729 946 3781 Amicit.
962 3746 1022 3800 esp.
1039 3744 1086 3779 nt:
1105 3722 1207 3792 ·Qu0‹l

168 3803 189 3854 si
201 3801 255 3854 hoc
265 3817 377 3875 apparet
387 3807 415 3857 in
427 3805 534 3874 bestiis,
548 3807 715 3875 volucribus,
728 3809 867 3876 nantibus,
876 3807 1042 3881 ἐμπίδας,
1056 3805 1206 3866 cicuribus,

168 3879 246 3946 ieris,
259 3883 374 3952 primum
388 3897 419 3936 ut
430 3903 458 3938 se
469 3885 579 3957 diligunt
592 3890 653 3959 ipsse
667 3887 711 3957 (id
722 3891 791 3942 enirn
804 3889 901 3958 puriter
914 3906 975 3940 cum
987 3888 1059 3938 omni
1073 3885 1207 3935 animante

168 3961 300 4032 nacitur.)
310 3961 407 4016 deinde
418 3977 447 4016 nt
456 3969 591 4039 requirunt
601 3980 681 4038 atque
691 3979 819 4038 appetant
829 3965 865 4018 ed
874 3985 941 4038 quas
950 3983 979 4017 se
990 3963 1125 4036 applicent
1136 3963 1205 4030 ejus·

168 4037 226 4094 dent
235 4043 341 4112 generis
350 4045 512 4108 animantem
527 4059 626 4117 quanto
635 4045 664 4098 id
673 4049 753 4116 magis
762 4047 791 4098 in
798 4043 907 4097 bomine
917 4046 951 4098 sit
959 4056 1066 4108 natura,
1075 4052 1125 4093 etc.
1136 4060 1148 4084 u
1161 4037 1205 4089 Vi-
