2784 4484
347 314 477 378 LIBRI
502 314 643 380 PRIMI
667 317 918 386 stLvtltUM.
1110 349 1147 391 21

117 453 158 495 set
168 443 253 494 fumat
264 451 357 510 raptus
368 457 425 492 non
438 437 514 492 tardo
527 457 606 492 cursu
618 459 708 512 prope.
717 440 855 495 flumina·
871 445 907 498 At
918 463 1043 516 quorsum
1054 445 1153 502 deseri.

112 525 164 593 ptio
177 522 239 592 equi
252 521 344 572 Martis
358 521 410 570 nisi
422 519 540 589 aliquam
549 519 705 572 relationem
718 519 817 574 habeat
829 522 862 576 ad
874 542 970 595 equum
982 524 1052 577 hunc
1064 528 1154 579 Domi·

7 635 8 638 =
113 604 191 654 tiani?
203 613 275 654 certe
287 619 343 651 non
359 612 414 652 tam
426 599 516 671 inepte
529 603 629 652 otiosus
643 602 737 654 fuisset
749 603 846 654 Statius
859 617 888 656 ut
902 622 998 675 equum
1009 609 1101 659 Martis
1114 621 1155 660 tot

112 681 193 734 verbis
206 677 381 745 describeret,
397 679 449 731 nisi
464 692 492 730 ut
504 697 563 731 eum
576 694 744 752 compararet
756 701 816 733 cum
829 701 897 752 equo
910 687 1093 755 imperatoris·r
1104 689 1155 739 nisi

112 775 138 811 at
146 763 174 812 in
186 759 271 831 priori
282 760 420 810 sententie
430 758 548 810 membro
557 760 724 833 mopuitudo,
737 763 773 812 ita
784 763 811 812 in
824 763 965 832 posteriori
977 764 1096 824 velocitas
1105 766 1154 817 hu-

110 843 149 911 jus
165 841 229 911 equi
243 841 379 904 innuatur,
392 851 419 889 et
432 857 495 889 cnm
509 838 642 891 velocitate
657 842 719 912 equi
733 841 824 894 Martis
839 855 1017 914 comparetur.
1030 845 1083 896 Cur
1100 863 1154 896 non

7 931 8 948 ³
112 919 199 970 itidem
210 918 352 987 descripsit
364 917 504 990 Strymona
515 915 567 970 hoc
580 917 657 970 loco?
669 939 743 990 seque
755 919 836 988 bene,
850 919 904 973 hoc
917 937 956 974 est
967 943 1041 994 aeque
1052 925 1155 996 inepte,

7 997 8 1018 ¹
112 1001 247 1070 potuisset.
265 998 424 1050 Risissemus
446 998 467 1049 si
486 997 582 1050 Statius
603 1001 769 1070 scripsisset:
787 1002 849 1052 Non
867 1000 982 1072 amplior
999 1003 1049 1054 luit
1064 1005 1156 1055 Martis

114 1095 211 1150 equus,
223 1089 248 1130 et
258 1096 311 1130 non
323 1076 485 1148 pascebatur
496 1076 597 1129 hordeo
610 1091 636 1130 et
649 1097 744 1146 arena,
759 1079 806 1130 sed
819 1079 956 1131 ambrosiae
968 1097 1063 1142 succo;
1076 1095 1102 1132 et
1111 1080 1158 1132 ha-

7 1157 8 1212 }
115 1157 309 1227 bebatmagnas
321 1155 434 1226 ungulas
443 1167 471 1207 et
482 1155 589 1226 longam
602 1154 729 1209 caudam:
743 1159 902 1224 risissemus,
916 1159 1038 1230 inquam,
1052 1173 1077 1211 et
1090 1179 1158 1232 quae·

116 1239 250 1304 summus,
263 1235 330 1308 qnid
344 1235 398 1288 hoc
412 1233 447 1286 ad
461 1254 559 1307 equum
578 1235 738 1287 Domitiani?
755 1238 836 1307 Atqui
849 1237 914 1304 ista,
934 1256 1006 1290 «nec
1020 1238 1096 1290 tardo
1113 1257 1156 1290 ra-

115 1331 194 1386 ptusp·
203 1331 265 1382 etc,
274 1335 351 1388 aeque
358 1318 448 1386 inepta
457 1326 518 1367 sunt
528 1315 578 1366 nisi
585 1314 619 1366 ad
629 1328 769 1387 utrumque
779 1334 876 1388 equum
884 1317 1040 1370 referantur.
1051 1319 1156 1372 Maneat

117 1398 198 1466 itaque
211 1397 380 1466 comparatio
393 1396 421 1445 in
436 1406 547 1466 utraque
561 1395 694 1445 sententiae
706 1407 796 1466 parte,
810 1413 863 1446 non
876 1395 992 1469 amplior
1000 1398 1051 1449 luit
1064 1399 1157 1450 Martis

118 1493 203 1546 equus,
213 1473 399 1526 necueloeior:
407 1484 434 1524 et
440 1472 500 1524 ride
507 1471 557 1524 hos
566 1471 662 1525 similes
669 1485 807 1544 poetarum
814 1474 898 1527 locos.
909 1478 1018 1542 Noster,
1026 1474 1154 1528 Thebaid.

118 1555 182 1620 Vnt,
193 1553 259 1620 ioli,
271 1567 297 1605 et
306 1554 357 1618 tx,
369 1549 421 1617 435
428 1573 436 1612 ς
448 1549 590 1618 Silvarum,
599 1553 648 1616 111,
665 1569 687 1618 1,
696 1571 721 1602 v.
735 1553 798 1612 1303
811 1551 934 1604 Sidonius
942 1554 1058 1624 Apollin.
1069 1557 1155 1607 Carm.

118 1633 147 1698 V,
161 1649 207 1703 ¹9⁰
221 1647 248 1684 ct
260 1633 328 1702 449;
350 1629 526 1697 Claudianus,
544 1629 577 1682 de
591 1632 668 1701 Rapt.
683 1631 804 1702 Proserp.
822 1633 857 1696 Π,
874 1631 939 1695 2383
957 1633 1157 1699 Avienus,1)e-

119 1714 204 1784 script.
216 1713 282 1764 Orb.
291 1731 316 1764 v.
330 1710 415 1780 117&
426 1711 539 1776 Seneca,
549 1709 708 1782 Hippolyto,
719 1727 744 1761 v.
759 1726 841 1780 1009;
852 1709 1028 1778 Claudianus,
1039 1711 1072 1763 de
1084 1712 1157 1763 Bello

118 1793 173 1846 Ger.
184 1812 209 1842 r,
221 1792 431 1857 6013Lucanns,
445 1789 494 1856 tx,
508 1789 566 1861 798.
580 1792 609 1841 ln
622 1789 746 1841 omuibus
758 1788 830 1842 bisce
845 1788 911 1840 loeis
922 1789 995 1842 vides
1007 1790 1073 1846 duas
1085 1809 1158 1843 com·

118 1873 266 1942 parationes
271 1893 281 1932 ,-
293 1873 355 1924 etin
367 1871 452 1942 priori
461 1871 595 1920 sententiae
606 1883 680 1940 parte
693 1887 761 1935 non,
773 1871 801 1920 in
812 1870 954 1939 posteriori
966 1888 1026 1938 nec,
1039 1888 1095 1940 quae
1108 1889 1158 1923 vox

19 1951 25 1966 ¹
119 1945 296 2004 transitionem
306 1951 339 2004 ab
351 1969 406 2001 una
418 1948 453 2000 ad
464 1949 573 2001 alteram
582 1948 705 2012 denotat,
718 1962 744 2000 et
756 1948 809 2000 duo
822 1961 975 2020 comparata
985 1968 999 2001 a
1010 1952 1158 2003 seinvicem

121 2029 247 2101 disjunp't.
260 2033 300 2084 lta
310 2033 391 2083 etiam
402 2028 459 2080 lieri
472 2030 591 2098 oportuit
602 2026 655 2080 hoc
668 2028 741 2080 Statii
756 2027 830 2091 loco;
845 2047 897 2082 uon
910 2028 1025 2102 amplior
1035 2043 1074 2082 est
1087 2033 1157 2082 Mar·

122 2113 150 2164 tis
160 2129 255 2182 equus,
266 2129 313 2176 uec
324 2121 398 2162 tanto
410 2126 490 2160 cursu
502 2121 608 2180 raptus,
619 2126 667 2160 sen
679 2107 797 2162 velocior.
816 2131 827 2155 ι
839 2115 887 2173 At,
897 2110 983 2181 inquit
994 2110 1156 2174 Gronovius,

121 2209 212 2262 equum
228 2192 372 2242 Bistonium
390 2207 445 2240 non
462 2189 499 2240 sic
512 2189 633 2254 currere,
649 2206 703 2240 non
717 2201 772 2240 tum
785 2187 878 2261 rapide
894 2193 1060 2260 promoveri,
1077 2207 1156 2261 quam

121 2287 212 2339 equum
225 2271 251 2322 in
261 2291 311 2323 tere
322 2268 365 2322 vel
381 2265 532 2334 coloribus,
546 2269 643 2320 Statius
655 2281 684 2319 ut
696 2265 779 2335 dicat,
794 2286 850 2322 cras
863 2267 970 2320 credam
981 2269 1061 2336 forte,
1076 2267 1156 2321 hodie

120 2348 210 2400 nibil.-
228 2353 262 2404 At
279 2369 363 2424 quare
379 2349 455 2402 non?
473 2365 562 2400 nonne
578 2349 610 2400 in.
622 2347 731 2404 infinitis
745 2350 863 2405 omnium
876 2361 1015 2420 poetarum
1028 2349 1094 2401 locis
1105 2367 1157 2404 oera
1217 2413 1222 2423 .

121 2441 144 2480 et
152 2429 222 2504 sique
234 2443 261 2484 et
274 2428 372 2484 colores
383 2428 469 2480 viuere
480 2441 507 2480 et
517 2426 614 2498 spirare
625 2425 759 2494 dicuntur,
773 2429 835 2502 qnia
851 2431 999 2500 exprimunt
1013 2441 1039 2480 ct
1049 2430 1157 2480 imitan-

7 2507 8 2520 ’
119 2519 158 2560 tur
172 2511 298 2575 meeum,
316 2522 344 2561 et
363 2507 483 2561 videntur
499 2508 601 2559 vivere?
617 2519 712 2558 uotum
730 2505 801 2559 istud
817 2508 920 2579 Virgilii
936 2507 1038 2561 AEneid.
1051 2507 1096 2561 lib.
1107 2509 1159 2575 Vl,

7 2597 9 2672 ἑ
119 2603 155 2639 ss.
167 2590 231 2658 847:

297 2659 418 2706 &endem
427 2657 465 2705 alii
474 2658 583 2722 spirantia
593 2657 684 2706 mollius
694 2675 738 2704 aera
744 2693 752 2717 ,

301 2730 377 2790 (Cedo
386 2731 507 2793 equidem)
517 2731 581 2777 rivos
589 2729 676 2778 ducent
684 2731 713 2776 dc
723 2745 836 2778 marmore
846 2729 931 2778 vultus.

7 2793 8 2800 l
118 2825 174 2894 (lta
182 2825 324 2896 legendum
333 2846 379 2897 pro
390 2829 481 2894 Credo,
492 2827 556 2880 alias
564 2825 709 2900 probabo),
716 2841 743 2880 et
749 2826 863 2882 Martial.
870 2827 959 2900 Epigr.
967 2828 1015 2891 ΙΙΙ,
1022 2825 1065 2891 41.
1075 2825 1157 2890 Nota,

117 2908 244 2977 inquam,
256 2919 320 2960 sunt
330 2904 383 2958 bac
392 2921 416 2960 et
425 2907 535 2973 similia,
548 2921 574 2959 et
586 2909 662 2960 nimis
675 2910 753 2960 otiosi
765 2921 834 2961 esset
844 2907 969 2978 probare.
983 2903 1036 2955 Cur
1050 2919 1105 2954 non
1116 2919 1158 2953 eo-

117 2983 176 3038 dem
185 2990 247 3058 jure
256 3005 358 3039 currere
365 2987 465 3042 dicatur
475 2990 538 3059 equi
548 3001 634 3040 statua
646 2986 748 3040 ahenea
760 3007 818 3058 (pre
828 2998 978 3039 currentem
988 2983 1122 3053 exprimit,
1132 2993 1159 3033 et

116 3067 218 3119 ridetur
226 3069 349 3120 currere?
360 3068 432 3122 lstnd
444 3069 514 3120 enim
524 3068 739 3138 videtursemper
748 3067 901 3136 intelligitur
914 3065 942 3114 in
954 3060 1076 3114 omnibus
1088 3066 1159 3133 ejus-

116 3146 185 3199 modi
197 3147 428 3219 descriptionibus.
441 3150 511 3218 Lege
523 3148 604 3201 modo
613 3147 670 3200 haec
683 3167 714 3199 ex
725 3145 855 3198 Thebaid.
868 3148 912 3210 IV,
927 3143 986 3210 131,
999 3143 1044 3196 ubi
1055 3143 1158 3217 Hippo·

116 3227 246 3281 medontis
257 3227 359 3300 clipeus
368 3229 540 3292 describitur;
550 3228 623 3282 sides
633 3228 677 3280 hic
688 3241 795 3280 noctem
805 3225 877 3278 illam
886 3225 1062 3276 facinorosam
1071 3224 1159 3278 Danai

115 3305 147 3358 ad
159 3311 247 3361 sirum
263 3327 412 3379 expressam
426 3328 498 3376 esse,
513 3311 596 3363 uivere
610 3313 636 3361 in
649 3327 727 3372 auro;
741 3310 833 3362 ardent
845 3305 965 3372 thalami,
980 3303 1072 3360 laudat
1083 3319 1158 3375 pater

114 3387 198 3454 neias,
215 3401 245 3440 et
258 3405 334 3442 enses
352 3389 469 3460 inspicit;
485 3391 575 3440 omniu
593 3389 621 3439 in
636 3406 709 3440 auro.
724 3387 805 3456 Quod
820 3389 842 3440 si
858 3386 914 3438 haec
930 3385 987 3437 lieri
1004 3397 1115 3456 possunt
1129 3385 1156 3436 iu

113 3482 186 3531 caro,
198 3485 249 3518 cur
265 3484 322 3519 non
342 3485 426 3539 equus
443 3482 535 3520 currat
550 3468 577 3518 in
594 3467 659 3519 oere?
675 3467 744 3539 Lege
763 3467 969 3539 descriptionem
982 3467 1061 3517 vestis
1079 3482 1158 3536 quam

113 3541 198 3596 Cereri
210 3545 318 3598 texebat
328 3548 498 3620 Proserpina,
514 3544 587 3619 apud
596 3545 771 3600 Claudianum
782 3547 815 3599 sle
824 3549 901 3618 Rapt.
913 3537 1077 3614 Proserpi,
1091 3543 1158 3612 259,

113 3621 172 3690 abi,
182 3641 243 3696 post
254 3625 320 3692 elia,
332 3623 388 3677 baec
399 3625 500 3680 babes:
516 3625 692 3678 ⁸...sssiduo
705 3627 828 3678 sitiebant
840 3627 951 3678 stamina
964 3623 1036 3678 sole:
1048 3647 1059 3671 ι
1074 3621 1158 3676 audu-

113 3714 167 3754 ctar
178 3723 255 3773 sane,
267 3707 383 3759 stamina
393 3708 485 3760 sitiunt
497 3708 525 3758 in
537 3704 597 3758 tela.
610 3705 661 3758 Sed
671 3709 771 3779 pergit,

294 3801 385 3850 Vitales
394 3806 504 3868 utrinqne
514 3804 585 3862 dues,
594 3819 652 3868 quas
661 3805 721 3850 mitis
731 3805 823 3851 oberrat

296 3876 434 3936 Temperies
443 3875 567 3924 habitanda
578 3877 640 3923 viris.
650 3877 710 3922 'l'um
720 3876 766 3922 fine
775 3891 886 3938 supremo

285 3947 429 4010 'Torpentes
438 3949 507 3995 traxit
515 3949 629 4010 geminas,
639 3947 768 4010 brumaque
777 3947 874 4010 perenni

298 4015 394 4075 rems,
405 4029 429 4064 et
437 4031 526 4066 eterno
535 4019 655 4066 contristat
662 4017 749 4079 frigore
758 4017 823 4067 telas.
