2858 4492
187 307 250 374 268
381 307 516 394 NOTAE
540 308 586 369 IN
613 307 812 371 CARMEN
837 306 1035 370 SEXTUM

185 431 261 496 dicit,
276 429 368 482 aldeis
381 429 592 492 Gemblacensis;
608 443 633 481 et
647 430 745 481 invicta
759 428 890 480 devictum
905 443 989 482 morte
1004 432 1142 484 Catonem.
1154 457 1164 478 ι
1182 435 1230 486 Ut-

185 533 289 586 cunque
302 512 352 564 sibi
363 511 529 564 contradicat
540 510 663 582 Scaliger,
675 530 710 562 ne
721 509 826 562 dubites
839 512 904 582 quin
916 508 1105 582 elegantissimi
1118 517 1231 587 scripto-

185 594 220 642 ris
233 593 279 657 sit,
292 614 304 637 ι
315 603 341 642 et
352 590 433 641 iovite
444 587 575 640 devictum
588 601 673 640 morte
686 589 822 640 Catonem.
833 611 845 635 ι
859 589 913 657 Qui
924 587 1064 642 historiam
1075 591 1141 644 lethi
1152 594 1230 646 Cato·

184 672 225 722 nis
241 668 376 740 legerunt,
393 666 471 719 facile
487 666 635 738 intelligent
652 685 733 738 quare
747 667 830 718 invita
843 668 931 718 Morte
943 667 1058 721 devictus
1070 667 1114 721 ille
1125 669 1230 722 dicitur.

184 751 291 814 Noster,
302 745 430 800 Thebaid.
445 747 483 809 X,
498 747 564 813 809,
578 743 624 797 ubi
639 758 722 796 mater
732 745 861 796 Menoecei
874 747 1004 816 queritur,
1019 768 1030 792 ι
1041 761 1135 818 sponte
1146 767 1179 800 en
1191 749 1231 801 ul-

184 845 279 899 troque
291 839 444 899 peremptus
455 826 583 895 irrumpis
595 837 715 890 moestas,
729 825 791 874 fatis
803 821 970 891 nolentibus,
982 826 1103 888 umbras;
1115 851 1125 874 ι
1141 827 1231 880 nolen-

186 911 251 962 tibus
261 909 342 980 satis,
359 909 442 978 «quia
455 919 515 958 ante
528 904 598 956 diem
609 906 721 976 periit;·
742 917 773 956 ut
788 903 857 956 hene
872 907 993 956 Lutatius
1007 904 1169 960 scholiastes.
1192 911 1232 962 its

184 987 316 1053 Canthus,
331 984 403 1058 apud
417 982 505 1035 Valer.
518 983 605 1035 Flacc.
619 986 665 1045 vt,
681 983 742 1052 3¹7,
759 981 811 1034 tela
825 984 894 1052 rapit
905 982 939 1034 ab
952 973 1040 1054 Argus
1053 987 1127 1038 navis
1141 988 1233 1040 carim

185 1069 281 1134 invita,
294 1069 356 1139 quia
368 1083 404 1118 sc.
419 1067 489 1135 Argo
506 1065 622 1116 latorum
633 1065 742 1133 praescia
754 1063 828 1114 novit
840 1062 915 1116 illum
927 1067 1075 1134 periturum
1087 1085 1158 1128 esse;
1170 1067 1231 1120 ideo

185 1150 267 1200 invita
276 1146 466 1200 administravit
475 1143 513 1196 illi
524 1143 590 1206 tela;
602 1144 694 1196 Manil.
705 1145 738 1209 V,
753 1143 865 1215 aglebas
876 1145 944 1196 inter
953 1143 1117 1216 deprendere
1126 1165 1232 1218 gamm,

184 1229 345 1297 invitamque
354 1244 424 1277 noro
437 1223 543 1277 tandem
554 1223 701 1296 producere
715 1223 787 1275 celo.
800 1247 811 1270 1
828 1225 883 1290 lta,
900 1244 992 1277 «mors
1003 1229 1094 1295 juveni
1110 1227 1232 1280 occidere

185 1305 340 1360 adversante
350 1317 377 1358 et
386 1315 552 1375 repugnante
563 1303 702 1369 Natura,·
719 1299 818 1353 alicubi
829 1300 902 1372 apud
911 1295 1012 1356 Cic.‘de
1025 1304 1177 1371 Senectute,
1190 1305 1233 1357 di-

185 1388 260 1439 citur.
274 1388 323 1438 Pro
338 1404 387 1460 que
401 1383 523 1457 amplexa
538 1383 608 1436 edidi
622 1381 772 1454 complue,-
790 1401 869 1455 supra
887 1387 977 1438 notavi
991 1383 1026 1437 de
1041 1404 1076 1457 qu
1092 1404 1142 1457 pro
1156 1405 1184 1452 c,
1202 1401 1232 1440 et

170 1469 242 1519 Ι1100
256 1484 344 1529 versa,
364 1467 399 1516 ita
416 1463 488 1537 apud
503 1462 596 1516 Manil.
609 1463 642 1530 V,
657 1485 669 1509 ι
678 1463 809 1515 Maximus
822 1463 920 1530 Orion,
936 1483 1059 1535 inagnum
1074 1464 1231 1537 complexus

185 1545 362 1618 Olympum»
376 1563 425 1617 pro
437 1543 587 1615 complexus
599 1541 713 1613 optimus
723 1540 921 1596 Gemblacensis
934 1541 1074 1616 habetque
1085 1544 1230 1616 amplexus.

221 1745 263 1795 80.
282 1743 344 1794 Jam
359 1743 437 1798 litora
449 1745 509 1797 duri
519 1745 605 1809 Soeva,
620 1741 736 1810 Philete,
750 1744 828 1809 senis,
840 1743 987 1814 durumque
999 1741 1146 1796 Acheronta
1159 1743 1231 1794 vide-

187 1825 243 1890 bas,
262 1825 319 1893 Quo
333 1824 435 1876 domini
447 1824 578 1877 clamante
592 1828 674 1876 suno!
689 1825 751 1875 Non
765 1823 828 1874 ierri
844 1835 933 1894 potest
946 1824 1004 1874 duri
1020 1825 1085 1876 serris
1100 1836 1127 1875 et
1144 1826 1232 1875 statim

185 1901 277 1953 durum
290 1901 453 1964 Acheronta,·
465 1903 537 1975 lege,
554 1926 565 1951 1
572 1907 627 1975 jem
641 1903 720 1955 litora
733 1901 793 1954 duri
804 1901 891 1968 Saeva,
905 1900 1020 1969 Philete,
1034 1903 1117 1967 senis,
1131 1900 1233 1955 dirum-

187 1998 238 2050 que
249 1979 401 2035 Acheronta
411 1981 534 2046 videbas;
544 2006 556 2030 1
571 1982 630 2035 duri
638 1982 717 2051 reeb,
727 1997 756 2035 ut
768 1981 839 2056 apud
851 1982 991 2048 Senecam,
1003 1980 1101 2053 OEdip.
1113 2001 1151 2035 11.
1169 1983 1232 2049 166,

186 2057 220 2110 de
234 2057 383 2113 Charonte:

373 2223 376 2232 Ι
402 2160 494 2223 Quique
504 2161 583 2222 capaci
594 2161 685 2206 turbida
695 2161 775 2225 cymba

349 2245 353 2254 ·
402 2229 507 2275 Flumina
517 2243 592 2276 serrat
601 2231 673 2278 durus
683 2232 746 2278 senio

402 2300 483 2345 Navita
492 2301 574 2346 crudo.

187 2395 299 2447 Hercule
311 2410 398 2448 tamen
411 2400 539 2462 Furente,
552 2419 576 2450 1.
589 2417 653 2470 771:
670 2398 765 2452 aditus
778 2398 905 2452 exclamat
919 2397 1042 2464 Charon,
1057 2400 1118 2467 Quo
1130 2401 1232 2470 pergis,

188 2474 311 2527 audui-
326 2477 468 2548 Apuleius,
480 2477 593 2551 Apolog.
609 2502 620 2525 ι
632 2481 713 2550 igitur
726 2492 886 2551 agnomcnta
897 2481 920 2531 ei
932 2477 987 2531 duo
999 2478 1095 2540 inditn;
1110 2479 1234 2544 Charon,

189 2569 218 2607 ut
226 2556 281 2623 jam
292 2554 359 2622 dixi,
372 2557 407 2610 oh
420 2560 473 2610 oris
486 2572 511 2610 et
524 2560 605 2610 animi
616 2558 762 2624 diritatem
776 2558 823 2612 sed
833 2559 958 2624 alterum,
971 2559 1044 2632 quod
1055 2559 1180 2612 libentius
1189 2577 1234 2612 su·

187 2634 241 2700 dit,
254 2635 289 2687 ob
301 2638 419 2689 Deorum
432 2652 628 2710 contemptum,
640 2640 814 2691 Mezentius·
828 2642 934 2692 Utrovis
946 2637 1027 2690 modo
1039 2652 1110 2694 recte
1121 2639 1172 2691 dici
1184 2656 1233 2710 po-

189 2727 257 2766 test:
278 2715 341 2767 mihi
361 2730 448 2768 tamen
468 2720 550 2789 magis
566 2717 653 2790 placet
669 2718 729 2770 duri
745 2719 823 2783 senis,
840 2720 901 2791 quin
918 2719 1003 2770 dirum
1021 2733 1061 2772 est
1076 2731 1234 2790 perpetuum

189 2793 347 2848 Acherontis
357 2793 504 2868 epitheton.
519 2797 584 2850 Dira
595 2789 734 2848 Furiarum
746 2797 818 2865 loca,
829 2797 922 2850 Seuec.
935 2801 1012 2850 Herc.
1025 2800 1087 2850 Fur.
1099 2817 1138 2851 vs.
1154 2815 1234 2859 taat;

190 2873 351 2928 Charontem
366 2878 482 2929 navitam
498 2879 593 2930 tristem
608 2889 685 2929 vocat
698 2875 789 2946 Virgii.
806 2877 907 2929 AEneid.
924 2878 972 2944 vt,
987 2879 1051 2939 315;
1066 2889 1159 2929 tetrum
1170 2897 1236 2950 por-

190 2955 291 3023 thmea,
301 2958 395 3010 Juven.
405 2959 453 3024 Ill,
465 2957 528 3020 266;
540 2969 639 3010 torvum
649 2975 749 3023 senem,
760 2959 880 3030 Propert.
891 2959 939 3023 ΙΙΙ,
955 2957 997 3010 18:
1009 2955 1129 3009 hocvero
1139 2958 1237 3010 11111111-

191 3054 247 3087 rum
262 3039 351 3108 potius
363 3057 441 3110 quam
456 3037 540 3090 dinem
552 3057 652 3091 senem.
665 3039 709 3090 He
722 3051 812 3090 autern
824 3055 903 3090 voces
914 3039 994 3090 durus
1006 3051 1031 3091 et
1041 3038 1110 3090 dirus
1121 3039 1147 3088 in
1160 3037 1235 3091 MSS.

190 3129 319 3186 perpetuo
330 3117 544 3183 confunduntur,
557 3117 616 3170 vide
626 3118 773 3170 Bentleium
784 3115 818 3170 ad
829 3119 919 3168 Horat.
931 3135 1009 3170 carm.
1019 3119 1056 3182 ΙΙ,
1069 3135 1098 3169 ta
1105 3155 1115 3183 ,
1127 3134 1154 3179 23
1166 3118 1235 3170 Dre-

190 3191 335 3249 lxenhorcb.
349 3197 383 3250 ad
394 3198 438 3251 Sil.
450 3199 534 3250 italic.
549 3199 619 3264 XIV,
635 3199 698 3265 116,
709 3197 755 3250 11111
767 3197 823 3251 diro
834 3198 997 3272 Lustryqone
1008 3197 1089 3251 edidit
1099 3217 1149 3270 pro
1160 3198 1234 3252 dum.

191 3271 288 3324 Contra
303 3275 362 3326 duri
375 3276 442 3329 Ditis
455 3297 501 3330 seu
515 3278 633 3330 Plutonis
648 3277 721 3349 apud
735 3277 826 3350 Virgil.
842 3277 944 3330 AEneid.
959 3279 1020 3344 Xll,
1037 3295 1098 3349 199,
1113 3281 1151 3330 uti
1163 3291 1238 3331 recte

192 3371 223 3404 cx
232 3353 376 3408 Codicibus
385 3359 498 3424 Pierius,
507 3377 557 3428 pro
567 3359 626 3410 din'.
638 3361 769 3432 Sequitur,
785 3363 865 3430 «Quo
874 3360 982 3412 Domini
992 3360 1123 3412 clamante
1132 3366 1213 3414 sono!
1223 3385 1234 3406 ι

193 3451 308 3504 proquo
322 3435 390 3488 bene
408 3437 556 3490 Gronovius
576 3458 607 3490 ex
625 3437 731 3493 duobus
746 3441 890 3494 Codicibus
904 3439 1015 3492 clamate
1019 3464 1029 3502 ,·
1041 3443 1077 3492 ita
1091 3439 1176 3492 Theb.
1187 3443 1238 3507 tx,

193 3509 259 3578 4761
277 3514 375 3564 aUnde
389 3513 457 3580 heo,
471 3517 586 3580 lemene,
600 3531 711 3588 repente
725 3522 765 3571 iro
778 3520 844 3572 tibi?
858 3538 943 3590 quove
958 3519 1006 3573 has
1020 3521 1122 3574 traxisti
1134 3523 1238 3592 gurgite

192 3591 259 3641 vires
275 3591 376 3645 imbelli
392 3592 516 3645 famulate
532 3596 628 3648 Deo?·
643 3597 690 3649 ubi
707 3602 765 3671 pari
781 3618 869 3651 errore
882 3602 908 3651 in
924 3600 1058 3654 nonnullis
1074 3599 1239 3653 editionibus

192 3665 288 3738 legitur
292 3669 454 3740 famulante.
467 3672 596 3727 Thebaid.
610 3679 658 3742 ΙΙΙ,
673 3695 735 3730 aot:

565 3828 570 3837 .
582 3828 587 3838 .
599 3829 603 3838 .
614 3829 619 3839 .
629 3811 672 3842 nec
680 3795 745 3858 qnod
754 3807 789 3852 tr,
800 3793 876 3850 Delia,
887 3809 963 3843 castos

380 3858 513 3922 i'rolapsuru
522 3862 552 3909 etl
561 3863 637 3912 lentes
647 3865 739 3930 speeuh
749 3877 861 3912 temerare
871 3867 969 3928 prolana

379 3929 430 3976 lieu
438 3929 559 3978 dominum
569 3933 642 3981 insani
653 3952 700 3984 non
710 3951 825 3996 agnovere
834 3935 943 3992 Molossi,

381 4003 489 4051 ltcilrrinx
500 4009 584 4070 inagis:
