2776 4484
169 315 229 378 108
344 313 479 378 NOTAE
503 313 553 376 IN
577 313 773 378 CARMEN
796 317 1025 384 TERTIUM

161 437 224 507 legit
235 436 345 491 Tollius.
358 439 480 510 Suscepto
491 436 560 488 idem
574 448 614 488 est
628 437 700 508 quud
713 456 845 510 mspensa,
859 439 988 511 suffulta,
1004 455 1034 495 ut
1050 444 1084 497 ed
1100 446 1208 502 Seneca

161 519 242 590 Epist.
254 518 313 586 XC,
326 519 426 588 optime
437 517 517 570 docet
527 517 687 572 Gronovius.

195 633 238 702 45.
258 635 364 707 Quaque
378 635 529 707 vaponseris
534 637 646 706 junctis,
663 649 713 687 etc.
728 635 811 707 Lege,
827 636 930 708 Quique
941 641 1107 712 vaporiferis,
1123 645 1207 698 scilic.

159 715 260 766 amnis.-
274 713 327 767 boc
339 713 457 785 postulat
468 734 569 768 sensus.
581 716 750 786 Constructio
766 727 818 780 est,
836 733 870 766 un
886 713 972 768 dicam
989 719 1079 788 ignem
1094 723 1210 795 imposi-

159 807 214 845 tum
226 795 291 865 ripis
305 794 465 865 algentibus,
478 813 648 867 amnemque,
661 797 707 867 qui
718 795 801 846 amnis
806 797 914 867 junctus
927 797 1209 871 vapon'ferisfornaci-

159 873 202 927 bus
212 874 277 928 ridet
286 876 428 948 nymphas,
440 888 491 927 etc.
502 877 551 926 Per
559 894 663 928 amnem
674 874 795 946 intelligit
807 876 950 941 Anienem,
960 877 988 928 in
999 881 1077 949 qu'us
1086 883 1209 952 margine

157 953 254 1008 balnea
265 968 426 1008 exstruxerat
436 957 583 1027 Vopiscus,
598 955 633 1008 ad
645 975 718 1029 aquae
731 953 962 1019 commoditatem,
978 976 1035 1028 quse
1046 957 1208 1014 balneorum

158 1034 250 1087 usibus
261 1036 408 1088 inserviret.
417 1035 576 1106 Hujusmodi
587 1035 744 1088 balneorum
754 1053 823 1106 saepe
835 1036 861 1086 in
874 1033 915 1086 his
927 1033 1001 1088 Silvis
1013 1041 1122 1091 mentio.
1136 1041 1209 1093 Dicit

158 1115 270 1183 Statius,
287 1118 428 1183 Anienem,
441 1119 468 1168 in
485 1119 561 1187 cujus
577 1119 641 1188 ripis
654 1118 757 1168 fumant
768 1115 877 1182 balnea,
893 1115 978 1168 ridere
993 1118 1123 1190 nymphas
1136 1119 1208 1192 (hoc

157 1207 198 1246 est
208 1213 288 1267 squas
298 1194 452 1267 balneares)
463 1195 633 1264 anhelantes,
644 1199 671 1248 in
683 1194 779 1248 balneo
792 1208 871 1266 puts,
885 1212 966 1266 quum
978 1208 1066 1248 umen
1079 1212 1132 1250 tum
1144 1199 1208 1253 rici·

157 1293 221 1325 num
233 1277 266 1326 sit
280 1276 343 1346 ipsis
356 1274 473 1346 gelidum
487 1275 602 1342 flumen,
617 1289 646 1328 ut
660 1276 728 1327 bene
741 1273 855 1346 explicat
868 1274 1025 1329 Gronovius.
1043 1277 1158 1350 Quique,
1174 1291 1207 1330 ut

157 1351 217 1404 Silv.
233 1353 283 1419 ΙΙΙ,
297 1353 328 1418 3,
340 1374 364 1406 v.
384 1369 446 1424 190,
463 1367 489 1406 et
504 1356 537 1422 V,
554 1356 584 1422 3,
598 1374 622 1408 v.
642 1355 699 1425 ¹93·
714 1385 750 1394 -
760 1353 839 1406 Ridet
853 1353 963 1425 frigidus
977 1355 1045 1409 Anio
1059 1355 1206 1428 nymphas,

157 1451 238 1504 quum
253 1453 297 1487 eas
311 1434 382 1487 videt
397 1437 425 1487 in
439 1454 487 1488 sua
502 1437 599 1488 vicinia
615 1433 740 1488 anhelare
757 1447 784 1487 et
797 1447 861 1487 aestu
877 1433 1006 1487 laborare.
1023 1436 1107 1504 Nam,
1122 1450 1155 1488 ut
1172 1456 1206 1490 ex

156 1513 296 1584 proverbio
307 1517 445 1568 Petronius
456 1518 492 1567 ait
502 1518 531 1569 in
543 1518 690 1588 fragmento
703 1535 730 1588 p.
744 1517 810 1581 683,
823 1515 1028 1592 Bnrmflumine
1039 1517 1124 1569 vicino
1135 1516 1207 1570 stul-

157 1604 196 1646 tus
206 1594 268 1646 sitit.
281 1596 415 1665 QuaruN.
427 1598 549 1652 Heinsius
564 1599 659 1650 frustra
672 1593 841 1650 commendat
851 1597 1042 1648 correctionem
1053 1597 1140 1650 uicino
1149 1595 1206 1667 fri·

155 1691 231 1744 pore,-
248 1693 309 1726 nam
327 1696 405 1749 quem
421 1679 448 1730 in
463 1677 638 1744 Adversariis,
651 1698 678 1750 p.
697 1675 762 1744 548,
780 1674 900 1729 codicem
915 1679 1052 1748 antiquum
1066 1680 1207 1742 nominat,

158 1765 197 1804 est
209 1757 285 1826 cujus
297 1755 425 1808 lectiones
436 1759 463 1807 in
474 1756 595 1826 exemplo
607 1759 741 1809 Parmensi
751 1755 889 1826 adscriptas
900 1769 983 1808 erant.
995 1760 1052 1809 Nec
1063 1775 1123 1810 cum
1138 1757 1212 1807 Mar-

155 1830 254 1884 lrlando
266 1837 436 1886 mutaverim:
450 1837 599 1907 quique...
612 1837 711 1900 amnis,
725 1837 851 1908 quianon
865 1834 938 1887 aliud
950 1836 1061 1904 llumen,
1075 1835 1120 1890 sed
1134 1835 1207 1888 idem

157 1907 210 1962 alio
222 1911 283 1963 loco
297 1931 357 1963 cum
369 1911 471 1965 balneis
484 1917 656 1983 conjunctum
669 1913 835 1966 describitur.
855 1916 937 1966 lltsu.

192 2033 239 2100 50,
253 2033 295 2087 51.
318 2034 451 2108 Quidquid
461 2045 487 2086 et
497 2048 604 2108 asperto
613 2036 744 2108 primum,
760 2049 810 2088 ete.
824 2035 1044 2107 corruptissimus
1056 2040 1141 2094 locus.
1155 2043 1209 2092 To·

157 2129 198 2167 tus
212 2117 250 2166 sic
263 2113 360 2166 habet:

340 2196 458 2260 Quicquid
467 2209 491 2243 et
499 2209 596 2260 argento
605 2199 706 2260 primum
715 2197 753 2245 sel
762 2200 787 2244 in
795 2213 841 2244 sere
850 2197 955 2260 Myronis
1035 2206 1042 2212 ·

340 2269 416 2326 Lusit,
427 2280 451 2315 et
460 2284 567 2316 enormes
576 2284 657 2315 manus
666 2281 701 2316 est
711 2280 804 2332 experts
815 2267 924 2314 colossos.

155 2345 237 2416 Cujus
249 2349 411 2399 constructio
423 2345 480 2398 haec
494 2359 548 2399 est:
567 2359 615 2398 ret
628 2345 755 2418 quicquid
770 2347 883 2415 primunr
897 2360 992 2395 munus
1007 2345 1126 2413 Myronis
1140 2345 1207 2398 lusit

155 2441 266 2496 argento
279 2425 321 2478 rel
334 2429 361 2479 in
375 2445 434 2479 tere.
445 2450 456 2474 ι
473 2425 522 2478 Cui
535 2426 607 2478 bono
618 2425 688 2478 istud
700 2426 833 2497 primum?
847 2436 892 2474 aut
907 2440 959 2493 qua
971 2422 1081 2472 notione
1093 2439 1205 2474 sumen·

155 2504 219 2557 dum
232 2507 289 2558 est?
300 2506 326 2558 Si
336 2508 405 2559 enirn
414 2507 529 2579 primum
542 2508 656 2577 accipias
669 2505 702 2557 de
715 2505 841 2577 temporis
853 2501 963 2567 ordine,
974 2499 1027 2552 hoc
1039 2502 1205 2556 incommodi

156 2597 291 2655 sequetur,
305 2586 378 2657 quod
386 2587 470 2657 prima
483 2583 613 2637 artificum
624 2603 706 2656 opera
715 2583 942 2656 imperfectissima
955 2594 1030 2633 sunt:
1045 2593 1074 2632 ut
1086 2579 1205 2634 absurde

155 2666 247 2716 fecerit
256 2664 367 2733 Statius,
380 2670 401 2720 si
411 2668 555 2738 Vopiscum
568 2665 759 2719 commendarit
772 2683 843 2718 exeo
857 2662 929 2737 quod
941 2662 1089 2734 possederit
1098 2662 1202 2736 primu,

157 2743 229 2796 rudia
241 2760 268 2798 et
279 2747 434 2818 imperfecta
447 2764 601 2817 magnorum
615 2748 744 2800 artificum
757 2759 928 2800 tentamenta.
939 2745 966 2798 Si
979 2763 1040 2797 vero
1049 2761 1099 2816 pro
1109 2743 1205 2815 proeci-

153 2843 236 2898 puum
251 2845 336 2880 sumas
348 2825 376 2878 ri
389 2827 518 2899 primum,
535 2847 590 2882 non
604 2841 671 2901 puto
686 2843 758 2881 recte
772 2828 826 2881 dici
839 2845 919 2900 posse
930 2825 1046 2899 primum
1061 2841 1129 2895 opus
1145 2823 1205 2896 My·

155 2908 225 2958 ronis
236 2924 286 2977 pro
297 2908 473 2980 precipuum:
487 2927 567 2983 quum
578 2908 631 2962 hoc
642 2912 674 2962 sit
684 2911 857 2982 primarium,
869 2927 924 2960 non
934 2907 1058 2977 primum.
1067 2905 1126 2957 Scio
1139 2901 1204 2973 quid

156 3001 187 3034 ex
201 2985 325 3036 Terentio
340 3001 366 3039 et
380 2988 503 3042 Sallustio
518 2992 620 3062 opponi
634 2993 733 3062 possit;
753 3003 780 3042 et
792 2989 854 3042 ideo
868 2987 931 3039 huic
946 2983 1132 3056 significationi
1146 2999 1204 3034 non

156 3065 265 3119 ulterius
277 3071 447 3140 repugnabo,
460 3091 542 3144 quum
552 3075 659 3145 potiora
670 3085 823 3144 argumenta
836 3069 949 3122 habeam
962 3079 1055 3119 contra
1067 3062 1137 3117 istud
1147 3065 1203 3134 pri·

156 3165 238 3198 mum.
250 3146 354 3201 Dicitur
365 3153 447 3221 enim,
458 3172 551 3206 maures
563 3155 682 3225 Myronis
694 3154 758 3207 lusit
767 3161 882 3224 arpenta.
894 3148 977 3219 Atqui
989 3147 1083 3218 Myron
1096 3161 1150 3197 non
1162 3161 1204 3194 ar·

156 3241 252 3300 gento,
263 3229 310 3282 sed
321 3249 370 3283 ure
382 3231 494 3285 celebris
507 3234 565 3285 fuit.
578 3233 686 3300 Noster,
697 3231 758 3283 silv.
772 3231 816 3295 IV,
828 3246 909 3280 carm.
920 3228 952 3294 6,
964 3243 1031 3277 vers.
1046 3221 1094 3276 25:

342 3322 386 3367 llic
395 3321 438 3368 tihi
448 3339 499 3386 quae
509 3323 578 3370 docto
588 3321 684 3368 multum
694 3318 786 3383 vigilata
795 3319 887 3382 Myroni

342 3394 409 3439 AEra.
419 3429 425 3440 .
436 3429 441 3440 .
452 3429 457 3439 .

158 3473 214 3528 scil.
225 3474 382 3527 monstrubit.
396 3474 550 3538 Petronius,
563 3472 675 3525 Satirico
687 3489 746 3543 cup.
760 3472 810 3524 88:
828 3468 957 3538 «Myron,
974 3464 1021 3535 qui
1031 3479 1105 3533 prone
1115 3461 1203 3513 homi-

158 3573 222 3606 num
236 3555 335 3606 animas
349 3553 518 3622 ferarumque
531 3569 581 3602 aere
595 3549 847 3622 comprehenderat,
860 3563 915 3596 non
930 3545 1030 3596 invenit
1043 3540 1199 3594 heredem.»

158 3636 226 3706 Lege
238 3633 346 3686 animos.
358 3632 505 3697 Ausonius,
518 3633 606 3702 Epigr.
614 3632 707 3698 Lvflt,
718 3633 746 3682 in
758 3627 883 3682 buculam
894 3643 987 3679 aeream
998 3625 1130 3695 Myronis:

343 3717 427 3766 Buculs
436 3733 487 3765 sum
497 3718 554 3766 cislo
563 3719 673 3780 genitoris
682 3718 734 3765 licta
743 3717 847 3782 Myronis

345 3793 419 3837 AEres.

160 3877 199 3929 lta
208 3876 272 3947 legit
280 3875 389 3926 Vinctus
398 3891 448 3944 pro
455 3870 541 3942 secta.
551 3869 617 3923 Plin.
628 3871 696 3922 Hist.
706 3873 768 3923 Nat.
778 3868 899 3934 XXXIV,
910 3883 940 3931 α,
952 3863 986 3917 de
995 3883 1046 3916 aere
1056 3863 1201 3934 AEginetim

160 3970 186 4008 et
196 3955 303 4008 Deliaco
313 3977 318 4006 :
334 3977 345 4001 ι
355 3951 453 4025 illoque
463 3971 513 4003 ere
523 3953 617 4024 Myron
627 3969 691 4003 usus
701 3963 754 4017 cst,
762 3947 815 4001 hoc
824 3946 987 4020 Polycletus,
999 3943 1113 4016 aquales
1122 3955 1200 4012 etque

161 4034 343 4108 condiscipuli.
356 4059 367 4082 u
380 4032 485 4089 Culsrit
497 4029 602 4106 quidem
618 4044 755 4104 argentum
769 4031 877 4103 Myron,
889 4041 917 4079 ut
932 4046 962 4079 ex
974 4025 1084 4077 «liversis
1096 4021 1200 4074 Martis·
