2804 4490
135 313 141 322 ι
203 295 1235 332 Ἥ

528 509 798 607 CARMEN
829 510 910 606 IV.

663 766 772 784 *

383 949 589 1014 SOTERIA
612 947 805 1010 RUTlLll
828 947 1061 1014 GALLICL*

249 1255 371 1371 Esrrs,
385 1289 417 1354 io
429 1289 565 1379 Superi,
578 1310 640 1354 nec
652 1284 857 1354 inexorabile
868 1285 988 1355 Clotho

248 1397 359 1467 Volvit
370 1421 456 1492 opus
468 1423 474 1463 :
488 1396 578 1464 videt
587 1396 676 1464 alma
686 1399 761 1489 pios
772 1403 917 1478 Astraea,
931 1401 1071 1492 Jovique

247 1509 430 1579 Conciliato
441 1508 544 1591 redit;
558 1508 775 1604 dubitataque
788 1507 899 1576 sidera
911 1511 1016 1576 cernit

247 1619 406 1690 Gallicus.
419 1625 463 1688 Es
476 1619 573 1700 caelo,
586 1619 636 1686 dis
648 1643 700 1700 es,
712 1621 927 1703 Germanice,
941 1617 1049 1699 cordi;

104 1791 106 1798 ,
248 1736 330 1818 Quis
343 1731 607 1824 negetlerubuit
618 1746 712 1797 tanto
725 1727 868 1822 spoliare
880 1731 1036 1797 ministro
1226 1739 1242 1791 5

179 1823 182 1828 Ι
248 1846 432 1936 Imperium
443 1847 591 1910 Fortuna
602 1858 712 1909 tuum.
725 1843 796 1908 Stat
808 1842 1084 1933 proxima-cervix

246 1952 407 2021 Ponderis
418 1954 588 2034 immensi,
601 1949 832 2047 damnosaque
842 1951 899 2019 fila
911 1969 1055 2021 senectae

245 2065 363 2145 Exuit,
376 2078 476 2156 atque
488 2060 569 2129 alios
581 2060 701 2129 melior
712 2064 882 2130 revirescit
894 2065 930 2130 in
942 2085 1061 2130 annos.

246 2177 332 2263 Ergo
344 2170 487 2254 alacres,
501 2195 577 2266 quae
590 2176 684 2264 signa
696 2170 812 2240 colunt
824 2172 970 2255 urbana,
984 2171 1156 2254 cobortes,

246 2287 353 2377 Inque
365 2285 477 2349 sinum
489 2307 565 2378 quae
578 2307 666 2376 saepe
678 2299 775 2350 tuum
788 2283 859 2350 fora
871 2281 1006 2350 turbida
1017 2299 1139 2376 questu
1211 2315 1243 2349 ro

243 2392 449 2482 Confugiunt
459 2445 467 2475 ,
478 2391 652 2489 legesque,
668 2390 834 2487 urbesque
846 2390 1040 2486 ubicunque
1053 2407 1177 2483 togata

540 2602 656 2648 VARlAE
678 2599 897 2647 LECTIONES.

232 2713 242 2735 ’
259 2715 365 2766 Veteres
386 2713 445 2766 edd.
465 2729 492 2766 et
509 2715 693 2785 Gronoriana,
739 2719 789 2768 Pro
802 2718 852 2779 dis,
864 2716 946 2768 Gron.
959 2717 1023 2780 diis,
1037 2728 1067 2769 ut
1078 2715 1143 2768 God.
1155 2717 1237 2769 Paris.

196 2792 295 2846 Sotert'c
308 2811 355 2864 pro
371 2793 470 2845 Rutilio
487 2794 606 2860 Gallico,
628 2796 692 2850 God.
739 2795 787 2848 Ed.
800 2799 885 2868 princ.
894 2797 964 2852 dives
977 2798 1135 2850 Οεπηαηὶεο.
1150 2795 1237 2848 Aldin.

197 2877 276 2927 Puris.
294 2888 320 2926 et
338 2871 380 2926 ed.
401 2894 441 2946 pr.
458 2874 578 2927 inscribit
597 2877 694 2929 Rutilio
741 2877 898 2929 (tenuante.
918 2873 958 2928 A(

199 2955 311 3008 Gallico.
328 2955 360 3006 A.
778 2971 818 3006 ιο.
837 2956 940 3026 Questu.
957 2954 1000 3007 Sic
1014 2955 1079 3008 Cod.
1095 2957 1173 3007 Paris.
1190 2952 1236 3006 lld.

232 3036 257 3088 3.
278 3033 422 3087 Conciliato
430 3033 506 3086 cadit.
518 3037 622 3105 Optime
631 3035 694 3086 Bar·
739 3051 779 3103 pr.
791 3051 875 3086 suum.
890 3031 957 3084 Vide
968 3048 1024 3084 not.
1036 3037 1092 3085 crit.
1112 3037 1143 3085 A.

195 3112 266 3166 thius
286 3113 370 3165 redit.-
391 3109 458 3164 nibil
478 3115 577 3174 verius,
600 3126 694 3165 notum
777 3129 816 3162 rr.
837 3113 1240 3184 leqesque‚urbesque,ubicum-

195 3191 266 3245 istud
275 3190 389 3259 Virgilii,
400 3193 476 3242 «Jam
487 3191 556 3243 redit
567 3204 592 3242 et
600 3195 693 3262 Virgo,
737 3209 787 3262 que
799 3201 900 3264 τομαῖα.
917 3189 1030 3242 Vetustre
1042 3193 1135 3240 Venet.
1148 3191 1235 3242 Parm.

194 3269 306 3324 redeunt
324 3270 445 3322 Saturnia
467 3289 577 3354 requa-
598 3271 694 3322 Noster
738 3281 763 3318 et
771 3267 845 3318 Rom.
858 3268 982 3317 omittunt
991 3271 1175 3337 priusque,ut
1181 3270 1238 3338 J'am

196 3351 257 3405 silv.
267 3353 298 3413 V,
308 3367 338 3414 a,
343 3349 425 3419 pietas
433 3347 692 3416 reditffilaudianus,
737 3345 839 3397 videam
849 3346 1012 3397 verissimum
1022 3363 1078 3397 esse
1091 3345 1163 3418 quod
1174 3347 1238 3400 olim

195 3427 308 3482 debello
316 3425 421 3478 Gildon.
430 3445 454 3477 v.
463 3425 493 3491 4,
503 3426 645 3478 Concordia
656 3445 693 3477 re·
738 3423 1001 3496 suspicabar,nempe
1008 3443 1056 3496 pro
1065 3437 1237 3497 questuversu

194 3503 693 3579 ‹tic-calphurniusSiculonltclog.1,
737 3503 900 3576 praecedente
923 3502 1065 3574 legendum
1092 3523 1148 3557 esse
1173 3525 1237 3578 que-

194 3607 218 3638 v.
232 3586 275 3652 43,
290 3585 355 3637 redit
366 3582 469 3635 Themis
474 3605 484 3644 ,·
494 3581 655 3635 Claudianus
664 3584 692 3635 in
736 3595 821 3638 stum.-
836 3584 915 3634 nfora
926 3583 1033 3636 turbida
1044 3595 1162 3656 questum
1171 3603 1237 3638 con-

193 3663 331 3732 Rufinum,
343 3666 368 3730 l,
380 3659 423 3729 51,
438 3681 471 3712 en
485 3661 571 3731 proles
584 3665 693 3734 antiqua
737 3663 843 3732 fugiunt
860 3661 946 3732 leges,
963 3677 1012 3714 etc.
1026 3686 1037 3708 ι
1055 3663 1122 3736 leqes
1138 3682 1195 3736 quoe
1209 3665 1237 3714 in

145 3787 148 3798 ,
194 3739 692 3813 redit.Sequentiaimitaturdusonius,
736 3741 824 3794 sinum
845 3751 920 3792 titum
940 3743 1100 3815 confuyiunt
1121 3755 1237 3816 questum

194 3821 270 3896 ldyll.
282 3821 330 3885 33,
342 3818 381 3884 14.
393 3847 429 3856 -
440 3817 505 3869 Cod.
520 3819 576 3869 Per.
589 3817 638 3870 Ed.
650 3839 690 3890 pr.
736 3817 782 3889 (ut
798 3821 958 3892 querantur)
964 3821 1029 3892 fora
1048 3841 1104 3876 esse
1123 3821 1237 3890 turbida,

197 3918 223 3957 et
233 3899 293 3955 Ald.
305 3899 380 3952 eadit.
400 3898 433 3950 A.
738 3912 763 3952 et
773 3899 834 3952 ideo
844 3901 933 3952 locum
944 3915 970 3952 et
979 3900 1108 3954 bonorem
1118 3902 1169 3956 illis
1182 3918 1237 3952 non

230 3983 256 4048 4.
276 3979 309 4033 Er
324 3975 396 4030 coelo.
410 3975 476 4030 God.
489 3978 569 4030 Parit.
582 3988 608 4030 et
620 3976 692 4032 eoelo.
738 3998 803 4034 esse.
811 3981 933 4046 Tacitus,
943 3980 1039 4033 Annel.
1050 3979 1094 4033 lib.
1104 3983 1127 4048 l,
1136 3999 1194 4053 cap.
1205 3997 1235 4030 a:
