2784 4484
121 325 195 389 ‘28
232 331 239 350 '
345 323 481 389 NOTAE
505 325 554 387 ΙΝ
578 323 775 388 CARMEN
799 325 998 393 PRIMUM

150 477 187 488 -
199 449 279 500 Poeta
289 445 449 500 vocabulum
460 447 549 501 retulit
561 448 594 501 sd
606 448 709 518 vultus,
719 468 773 502 non
785 448 818 501 ud
828 451 915 520 ipsum
924 469 1030 522 equum.
1042 455 1111 507 Hinc
1121 473 1191 512 reete

150 529 255 599 scripsit
264 529 354 580 acrius.
367 527 427 580 Alia
439 539 479 581 est
489 529 556 580 ratio
567 529 594 580 iu
608 528 732 602 exemplis
746 528 886 582 Claudiani
897 543 923 582 et
934 530 1086 588 Thebaidos
1098 535 1191 591 allatis.

150 607 192 659 Sic
203 607 324 660 Gifsnius
337 619 408 660 reete
421 608 537 678 pretulit
548 610 576 661 in
589 609 664 660 Luor.
678 608 724 660 lib.
736 611 786 673 111,
797 627 862 662 vers.
877 626 928 678 ²90
940 633 947 663 ι
961 630 993 664 ex
1003 612 1194 670 oculeirmicut

150 689 233 740 aeuus
241 687 326 754 ardum
335 707 391 740 non
402 687 496 743 eculeis
504 688 617 756 acribus,
629 707 716 760 neque
727 689 819 742 acrior.
831 691 914 742 ΕΔΜ).

186 822 229 876 51.
244 824 457 876 AEreo...crinem
466 825 529 876 terit.
538 821 790 892 LegendumzAErea
797 826 1087 899 captiui‚etc.‚quippe
1094 847 1193 882 aeneus

150 899 316 974 trissyllabon
328 923 463 975 uunquam
479 905 592 955 occurrit
605 901 677 974 apud
686 915 779 974 poetas
788 917 901 971 veteres,
910 903 957 956 sed
966 904 1065 977 ubique
1076 921 1120 959 aut
1130 909 1191 960 uls-

151 1001 214 1034 neus
223 995 268 1034 sut
281 983 395 1049 ebenus,
413 999 442 1035 nt
455 995 528 1034 notat
541 981 708 1035 doctissimus
723 983 855 1036 Bentleius
869 982 904 1035 sd
913 985 1003 1036 Horst.
1015 983 1096 1038 Serm.
1108 989 1148 1053 11,
1163 989 1191 1054 3,

150 1081 176 1112 v.
193 1063 249 1115 183.
263 1061 379 1115 Fallatur
392 1066 470 1132 igitur
483 1079 591 1114 necesse
604 1075 644 1114 est
658 1063 690 1113 N.
706 1063 843 1128 Heinsius,
854 1065 900 1134 qui
914 1081 959 1133 up.
974 1062 1089 1116 Murtisl.
1104 1064 1191 1136 Spect.

151 1141 240 1210 Epigr.
253 1158 350 1212 a7‚pro
361 1141 490 1214 ignipedes
502 1153 588 1192 tauros
597 1143 706 1212 conjicit
715 1141 864 1214 aenipedes,·
875 1160 956 1212 quum
964 1142 1043 1214 plene
1049 1143 1194 1215 legendum

152 1220 185 1268 sit
196 1219 329 1289 loripedes,
345 1233 375 1270 ut
389 1218 461 1291 apud
474 1218 560 1272 Valer.
572 1218 644 1273 Flac.
659 1223 719 1285 vll,
734 1218 800 1286 545:
818 1220 915 1274 «daret
928 1221 1052 1293 loripedes
1065 1225 1092 1276 in
1103 1224 1194 1295 puelia

151 1309 255 1350 tauros:
267 1321 278 1346 ι
292 1299 373 1349 immo
387 1311 413 1350 et
423 1299 509 1370 ipsum
522 1296 663 1366 Ovidium,
675 1301 738 1352 Met.
750 1300 809 1366 Vll,
823 1300 885 1368 roi,
897 1300 930 1354 de
941 1299 982 1354 bis
991 1303 1056 1373 ipsis
1067 1304 1164 1355 tauris:

334 1395 544 1443 secernuntur
553 1395 685 1443 Vulcanum
694 1395 789 1442 naribus
799 1395 878 1443 efflant

336 1465 455 1528 AEripedes
465 1469 541 1513 tauri:

153 1552 225 1625 quod
234 1554 315 1606 miror
322 1556 461 1607 Heinsium
470 1556 578 1628 fugisse.
589 1557 725 1630 ignipedet
733 1555 837 1629 quidem
845 1555 910 1611 Solis
921 1557 981 1629 equi
988 1569 1059 1610 recte
1069 1556 1194 1610 dicuntur

152 1633 248 1686 Ovidis
265 1649 292 1687 et
308 1635 404 1699 Stati03
421 1634 468 1688 sed
480 1639 580 1688 nonita
596 1635 625 1687 hi
639 1638 717 1689 tauri.
731 1635 797 1688 Vide
810 1635 915 1688 eumad
928 1635 1016 1689 Ovidii
1026 1634 1134 1688 Heroid.
1146 1639 1195 1702 Vl,

154 1713 202 1776 32;
214 1715 309 1767 iterum
318 1716 351 1768 ad
363 1718 426 1769 Met.
438 1717 474 1782 11,
487 1716 552 1786 392:
569 1716 745 1788 «ignipedum
755 1719 822 1768 vires
833 1731 954 1788 expertus
966 1734 1129 1785 equorum,·
1141 1716 1195 1768 brec

153 1807 244 1846 notat:
259 1796 406 1868 siqnipedes
417 1797 478 1865 equi
493 1798 582 1848 neseio
597 1814 630 1847 sn
644 1811 715 1848 recte
729 1796 850 1848 dicantur
865 1819 871 1848 ε
888 1815 969 1869 quare
981 1797 1031 1847 luit
1042 1814 1123 1868 quum
1132 1798 1196 1848 uni·

152 1871 250 1942 pedum
266 1868 374 1923 rescribi
389 1868 485 1924 debere
500 1893 648 1928 censerem:
662 1875 739 1945 quale
751 1876 876 1927 mendum
889 1890 959 1928 etex
969 1875 1084 1928 Martiali
1094 1876 1198 1928 sustuli·

154 1967 213 2000 mus
228 1953 297 2000 notis
310 1947 344 1998 ad
357 1949 436 2018 Epist.
451 1953 500 2018 vl,
514 1952 557 2003 32.
572 1950 623 2003 Sed
637 1953 733 2004 Statius
744 1955 821 2027 initio
833 1953 918 2006 Theb.
933 1952 966 2006 de
977 1953 1091 2020 Plroebo,
1108 1956 1196 2024 tigni-

153 2026 252 2097 petlum
265 2028 384 2078 frenator
400 2045 560 2095 equorum·
577 2029 733 2080 Prudentius
749 2043 838 2082 tamen
855 2031 901 2084 lib.
914 2036 926 2084 1
942 2047 1034 2085 contra
1049 2031 1195 2103 symmach.

154 2125 178 2156 v.
192 2107 258 2172 350,
270 2104 302 2157 de
314 2104 381 2158 Solis
393 2107 481 2175 equis,

338 2201 440 2246 Cernuat
449 2215 490 2246 ore
500 2215 570 2246 senex
578 2199 700 2256 barbatus,
711 2210 735 2247 et
744 2201 821 2248 orcula
830 2203 880 2266 figit

339 2269 449 2316 Cruribus
458 2268 601 2332 nipedum
612 2269 674 2317 sisae
684 2281 719 2316 est
728 2271 837 2329 credere,
847 2288 969 2335 equorum.

154 2359 297 2432 Quomodo
308 2360 361 2412 illic
375 2373 529 2412 constanter
540 2358 603 2411 editi
620 2362 754 2431 asscripti
765 2361 870 2415 codices
882 2384 889 2412 ι
905 2365 957 2416 uisi
972 2363 1044 2436 qnod
1057 2364 1195 2435 oeripcclum

155 2446 182 2494 in
196 2439 346 2510 nonnullis;
366 2455 518 2511 quanqusm
535 2438 588 2491 illic
605 2438 637 2490 de
657 2437 723 2493 Solis
734 2453 821 2493 statua
833 2443 919 2513 egitur
930 2442 1062 2496 ahenea.»
1077 2442 1198 2495 Eundem

155 2539 271 2573 errorem
288 2533 355 2571 errat
369 2522 409 2571 vir
425 2535 536 2588 magnus
550 2541 556 2569 ε
575 2521 683 2570 omnlno
700 2521 769 2571 enim
783 2522 832 2573 isto
843 2520 977 2574 Prudentii
988 2522 1046 2572 loeo
1056 2520 1196 2592 legendum

155 2599 306 2671 ceripednm,
321 2611 351 2650 ut
361 2617 425 2651 oerea
439 2598 539 2670 ungula
552 2597 604 2651 hoc
616 2599 690 2650 Statii
701 2599 776 2668 loco,
788 2599 821 2652 tle
835 2619 864 2653 re
877 2601 977 2669 eadem,
990 2601 1090 2654 ahenea
1102 2620 1197 2674 nempe

157 2692 242 2732 ststus
259 2683 328 2751 equi.
348 2681 428 2731 Recte
442 2677 549 2732 tandem
562 2676 631 2730 idem
645 2677 677 2730 ad
689 2681 764 2731 llerr.
776 2681 838 2750 ΧΠ,
848 2683 897 2752 93:

341 2779 423 2839 lungis
433 2788 456 2821 et
464 2774 575 2838 aeripedes
584 2773 690 2821 inadusto
700 2792 799 2838 corpore
808 2789 898 2825 tauros:

156 2862 204 2918 ubi
215 2833 340 2919 tironum
351 2863 435 2917 codex
450 2864 547 2914 omittit
557 2876 599 2916 et:
613 2861 684 2915 unde
695 2863 757 2935 legit
767 2866 1026 2939 Junpisalenipedes.
1041 2867 1092 2918 Pro
1101 2866 1198 2918 crinem
1263 2853 1265 2863 ¹

158 2946 216 2998 terit
226 2945 338 3020 ungula,
349 2949 375 2999 in
385 2943 473 2998 multis
483 2942 642 2996 editionibus
652 2944 778 2998 mendose
787 2944 883 3017 legitur
889 2949 959 3021 tegit.
967 2947 1072 2998 Lucret.
1079 2948 1104 3011 1,
1113 2964 1138 2994 v.
1148 2946 1196 2997 ilo:

341 3045 417 3105 Quare
429 3041 518 3106 relligio
527 3042 626 3105 pedibus
634 3043 739 3106 tubJ'ects
748 3043 848 3090 ricinum

342 3113 462 3160 Obteritur
472 3149 477 3159 .
489 3149 494 3159 .
505 3149 511 3159 .
524 3151 530 3161 .

158 3197 316 3253 Prudentius
327 3201 476 3256 Cathemer.
487 3205 581 3275 Hymn.
595 3216 655 3279 apte
667 3199 770 3267 eibum,
782 3217 849 3252 vers.
863 3215 925 3270 ¹²9²

668 3333 673 3343 .
685 3332 690 3344 .
701 3332 707 3345 .
718 3307 757 3343 ‚ut
766 3293 850 3342 mulier

422 3366 484 3416 Colle
497 3367 611 3431 trilinguia
621 3367 683 3416 calce
692 3379 760 3415 teret.

159 3455 212 3507 Sub
221 3455 287 3526 pede
297 3455 366 3509 eolla
377 3469 461 3510 tenere
472 3456 565 3508 eodem
576 3475 669 3521 sensu,
679 3455 789 3510 Ovidius
800 3454 907 3508 Heroid.
921 3455 973 3521 lx,
988 3469 1032 3517 125
1043 3467 1070 3505 et
1078 3452 1124 3505 tub
1135 3451 1200 3525 pede

160 3532 228 3586 collo
237 3553 366 3605 premere,
378 3539 450 3589 ilem.
463 3536 521 3586 Am.
535 3535 586 3588 530
596 3557 603 3599 ;

390 3635 508 3680 Victorem
516 3635 583 3680 terris
592 3635 728 3696 Mpositurs
736 3635 821 3699 pedem
828 3668 836 3691 ,

161 3718 193 3771 de
205 3721 299 3787 Romu,
309 3723 380 3774 Fest.
390 3723 435 3790 lv,
445 3720 510 3782 8583
522 3719 657 3773 Claudisn.
671 3718 704 3774 do
714 3724 750 3775 Vl
761 3723 841 3777 Cons.
854 3722 980 3788 llonorii,
991 3717 1128 3773 adfinem:

343 3807 407 3855 Colla
417 3805 552 3869 triumphati
561 3806 680 3869 proculcat
689 3809 805 3858 llouoriut
814 3812 873 3858 lstri.

197 3931 245 4001 54,
258 3933 299 3988 55.
319 3936 462 4009 Nunquam
478 3936 591 3988 mutabit
605 3935 716 3988 habenas
728 3959 735 3986 .·
747 3939 879 4009 perpetuis
892 3937 990 4010 frenis,
1003 3934 1136 4008 atquem·
1145 3951 1164 3984 r.
1174 3951 1198 3982 a.

162 4013 221 4077 Qua
230 4017 454 4087 interpunctione,
465 4034 517 4090 qus
526 4015 729 4090 depravatione,
740 4015 828 4070 nullus
836 4016 900 4070 huic
908 4017 969 4070 loco
979 4033 1071 4070 sensus
1081 4013 1197 4066 relictus:
