2776 4484
399 306 529 370 LIBRI
556 306 695 368 Putttt
720 306 970 372 sttvtttuttt.
1141 309 1199 372 123

150 449 251 493 testeus,¹
262 431 322 484 vide
335 430 369 484 sd
381 433 428 502 liu.
441 431 511 484 Mus.
523 451 547 482 ι.
564 447 622 494 ιοι;
637 431 748 484 Marsas.
761 431 850 508 Epigr.
862 435 921 500 VII,
935 433 983 504 69,
995 433 1028 486 de
1039 432 1203 504 Theophila:

349 529 414 574 lianc
422 526 465 572 n'hi
471 527 525 588 jure
534 537 598 588 petst
606 528 683 588 mgni
692 527 754 574 senis
763 529 850 574 Atticus
858 527 951 575 hortus:

379 599 426 646 Nec
434 599 511 646 ns'utus
517 613 568 646 este
576 613 643 646 suem
651 600 728 646 Stoice
735 598 804 645 tut-hs
812 599 876 646 velit.

152 695 277 768 Scaliger
293 695 328 747 ed
343 697 414 749 Cirin
428 696 528 766 Virgilii
544 695 615 749 hunc
629 698 705 750 Statii
721 696 897 750 hemistichon
911 699 946 750 ite
960 699 1036 764 citat,
1053 697 1205 770 «Cultoque

152 791 240 826 senex
254 775 405 845 Gargettius
420 774 534 840 horto;»
549 777 679 829 memoriae
693 793 794 844 errore,
808 779 852 829 cui
868 779 944 829 nimis
960 777 1059 828 fidebat
1071 777 1110 828 vir
1126 778 1206 828 maxi-

155 853 405 906 mus—Praeclere
415 869 552 926 comparet
559 856 717 927 Epicurum,
727 870 783 908 tum
794 870 822 908 ut
831 858 966 926 ostendet,
976 859 1101 910 maximas
1108 856 1206 908 Tibure

156 949 222 984 esse
231 932 354 1000 delicies,
367 937 427 1006 quite
440 952 530 986 esrum
540 937 734 988 amantissimus
742 937 874 1008 Epicurus
887 950 973 988 tamen
986 955 1030 989 ess
1040 936 1118 988 facile
1130 933 1208 986 Athe·

155 1013 200 1064 nis
211 1013 370 1083 praetulerit,
380 1027 438 1066 tum
447 1016 571 1086 quonism
580 1017 709 1087 Epicurus
719 1017 866 1088 sapientem
875 1015 1037 1090 voluptutem
1048 1012 1207 1079 sectabatur,

159 1106 191 1144 nt
205 1095 349 1166 Vopiscus.
368 1097 444 1148 Lesa.

199 1241 245 1312 95.
265 1242 330 1294 ttae
340 1261 388 1315 per
400 1255 426 1295 et
439 1246 533 1316 AEpaas
546 1243 640 1296 hiemes
650 1243 839 1318 Pliadumque,
857 1256 907 1297 etc.
923 1245 1044 1296 Heinsius
1058 1244 1086 1296 in
1099 1240 1207 1293 Adsere.

159 1321 215 1390 (sd
234 1320 315 1374 finem
328 1321 427 1376 Tibulli
444 1323 506 1376 edit.
524 1323 690 1396 Broulthus.)
708 1324 771 1396 legit
788 1324 973 1398 Hyadumque.
991 1326 1077 1376 Prima
1094 1323 1164 1375 enim
1181 1323 1208 1373 in

162 1400 292 1454 Ph'adum
305 1421 409 1475 semper
421 1405 585 1474 producitur,
598 1417 691 1476 utpote
703 1423 719 1456 a
729 1405 820 1458 Graeco
830 1401 949 1460 nutiles.
963 1403 1088 1468 Ovidius,
1100 1402 1207 1454 Metam.

162 1480 240 1546 XIII,
251 1483 316 1551 293³
326 1484 471 1550 Ausonius,
483 1485 566 1556 Epist.
575 1486 672 1550 XVIII,
684 1484 730 1550 ²4³
741 1487 850 1548 Noster,
859 1485 919 1536 Kal.
928 1482 1067 1537 Decembr.
1077 1499 1103 1534 v.
1113 1499 1154 1533 tt.
1165 1480 1207 1532 Sic

163 1562 236 1612 enim
247 1561 432 1628 scribendum,
442 1581 496 1616 non
508 1563 596 1617 Plias:
608 1561 668 1615 vide
679 1563 804 1616 celeberr.
817 1563 996 1615 Burmannum
1008 1560 1041 1614 sd
1051 1559 1129 1615 Ouid.
1139 1563 1208 1611 Psst.
1248 1620 1252 1626 Ι

166 1641 217 1706 III,
235 1641 294 1694 10⁵.
309 1642 382 1694 Nihil
397 1655 485 1696 temen
496 1644 549 1696 hoc
560 1643 621 1696 loco
634 1643 790 1696 mutandum
806 1657 911 1696 temere.
924 1643 1038 1696 Primum
1052 1643 1134 1706 enim,
1149 1638 1211 1692 licet

167 1719 275 1772 obvium
290 1735 360 1775 esset
377 1723 461 1776 Statio
479 1723 594 1776 scribere
608 1725 748 1794 Hyadum,
766 1725 809 1775 vis
827 1736 914 1775 temen
933 1721 1146 1793 inscripsisset,
1164 1718 1210 1770 sed

168 1797 308 1869 Pliadam,
322 1815 353 1854 ut
366 1805 460 1855 niteret
474 1805 618 1869 maceries
629 1806 707 1855 istem
722 1816 749 1856 et
763 1801 864 1854 ltistum
879 1802 1093 1854 concurrentium
1103 1815 1212 1861 vocum,

172 1902 183 1925 ·
193 1879 294 1934 hiemes
305 1882 479 1954 Hyadumque
490 1886 620 1936 nivosum.
630 1907 642 1931 ι
656 1883 772 1948 Deinde,
785 1881 894 1934 solenne
905 1879 942 1932 illi
952 1893 992 1932 est
1001 1877 1158 1932 defraudare
1170 1877 1212 1928 di·

169 1957 339 2032 phthongum
350 1981 403 2014 uus
415 1963 510 2014 littere.
523 1965 562 2014 Ite
573 1964 623 2016 Vis
634 1965 731 2015 Domit.
744 1979 769 2013 v.
785 1960 831 2030 59,
847 1961 946 2013 Iaeeheo
957 1977 1006 2030 pro
1019 1958 1137 2023 Lechaeo,
1151 1975 1210 2008 cum

171 2041 205 2092 sit
215 2060 230 2092 s
241 2042 333 2094 Groeco
343 2039 451 2108 λὶχιιιις
463 2043 508 2094 ubi
520 2043 605 2097 fusius
615 2043 649 2095 do
658 2042 710 2094 hec
719 2061 746 2094 ne
758 2059 843 2112 agam.
855 2041 902 2092 iiic
914 2040 993 2111 igitur
1004 2036 1127 2090 Pliadum
1138 2037 1212 2109 qussi

170 2119 288 2173 ὓηοιιιιι
301 2137 370 2175 esset
382 2118 497 2184 nuilla,
511 2138 564 2174 non
577 2121 696 2179 nasts‘lts,
710 2123 742 2174 Et
753 2124 790 2173 its
803 2123 957 2174 sentientem
971 2121 1077 2172 invenio
1091 2117 1212 2169 Politian.

172 2199 282 2272 Epistol.
295 2205 320 2268 I,
334 2221 381 2269 no,
393 2203 510 2275 Baptisto
519 2203 645 2255 Guarino.
657 2233 693 2243 -
703 2205 769 2254 Rem
781 2200 887 2254 dubium
900 2200 968 2252 bene
981 2198 1132 2271 composuit
1142 2199 1215 2262 Mer·

174 2277 297 2348 hlsudus,
306 2283 334 2332 in
343 2299 376 2333 eo
386 2295 475 2333 temen
485 2281 583 2348 luleus,
595 2282 666 2353 quod
675 2282 782 2334 Latinos
792 2280 879 2334 Pleias
886 2278 989 2332 duabus
1002 2276 1108 2352 syllabis
1120 2275 1214 2328 dixisse

175 2357 363 2423 arbitrabatur-3
376 2379 439 2412 nam
449 2373 494 2412 sut
503 2359 589 2427 Plias,
601 2361 732 2433 products
744 2361 844 2428 vocali,
857 2373 904 2413 sut
914 2359 1002 2412 Pleias
1013 2357 1097 2410 tribus
1108 2353 1214 2430 syllabis

174 2438 397 2506 pronuntiabunt,
414 2441 490 2491 sicuti
501 2441 529 2492 iu
541 2440 599 2491 eliis
610 2438 732 2492 omnibus
748 2438 900 2492 nominibus
911 2438 1031 2490 Grtecum
1043 2455 1061 2486 u
1072 2438 1099 2487 in
1111 2435 1121 2485 i
1131 2446 1216 2486 muta·

174 2515 251 2582 bunt,
263 2537 318 2590 quo
328 2517 387 2572 lieri
396 2520 499 2591 potnit,
510 2531 541 2570 ut
551 2520 629 2571 metri
640 2521 796 2572 necessitate
807 2519 892 2572 coacti
904 2518 1010 2588 longam
1022 2513 1141 2568 vocalem
1156 2531 1217 2565 cos-

176 2597 302 2667 riperent.
314 2598 377 2651 Viti.
390 2598 423 2650 ad
434 2597 479 2650 lib.
492 2602 517 2667 I,
529 2617 609 2652 carm.
620 2599 652 2666 6,
663 2619 729 2652 vers.
743 2618 784 2652 nt.
804 2601 885 2651 litun.

214 2739 258 2807 st·
280 2739 378 2796 Olmie
387 2742 496 2814 uim
508 2745 609 2815 petisse
623 2745 667 2796 ss
679 2745 760 2797 astus.
774 2747 825 2795 no
842 2741 941 2795 olenus
950 2741 1022 2794 «sus
1034 2740 1155 2792 uetustus
1166 2737 1218 2790 ut-

183 2818 243 2870 dem
259 2819 322 2890 legit
335 2819 419 2875 Olenii
428 2824 498 2876 astri.
513 2823 563 2878 Sed
575 2825 618 2876 sui
630 2838 698 2877 certe
710 2823 807 2878 oblitus
817 2836 874 2875 eret
889 2823 929 2874 vir
944 2822 1121 2884 acutissimus,
1135 2835 1218 2888 quum

182 2896 238 2949 hec
249 2897 380 2953 scriberet.
394 2901 459 2954 Vide
472 2905 541 2956 enini
552 2906 791 2956 constructionem
808 2922 876 2975 sper
887 2903 986 2972 AEgoese
995 2899 1097 2954 hiemes
1109 2910 1136 2949 et
1146 2896 1219 2949 sidus

179 2977 312 3044 Pliadum,
327 2993 351 3030 et
364 2980 413 3032 sub
428 2980 517 3035 Olenii
531 2984 593 3034 astri
611 2983 667 3036 scil.
685 2982 787 3035 sidus„
812 2983 894 3052 Atqui
910 2981 998 3052 primo
1016 2975 1111 3029 dixisse
1129 2973 1220 3028 debuit

180 3083 192 3104 '
201 3057 254 3112 Ἰὼ
263 3058 349 3112 ‘idm
358 3059 428 3129 (¹²⁰⁰
439 3059 521 3132 sidus)
533 3062 620 3115 Olenii
632 3064 707 3128 estri3
718 3086 730 3109 ι
740 3061 813 3114 istud
822 3063 891 3114 euim
901 3059 1030 3112 usitatius.
1042 3054 1143 3109 Deinde
1156 3053 1220 3126 quid

177 3151 218 3190 est
225 3137 294 3192 sidtu
303 3140 383 3192 astri?
393 3159 483 3193 nonne
492 3139 561 3194 idem
572 3141 644 3214 quod
653 3143 722 3195 sidus
730 3141 832 3194 sideris?
841 3153 924 3205 certe3
934 3149 1028 3192 astream
1039 3137 1107 3189 cuim
1118 3149 1143 3188 et
1153 3135 1220 3190 sidtu

177 3221 263 3290 poetis
278 3219 349 3271 idem
364 3235 432 3276 sunt.
452 3219 631 3276 Tolerandum
644 3223 728 3290 foret,
743 3225 764 3274 si
776 3222 884 3276 dixisset
896 3220 1037 3276 subsidere
1051 3217 1138 3272 Olenii
1153 3217 1221 3272 toedt

178 3295 220 3350 '⁸¹
238 3299 367 3372 ‘'Wiloes
383 3300 428 3352 sed
446 3321 500 3353 non
516 3304 590 3370 astri,
611 3321 692 3373 quum
709 3304 779 3354 sidus
797 3302 919 3356 Olenium
934 3302 966 3352 sit
977 3312 1071 3354 astrum
1087 3298 1218 3352 Olenium.

180 3375 251 3428 Nihil
268 3381 350 3450 igitur
368 3379 532 3433 mutandum.
554 3383 637 3434 Totus
657 3381 813 3450 verollocus
833 3383 869 3434 ita
891 3379 1090 3452 distinguendus
1109 3396 1165 3432 esse
1183 3378 1221 3427 vi-

182 3457 257 3510 dam
267 3499 273 3510 ι
363 3529 420 3574 Iler
430 3533 486 3592 (per
496 3541 519 3576 et
529 3533 612 3592 egeas
621 3529 710 3577 hiemes
718 3529 867 3594 Pliadumque
878 3531 985 3577 nivosum

368 3598 437 3646 Sidus
446 3611 469 3644 et
478 3599 565 3646 Oleniis
574 3599 669 3662 dignum
678 3602 771 3663 petiisse
781 3601 823 3648 suh
832 3601 910 3656 nstris,

368 3669 391 3713 Si
401 3668 480 3715 Melete
489 3670 604 3716 credenda
614 3672 680 3725 rsus,
692 3671 826 3735 Siculosque
836 3687 879 3733 per
887 3685 954 3718 aeetus

367 3739 401 3786 Sit
409 3741 458 3800 ris)
466 3757 508 3787 cur
516 3742 589 3789 oculis
598 3743 678 3789 sordet
686 3745 759 3790 sicine
768 3745 889 3806 voluptas?

183 3837 242 3888 Uno
254 3839 347 3910 spin'tu
361 3839 539 3892 continuanda
553 3854 628 3908 sunt,
641 3860 697 3913 quae
710 3844 736 3893 in
749 3841 898 3914 parenthesi
910 3841 997 3912 posita
1011 3837 1090 3888 vides.
1107 3821 1220 3906 Diqusim

116 3989 119 3994 Δ
182 3918 293 3985 petiisse,
309 3917 450 3970 Graecismo
463 3919 588 3990 eleganti,
604 3941 653 3994 pro
666 3939 745 3994 quum
760 3922 866 3994 diqnum
880 3921 912 3974 sit
923 3917 1041 3992 petiisse:
1058 3915 1122 3982 istu
1137 3909 1159 3963 lt
1173 3931 1223 3984 pro

184 3995 251 4060 ‘'lt'tv
264 3997 334 4052 ines.
345 3999 444 4051 Passim
457 3999 526 4070 spud
539 4001 673 4053 Platonem
686 3999 767 4053 habes
780 4004 807 4053 in
818 3999 901 4052 Libris
912 3997 945 4049 de
957 3993 1059 4066 Repub.
1071 4007 1095 4044 et
1108 3992 1182 4055 alibi;
1196 4005 1223 4042 ut
