2824 4488
176 334 241 400 380
324 330 429 395 NOT.
454 331 503 393 IN
525 329 668 392 CARM.
689 331 737 392 IV
761 331 848 393 LlB.
869 330 925 393 111
949 329 1062 395 sthv.

174 463 214 513 De
227 461 345 513 Nestoris
363 461 414 511 situ
428 476 474 510 seu
489 468 563 510 tetata
581 459 746 529 insignisset
763 459 891 530 Propertii
908 457 1000 526 iocus,
1019 458 1090 530 Eieg.
1109 461 1148 525 ΙΙ,
1168 479 1214 528 ιο,

173 541 309 610 insigniter
327 538 497 610 depravatus.
511 536 642 608 Loquitur
660 551 740 608 poeta
757 535 791 589 de
809 537 985 592 incommodis
1004 539 1088 610 longa
1101 541 1174 606 vite,
1190 554 1216 592 et

175 634 274 691 quanto
289 619 382 672 melius
399 619 505 672 Nestori
519 618 626 684 fuisset,
644 619 666 670 si
684 634 853 670 communem
869 630 897 670 et
907 619 1035 670 nutatura
1048 619 1152 671 mvondi
1166 632 1216 672 tes-

175 701 274 752 rninnm
287 716 341 750 non
356 698 525 750 excessisset:

358 805 418 849 Nam
426 819 473 866 qno
482 815 530 850 tam
539 801 616 848 dnhise
626 797 732 849 serv'etnr
740 803 835 864 spiritus
844 800 925 848 hore?

389 875 493 921 Nestoris
502 885 536 920 est
545 874 607 920 visus
616 885 670 935 post
680 873 723 918 tria
732 871 799 918 saecla
810 873 877 919 einis.

359 946 417 1006 Quis
426 956 471 991 tans
480 944 590 1006 ionpoesse
599 944 740 991 meminisset
748 943 797 990 ists
804 955 903 991 senectsa

391 1015 491 1062 Gallicus
499 1015 574 1062 lliscis
582 1014 647 1062 miles
656 1016 681 1060 iu
690 1014 830 1076 aggeribus?

360 1087 412 1132 Non
420 1085 457 1131 iiie
467 1083 583 1131 Antilochi
592 1083 685 1131 vidisset
694 1099 779 1147 corpns
788 1083 877 1130 humati
884 1102 892 1140 ;

391 1157 484 1201 Diceret
492 1167 545 1211 aut,
556 1155 662 1210 olion,
673 1171 715 1200 esar
723 1154 779 1199 mihi
789 1170 841 1202 sera
850 1155 931 1202 senis?

175 1253 216 1302 lta
228 1246 368 1303 ediderunt
381 1250 497 1323 Scaliger
510 1264 536 1302 et
550 1248 745 1313 Broukhusius3
759 1263 785 1302 et
796 1252 869 1322 piget
880 1269 943 1303 sane
955 1251 1054 1304 referre
1066 1269 1158 1305 eorum
1169 1270 1216 1305 ex·

177 1330 331 1400 plicationes
342 1328 439 1394 falsas,
453 1349 535 1403 quum
548 1329 616 1382 adeo
630 1332 659 1382 in
670 1332 822 1403 propinquo
837 1333 871 1383 sit
883 1333 992 1384 veritas:

391 1437 494 1484 Nestoris
503 1448 538 1483 est
546 1436 609 1483 visus
618 1446 671 1498 post
679 1437 723 1482 uis
731 1434 796 1483 secla
805 1435 878 1493 ciuis;

361 1507 406 1567 Qui
414 1509 434 1555 si
443 1520 489 1554 tam
498 1507 572 1569 longa
581 1506 701 1554 minuisset
711 1506 759 1553 ists
766 1519 864 1554 senectn

393 1577 493 1626 Gallicus
502 1577 576 1625 iliacis
585 1577 650 1625 miles
659 1579 683 1622 in
693 1578 828 1639 aggeribus,

361 1650 416 1695 Non
424 1649 462 1696 iile
471 1647 587 1696 Antilochi
596 1648 690 1694 vidisset
698 1663 783 1712 corpus
792 1646 894 1698 humati:

178 1747 351 1819 explicatione
364 1767 419 1800 non
434 1762 494 1820 eget
505 1748 579 1802 iocus
587 1750 645 1818 jam
656 1744 806 1799 facillimus.
818 1745 907 1799 Simile
918 1759 959 1800 est
968 1745 1041 1800 istud
1055 1745 1121 1800 Veii.
1133 1750 1217 1800 Peter·

177 1824 247 1891 culi,
258 1828 297 1891 11,
312 1825 361 1892 48,
375 1824 409 1878 de
420 1826 562 1898 Pompeio:
579 1825 652 1893 sQui
667 1827 688 1877 si
700 1839 762 1877 ante
775 1824 911 1879 biennium
924 1844 1004 1898 quam
1019 1825 1053 1878 ad
1067 1844 1143 1879 arma
1151 1829 1217 1878 itum

177 1917 233 1970 est,
248 1906 399 1975 gravissima
414 1919 530 1959 tentatus
543 1904 693 1958 valetudine
705 1903 861 1958 decessisset
877 1909 904 1960 in
916 1907 1078 1979 Campanis,
1092 1905 1219 1960 defuisset

177 1985 299 2037 Portunre
312 1985 461 2037 destruendi
474 1983 508 2055 (f.
524 1984 699 2057 destituendi)
714 1987 771 2055 ejus
782 1986 873 2048 iocus;
887 2001 914 2040 et
929 2005 1009 2058 quam
1022 1986 1097 2059 apud
1108 2006 1217 2059 superos

177 2061 306 2116 habuerat
319 2061 544 2134 magnitudinem,
558 2065 694 2118 inlibatam
709 2064 846 2118 detulisset
860 2066 893 2118 ad
903 2067 1011 2119 inferos.
1023 2090 1035 2114 s
1048 2067 1082 2118 Et
1092 2065 1152 2118 eod.
1169 2065 1216 2117 lib.

178 2159 238 2211 cap.
251 2159 276 2212 7,
291 2140 324 2193 de
335 2142 475 2196 Gracchis:
492 2143 566 2211 «Qui
584 2147 606 2198 si
621 2145 725 2197 civilem
743 2144 874 2218 dignitatis
888 2147 1076 2217 concupissent
1094 2143 1217 2210 modum,

178 2219 306 2291 quicquid
312 2220 497 2274 tumultuando
507 2221 618 2293 adipisci
625 2225 783 2293 gestierunt,
793 2225 887 2296 qnietis
895 2223 1034 2276 obtulisset
1043 2221 1217 2295 respublica.»

178 2301 269 2352 Restat
280 2301 437 2372 scrupulus,
451 2321 532 2375 quare
545 2305 644 2357 Nestor
656 2317 768 2356 vocatur
783 2303 901 2358 Gallicus
914 2303 988 2358 miles
1000 2325 1008 2353 .·
1023 2301 1081 2356 vida
1088 2340 1097 2368 ,
1114 2305 1135 2354 si
1150 2303 1215 2354 tanti

178 2391 235 2446 est,
248 2378 371 2450 Scaliger.
385 2393 413 2432 et
426 2379 574 2435 Broulhus.
589 2403 595 2434 ι
611 2400 661 2453 ego
675 2401 737 2436 vero
751 2383 880 2455 conjicio:

362 2487 408 2546 Qui
417 2488 436 2532 si
445 2499 490 2534 tam
500 2486 574 2549 louge
584 2487 701 2535 minuisset
710 2489 758 2535 lats
766 2501 863 2536 senectae

393 2558 487 2604 Saucius
495 2556 568 2604 lliacis
577 2557 641 2605 miles
648 2561 673 2605 in
682 2559 804 2623 aggeribus
812 2593 819 2614 ,

362 2627 415 2672 Non
423 2627 463 2674 iile
472 2627 599 2685 Antilochi,
610 2639 655 2676 etc.

178 2721 205 2773 Si
219 2723 312 2788 vitam,
326 2725 427 2794 inquit,
441 2712 541 2778 linisse't
558 2744 589 2777 eo
604 2740 724 2798 tempore
741 2745 794 2798 quo
811 2727 962 2779 vulneratus
976 2738 1032 2778 eret
1047 2743 1171 2798 pugnans
1185 2723 1217 2776 ad

178 2801 302 2871 Trojsm,
315 2820 370 2854 non
385 2803 491 2857 vidisset
505 2805 585 2857 fnnns
601 2804 744 2857 Antilochi.
760 2807 858 2859 Haurio
874 2804 925 2857 hoc
942 2824 973 2858 ex
990 2823 1084 2872 sensu,
1098 2818 1126 2856 et
1141 2803 1217 2856 simili

179 2874 239 2930 ioco
251 2879 296 2930 lib.
309 2883 335 2946 l,
351 2897 396 2932 at:
413 2883 509 2935 uMiies
520 2883 554 2936 ab
565 2883 684 2936 Etruscis
699 2884 803 2936 saucius
815 2882 983 2957 aggeribus·
1001 2885 1107 2936 Possem
1120 2881 1167 2933 tihi
1178 2880 1219 2932 di-

179 2973 240 3010 cere
251 2977 344 3030 patunt
357 2960 511 3012 differentiae
525 2979 582 3014 esse
597 2963 625 3011 in
642 2963 773 3034 scriptura
788 2981 884 3014 vocum
897 2960 1005 3014 δαμείω
1018 2973 1045 3012 et
1059 2957 1177 3014 Gallicus
1188 2959 1217 3009 in

179 3039 281 3090 minuto
295 3040 461 3103 charactere;
475 3039 522 3094 sed
535 3043 598 3093 satis
611 3038 675 3094 hoe.
