2776 4484
419 301 549 366 ntem
573 303 716 366 rnrnn
740 302 990 371 srnvinnnt.
1161 333 1221 400 109

174 430 206 482 Iis
218 428 286 482 Iocis
299 437 427 498 apparet:
442 422 489 476 aed
497 423 648 494 precipuus
660 422 698 475 illi
709 420 798 476 honor
810 437 835 477 et
849 423 906 479 Inus
920 445 951 479 ex
967 429 1016 480 alia
1032 443 1095 482 arte.
1109 433 1222 502 Plinius,

174 511 242 562 nist.
257 510 322 560 Nat.
335 504 454 570 XXXIV,
470 504 501 557 8:
517 505 677 574 :Myronem
691 502 836 556 Eleutheris
848 519 955 574 natum,
970 523 995 560 et
1006 511 1091 582 ipsum
1103 513 1223 584 AgeIadae

175 586 354 660 discipulum,
369 583 469 636 bucula
484 581 672 634 nobilitarim
687 601 768 650 ereo,
782 584 889 637 scilicet.
902 586 969 638 Vide
984 588 1087 653 Iocum3
1102 593 1139 645 ibi
1153 597 1222 646 enim

175 669 295 742 Myronis
312 682 394 736 opera
410 675 537 715 recenset.
552 660 628 714 Ovid.
645 664 720 714 Pent.
733 665 777 731 lv,
793 682 816 730 r,
830 665 877 727 33;
891 669 1041 737 Petronius,
1053 669 1113 723 loco
1126 676 1221 726 citato:

179 750 301 799 Netum
316 757 347 796 nt
364 743 398 796 ad
414 740 511 815 plastes
524 755 680 793 convertar:
697 744 856 815 Lysippum,
868 751 1048 800 statuae‘unius
1059 749 1224 807 lineamentis

177 827 357 894 inhaerentem,
366 826 458 896 inopia
466 825 599 876 exstinxit:
612 835 637 874 et
644 822 747 896 Myron,
758 827 803 896 qui
810 826 1029 896 paenehominum
1037 833 1147 900 animos,
1155 847 1220 886 etc.»

176 909 319 971 Preterea,
335 921 416 975 quare
429 903 507 954 unius
520 915 622 954 tantum
634 903 751 974 Myronis
764 921 845 975 opera
860 920 988 958 memorat
1000 908 1096 962 Statius
1109 913 1136 962 in
1148 915 1224 965 amici

179 990 219 1040 aui
231 986 324 1038 ManIiI
335 981 455 1049 :ipsum
467 982 638 1036 conservato?
648 983 709 1034 Sine
721 983 803 1036 dubio
814 987 959 1056 Vopiscus,
972 1001 1068 1042 uteret
1082 990 1186 1061 elegans
1199 1007 1225 1045 et

178 1063 317 1133 enimse,
328 1083 384 1117 non
396 1064 514 1135 Myronis
526 1060 621 1130 solius,
636 1061 682 1114 sed
692 1076 720 1115 et
730 1062 842 1116 aliorum
852 1071 1032 1136 prestantium
1046 1071 1176 1124 artificum
1187 1073 1225 1125 Iu·

178 1146 258 1200 bores
270 1143 436 1200 adservabat.
450 1146 532 1195 immo
545 1155 571 1194 et
582 1141 635 1194 boc
646 1143 710 1196 dicit
721 1159 814 1215 poete,
826 1147 946 1200 versibus
959 1150 1183 1222 precedentibus,

364 1241 418 1288 Vidi
428 1253 489 1288 artes
497 1253 648 1303 veterumque
657 1256 750 1298 manus,
761 1245 876 1306 seriisque
885 1246 976 1294 metalla

364 1315 423 1361 Viva
432 1313 520 1360 modist
531 1312 597 1358 labor
607 1324 641 1358 est
650 1316 700 1359 anri
709 1329 838 1360 memorare
847 1315 943 1378 figuras,

365 1391 412 1432 dut
420 1385 490 1444 ebur,
500 1395 541 1432 sut
550 1383 632 1445 dignas
641 1383 717 1446 digitis
726 1387 861 1448 contingere
870 1403 980 1451 gemmas.

178 1475 259 1530 Vides
272 1487 387 1530 mmm
398 1474 524 1546 (numero
538 1473 727 1544 multitudinis)
739 1495 846 1545 manus,
859 1491 885 1530 et
896 1477 1007 1531 laborem
1020 1499 1070 1534 esse
1083 1500 1224 1534 memorare

170 1555 275 1633 fiqums
287 1571 398 1628 propter
414 1553 609 1608 multitudinem
625 1573 715 1607 earum
727 1556 754 1605 in
766 1577 845 1622 auro,
860 1559 945 1625 ebore,
957 1562 1066 1633 pessimis
1071 1581 1080 1620 ;
1093 1559 1165 1613 addit
1177 1561 1232 1614 de·-

179 1639 255 1704 iude,
272 1648 381 1712 arqento
400 1650 426 1690 et
440 1655 505 1699 sere5
518 1637 655 1708 Myronem
669 1637 697 1687 in
715 1652 778 1702 oere,
796 1651 890 1708 utpote
907 1639 1025 1690 omnium
1041 1642 1224 1710 prestantissi-

179 1737 263 1782 mum;
276 1733 302 1770 et
314 1719 342 1771 irs
350 1729 472 1791 arqento,
486 1717 580 1788 quemi
590 1715 715 1789 primum.
726 1715 780 1768 Sub
792 1715 843 1768 bac
853 1735 932 1783 voce,
945 1736 1002 1789 quae
1012 1716 1088 1770 nihili
1100 1733 1152 1788 est,
1164 1739 1225 1790 pro·

179 1797 221 1850 cul
233 1799 317 1850 dnbio
330 1798 396 1850 Iatet
410 1816 521 1868 magnus
533 1795 628 1866 aliquis
640 1794 733 1847 artifex
742 1797 769 1847 in
780 1809 899 1867 urgento,
914 1799 967 1849 siue
981 1796 1096 1864 caelator,
1107 1801 1161 1852 sive
1172 1814 1224 1852 sta·
1329 1799 1337 1810 “

177 1882 285 1932 tuarius.
294 1880 326 1931 Et
333 1896 469 1931 nonnemo
477 1879 546 1929 forte
554 1876 603 1929 sibi
609 1875 736 1947 placeret,
745 1895 826 1948 quum
836 1876 1225 1932 invenissetPhradmoneiuter

178 1958 265 2012 claros
276 1961 417 2012 statuarios
428 1968 603 2010 memoratum
614 1954 778 2023 columnis,
794 1957 840 2010 lib.
853 1958 892 2026 X,
904 1976 962 2028 cup.
974 1958 1023 2023 30,
1037 1970 1063 2009 et
1075 1958 1224 2027 Pausaniae,

178 2052 205 2091 et
214 2039 282 2092 PIin.
295 2041 361 2093 IIist.
376 2041 437 2092 ilat.
451 2037 569 2103 XXXIV,
583 2038 612 2103 8,
625 2049 655 2088 ut
665 2049 746 2103 esset,

363 2126 481 2190 Quicquid
489 2137 616 2187 esurgento
625 2123 771 2181 Phradmon,
780 2124 817 2173 sel
824 2128 849 2171 in
859 2142 904 2174 aere
914 2127 1029 2192 Myronis,
1041 2137 1085 2172 etc.

179 2215 233 2269 Sed
247 2215 298 2270 boc
312 2217 458 2271 issfnrtnnio
476 2217 604 2288 premitur
620 2215 786 2283 Phradmon,
804 2215 877 2287 quod
890 2235 945 2268 non
959 2228 1125 2287 compertum
1139 2214 1223 2268 hube-

180 2315 239 2350 mus
251 2310 368 2350 veterum
383 2297 541 2348 testimoniis
555 2293 629 2346 illuni
644 2296 671 2346 in
688 2308 797 2365 argento
810 2297 979 2368 potissimum
992 2298 1156 2366 prestitisse:
1171 2295 1223 2348 hoe
1256 2331 1264 2358 .

180 2393 243 2428 sero
253 2375 315 2428 Ioco
329 2377 473 2449 requiritur
485 2373 594 2447 eliquis‚
612 2377 658 2445 qui
669 2376 696 2426 in
707 2387 818 2444 urgento
831 2377 925 2428 enituit
938 2377 1078 2448 pariterue
1092 2377 1186 2450 Myron
1196 2377 1225 2426 in

178 2474 237 2509 ere.
248 2456 415 2525 Quaerendae
428 2457 517 2527 itaque
528 2453 572 2506 hic
585 2456 693 2505 artifex:
707 2467 732 2505 et
744 2456 871 2524 quaerenti
882 2457 970 2507 statim
983 2456 1098 2508 occurrit
1108 2456 1224 2521 Mentor,

179 2539 225 2606 qni
238 2537 266 2588 in
283 2549 394 2606 erqsentn
407 2534 525 2587 caelando
541 2536 658 2585 omnium
674 2533 854 2586 nobilissimus
871 2549 940 2598 erat,
953 2534 1057 2607 poculis
1070 2535 1222 2608 presertim.

179 2615 320 2682 uetusto,
334 2615 423 2688 Epigr.
438 2614 506 2680 XIV,
518 2613 568 2684 93,
583 2615 660 2682 cnjus
674 2613 768 2665 lemma
782 2610 880 2684 pocula
895 2614 1049 2686 archetypam
1065 2615 1100 2665 IV
1107 2653 1114 2676 ,
1133 2615 1180 2684 39,
1198 2625 1225 2665 et

180 2696 233 2762 IX,
243 2695 291 2756 θος
302 2695 348 2747 ubi
359 2695 431 2748 rides
440 2695 580 2764 Myronem
590 2711 698 2766 queque
710 2694 851 2745 memorari
863 2695 931 2745 inter
941 2711 987 2746 eos
999 2696 1046 2766 qui
1057 2707 1164 2765 urgento
1176 2713 1225 2746 eos·

183 2772 267 2826 leudo
276 2775 436 2828 cleruemut:
447 2774 606 2839 ethonerat,
615 2773 688 2845 quod
696 2772 847 2845 supradixi,
857 2776 995 2846 Myronem
1002 2787 1139 2845 argeutum
1146 2776 1225 2826 etiem

184 2849 302 2918 enimse,
315 2853 360 2906 sed
372 2873 423 2908 non
434 2853 497 2907 inde
509 2865 562 2905 tam
574 2871 699 2923 magnum
711 2871 809 2905 nomen
819 2851 946 2923 adeptum
957 2872 1028 2922 esse,
1040 2873 1120 2925 mom
1132 2871 1163 2905 ex
1174 2871 1225 2904 sera

182 2931 331 2986 fundendo.
347 2933 386 2986 stc
399 2936 457 3007 ipse
467 2935 575 2986 Mentor
585 2932 717 2985 interdum
729 2951 762 2984 aes
774 2930 842 2984 fudit
854 2930 922 3002 (vid.
937 2931 1028 2984 Sidon.
1042 2931 1225 3002 Apollinarem

181 3011 269 3066 cam
283 3013 380 3081 XXIII,
394 3013 460 3079 503,
475 3013 522 3065 ubi
535 3031 595 3064 cum
610 3011 752 3078 Praxitele,
768 3011 866 3082 Scope,
880 3009 1013 3083 PoncIeto
1028 3024 1054 3064 et
1065 3011 1158 3064 Phidia
1171 3024 1225 3064 ste-

180 3095 270 3145 tusriis
277 3093 478 3166 conjungitur),
488 3111 543 3146 non
554 3105 643 3146 tamen
653 3105 682 3144 ut
692 3091 784 3144 exinde
794 3103 893 3143 tantam
904 3089 1002 3143 famam
1011 3105 1169 3146 consecutus
1179 3093 1225 3160 ait,

180 3187 305 3244 quantam
317 3193 350 3226 ex
362 3174 483 3228 colatura
495 3177 606 3246 argenti.
618 3177 736 3246 Propert.
750 3174 773 3239 I,
788 3171 832 3240 14,
845 3187 871 3224 ιε

363 3276 400 3320 ‘Iu
408 3273 462 3321 licet
471 3273 574 3335 abjectus
583 3274 692 3320 Tiberine
702 3271 803 3319 molliter
811 3270 873 3318 unda

395 3346 477 3392 LesbIa
486 3347 610 3393 Mentoreo
616 3347 670 3391 rina
680 3344 745 3392 bibas
754 3359 839 3406 speret

181 3427 226 3482 ubi
234 3447 283 3502 pro
293 3430 365 3483 unda
377 3430 519 3503 legendnm
529 3444 596 3505 puto
609 3431 677 3484 ulva.
691 3430 811 3485 Juvenal.
822 3430 875 3484 sat.
886 3431 958 3498 XIII,
975 3447 1036 3494 1023
1049 3429 1097 3484 sed
1107 3433 1225 3484 omnium

182 3508 387 3565 luculentissime
398 3511 462 3564 Plio.
473 3514 540 3566 IIist.
552 3515 612 3565 Nat.
625 3511 747 3580 XXXIII,
761 3531 800 3564 ια.
810 3513 868 3564 Hoc
879 3512 959 3582 igitur
969 3523 1055 3564 ratum
1067 3513 1112 3578 sit,
1125 3513 1225 3584 inquis,

182 3587 327 3644 Mentorem
344 3611 402 3646 esse
418 3611 493 3665 sique
508 3591 608 3646 clarum
622 3594 650 3644 in
668 3606 776 3662 argento
791 3611 822 3644 nc
835 3593 970 3664 Myronem
984 3593 1011 3644 iu
1024 3610 1090 3644 rere:
1106 3609 1226 3663 quenam

181 3667 240 3723 vero
256 3672 401 3725 similitudo
419 3677 488 3726 inter
505 3669 533 3724 ri
549 3674 655 3726 Mentor
672 3686 698 3726 et
713 3674 846 3745 primum?
862 3675 902 3726 Ne
919 3675 1025 3726 minima
1038 3671 1163 3744 quidem:
1178 3669 1227 3724 sed

180 3753 291 3806 tumosis
302 3752 387 3806 oculis
400 3753 548 3826 relegamus
560 3772 678 3806 versum:

366 3853 484 3916 Quicquid
493 3864 518 3899 ct
525 3864 622 3916 argento
630 3855 730 3916 primum
740 3852 776 3900 rel
783 3855 808 3900 in
816 3867 862 3900 aere
870 3851 983 3916 Myronis.

179 3937 273 3992 tanae
289 3944 433 4014 suspicaris
447 3942 566 4016 aliquid?
581 3942 712 3995 Nimirum
725 3941 769 3994 bic
783 3953 839 4006 est,
853 3954 899 3992 aut
910 3954 1058 4010 nusquam,
1070 3932 1141 4006 qnod
1153 3950 1225 4004 quse-

180 4019 277 4073 rimusr
289 4021 435 4078 similitudo
446 4025 659 4078 concurrentium
671 4020 828 4094 syllabarum
839 4022 947 4074 extrusit
956 4015 1075 4071 ultimam
1084 4031 1189 4081 vocem,
1199 4026 1226 4064 et
