2782 4486
396 322 525 386 LIBRI
550 321 726 402 QUINTI
750 321 1003 385 SlLVARUM.
1156 319 1218 410 671

178 467 234 501 non
247 446 364 519 placuit,
377 446 474 512 esurit,
487 445 539 496 nisi
551 442 638 496 Paridi
650 442 747 496 vendet
760 445 886 498 intactam
899 444 1038 514 Agaven.»
1053 445 1136 518 Atqui
1146 447 1224 500 Juve-

178 530 244 582 nalis
260 530 349 580 omnia
362 528 493 580 contraria
507 525 585 590 dicit,
601 523 719 587 scilicet,
737 525 847 594 sQnum
861 527 975 578 maxime
992 525 1110 598 placuit,
1128 528 1225 594 esurit,

179 614 245 678 nisi,
256 625 329 664 ete-r
344 609 412 662 adeo
423 623 468 675 ut,
484 610 507 662 si
522 607 640 678 Scaliger
650 626 682 660 ex
695 609 746 660 isto
758 605 895 660 luvenalis
909 607 969 660 loco
982 625 1119 680 eggresms
1133 609 1226 662 fuisset

179 691 295 765 probate
305 693 415 746 Statium
428 692 454 742 io
470 705 555 761 aqone
569 687 721 760 Capitolino
735 701 886 741 comeatum
900 707 962 755 esse,
981 688 1066 740 multo
1083 689 1187 742 felicius
1202 693 1226 742 ei

180 773 311 824 cessisset.
326 773 359 824 Et
377 771 476 820 rictum
493 767 600 838 quidem
620 785 677 819 esse
694 766 823 838 Nostrum
840 766 867 817 in
883 781 916 816 eo
933 783 1018 836 agone
1034 768 1091 838 ipse
1105 781 1227 835 testatur,

180 850 240 902 Silr.
254 852 303 918 Ill,
317 849 349 916 5,
361 846 394 899 ad
405 851 534 908 Uiorem3
551 845 599 898 sed
611 847 639 898 iu
652 845 838 903 committendo
851 845 981 897 Thebaide
993 849 1109 908 victum,
1125 846 1154 899 id
1165 865 1227 898 vero

181 949 212 982 ex
224 927 277 980 hoc
288 940 335 979 aut
346 927 399 978 alio
412 929 505 998 quovis
516 926 579 978 loco
591 945 670 996 quem
683 925 792 978 udducit
803 923 927 996 Scaliger,
940 939 985 978 aut
996 929 1135 998 quisquam
1147 925 1228 991 alius,

181 1009 270 1080 colligi
284 1026 364 1080 posse
374 1025 500 1079 pernego.
522 1006 574 1060 Sed
590 1025 640 1059 nec
652 1025 684 1060 ex
696 1008 736 1058 rei
748 1019 842 1058 natura
856 1005 996 1058 verisimile
1012 1019 1052 1058 est
1065 1004 1133 1059 ludis
1148 1007 1229 1077 Capi-

182 1091 283 1156 tolinis,
298 1090 465 1145 commissum
482 1105 540 1141 assa
555 1085 706 1154 Thebaida,
721 1099 815 1158 utpote
831 1088 979 1157 argumenti
995 1099 1050 1140 tam
1065 1086 1161 1154 alieni,
1178 1105 1229 1140 uec

183 1169 326 1242 quidquam
340 1169 460 1222 facientis
476 1181 524 1222 aut
540 1165 575 1220 ad
590 1166 681 1220 laudes
694 1166 847 1219 itutituioris
863 1179 909 1218 aut
924 1165 1040 1218 numinis
1051 1166 1094 1218 cui
1108 1166 1231 1217 institue-

183 1248 296 1312 bantur3
308 1251 384 1318 eujus
394 1249 432 1299 rei
440 1249 468 1300 in
477 1246 631 1318 hujumodi
640 1247 755 1318 negotiis
764 1247 831 1298 ratio
841 1247 974 1318 proeoipue
984 1243 1146 1297 habebatur:
1159 1244 1230 1297 uude

182 1330 340 1402 Delphidius
358 1329 431 1402 apud
444 1329 608 1399 husonium,
625 1327 685 1379 loco
700 1341 955 1398 supramemorato,
973 1328 1070 1380 dicitur
1085 1343 1151 1400 puer
1165 1327 1231 1379 cele-

184 1413 263 1464 brasse
272 1412 379 1477 doum,
394 1413 421 1462 in
432 1409 474 1462 his
487 1409 569 1472 ludis3
582 1408 653 1461 unde
668 1410 745 1461 etiam
758 1412 840 1480 magis
854 1409 992 1480 probabile
1005 1423 1043 1461 est
1055 1411 1165 1462 Statium
1178 1407 1231 1461 hoc

184 1491 244 1544 loco
257 1491 394 1561 scripsisse
406 1489 502 1557 larua,
516 1502 546 1542 ut
561 1488 640 1540 simul
657 1491 726 1542 forte
743 1488 852 1541 adludat
864 1488 899 1540 ad
912 1492 1043 1560 poematis
1056 1490 1097 1541 sui
1108 1488 1231 1555 titolum,

184 1573 231 1643 qui
246 1571 331 1635 toret,
346 1570 440 1622 lectra
455 1587 503 1623 seu
517 1569 638 1622 Lustrum
652 1569 724 1621 Jovis
738 1569 895 1640 Capitolini,
910 1566 953 1620 vel
967 1569 1085 1620 Lustrum
1105 1568 1232 1639 Capitoli-

185 1671 265 1714 nam,·
277 1653 305 1702 io
318 1667 372 1721 quo
384 1662 438 1702 tarn
447 1649 595 1704 Domitiani
606 1649 774 1715 institutoris,
788 1667 866 1722 mem
877 1650 949 1701 Joeis
961 1648 1052 1701 laudes
1061 1649 1160 1720 optime
1169 1667 1233 1700 con-

183 1730 294 1801 jungere
303 1730 392 1800 potuit
401 1741 497 1799 poeta:
513 1739 540 1778 et
549 1731 641 1780 docem
654 1727 761 1799 quidam
773 1728 800 1779 iu
813 1746 846 1780 oo
857 1739 981 1799 poemate
993 1726 1065 1798 quod
1077 1726 1147 1779 ludis
1157 1727 1234 1798 Cepi·

185 1809 274 1863 tolinis
292 1807 491 1874 committebat,
509 1806 622 1858 Statium
640 1803 788 1858 celebrasse
807 1803 872 1856 inde
889 1804 999 1876 probari
1018 1815 1125 1876 potest,
1144 1803 1233 1874 quod,

187 1905 269 1958 quum
282 1885 428 1952 exciderat,
443 1897 522 1936 vocat
537 1887 630 1937 lovem
644 1901 740 1937 storum
753 1897 779 1936 et
795 1884 941 1958 ieqrotum,
958 1903 1037 1938 carm.
1053 1883 1087 1936 ad
1100 1885 1233 1950 Uxorem,

186 1979 266 2039 prout
277 1984 358 2038 supra
367 1967 533 2018 monuimus:
547 1981 630 2036 quare
639 1981 702 2017 vero
714 1965 860 2040 inpretatur,
872 1965 924 2016 uisi
933 1963 1007 2035 quod
1018 1981 1169 2017 successum
1177 1981 1233 2015 uon

186 2045 306 2098 attribuit
319 2059 404 2116 postu
420 2044 507 2097 laudes
520 2047 575 2115 ejus
590 2045 715 2095 canenti?
732 2045 921 2116 Imperatorem
939 2061 1047 2114 quoque
1067 2061 1128 2096 suas
1147 2041 1234 2095 laudis

186 2137 276 2196 partes
285 2127 312 2176 iu
323 2123 477 2196 hujusmodi
489 2122 595 2176 ludicris
606 2121 730 2178 habuisse
742 2135 817 2194 patet
828 2123 861 2176 ab
872 2121 993 2194 exemplo
1004 2122 1051 2174 illo
1064 2123 1135 2194 apud
1147 2123 1233 2175 Tacit.

187 2209 258 2256 Anu.
267 2206 340 2271 xvt,
353 2221 377 2254 o.
389 2221 418 2271 a,
434 2205 493 2255 ιΔο
505 2203 575 2254 forte
588 2201 786 2276 quinquennale
796 2201 929 2254 ludicrum
939 2202 1057 2256 secundo
1069 2202 1154 2255 lustro
1164 2201 1235 2255 cele·

188 2281 326 2346 brabatur3
338 2281 541 2335 enarratoribus
550 2282 891 2354 oratoribusqueprtecipua
899 2285 1007 2334 materis
1015 2283 1155 2336 inlaudem
1163 2285 1234 2355 prin·

188 2365 254 2435 cipis
265 2362 386 2415 adsumta
396 2375 447 2425 est3
459 2386 470 2408 ι
483 2375 509 2413 et
518 2380 550 2414 ex
562 2362 639 2414 Plinii
648 2365 744 2432 Paneg.
755 2382 778 2413 c.
791 2362 839 2429 54:
854 2363 907 2414 «Et
917 2364 976 2433 quis
988 2366 1042 2434 jam
1051 2362 1126 2415 locus
1135 2365 1234 2415 miserm

188 2443 346 2497 adulationis
359 2443 483 2495 manebat
496 2444 617 2516 ignarus,
631 2462 713 2516 quum
724 2441 817 2494 laudes
829 2444 1022 2516 imperatorum
1036 2443 1105 2496 ludis
1117 2446 1196 2495 etiam
1209 2456 1236 2494 et

189 2523 419 2578 commissionibus
429 2523 659 2575 celebr-arentum·
674 2521 725 2574 Sed
735 2521 804 2574 clere
816 2522 911 2593 probat
922 2524 1015 2590 Quint.
1028 2524 1091 2575 lust.
1104 2525 1151 2588 lll,
1165 2541 1193 2595 7,
1204 2526 1235 2594 4,

191 2601 280 2654 leudes
297 2601 369 2652 Joois
385 2611 536 2670 perpetuam
554 2601 636 2652 fuisse
654 2600 734 2669 hujus
752 2599 895 2672 Capitolini
914 2602 1064 2654 certaminis
1084 2605 1234 2656 materiam:

192 2681 255 2732 «Au
275 2677 368 2730 leudes
385 2678 529 2748 Capitolini
547 2679 634 2745 lovis,
652 2693 780 2750 perpetua
799 2681 866 2732 sacri
886 2683 1034 2732 certaminis
1053 2683 1179 2748 materia,
1195 2683 1236 2736 vel

191 2760 276 2812 dubio
291 2772 369 2825 sunt,
387 2757 429 2809 rel
443 2775 497 2809 non
517 2762 633 2812 oratorio
652 2777 749 2830 genere
767 2761 951 2812 tractamur?-
968 2759 1077 2815 Thebais
1089 2763 1170 2832 igitur
1182 2781 1236 2818 non

192 2840 320 2894 committi
336 2839 423 2910 potuit
436 2835 490 2890 hoc
506 2855 605 2909 agone,
625 2841 652 2891 in
670 2857 724 2910 quo
738 2837 810 2892 Jovis
824 2837 910 2892 laudes
924 2855 999 2894 erant
1010 2855 1135 2916 perpetua
1149 2857 1237 2896 vatum

193 2923 310 2973 materia.
325 2918 376 2972 Sed
390 2916 463 2968 aliud
477 2930 660 2989 argumentum
673 2919 837 2971 verissimum
852 2933 877 2971 et
894 2919 1070 2974 firmissimum
1085 2935 1177 2976 contra
1193 2943 1238 2978 eos

192 3003 237 3073 qui
248 2999 302 3052 boc
313 2999 346 3051 de
360 2997 489 3050 Thebaide
498 3010 631 3065 statuunt,
643 2998 706 3051 duci
717 3012 806 3070 potest
818 3015 848 3050 ex
861 2999 933 3072 ipsa,
945 2997 990 3051 lib.
1003 2999 1064 3068 xtt,
1077 2999 1129 3056 810
1142 3016 1168 3054 et
1179 3021 1237 3076 sqq.

191 3081 240 3132 ubi
253 3097 321 3152 opus
332 3097 410 3132 saum
422 3081 458 3130 itu
471 3077 617 3150 alloquitur
630 3078 742 3130 Statius:

374 3177 518 3234 'Dumhisum
529 3193 626 3241 precor,
638 3177 780 3242 dominoque
789 3175 867 3240 legere
877 3190 1005 3242 superstes,

380 3249 466 3296 Omihi
476 3249 581 3296 bissenos
591 3249 688 3295 multum
698 3248 791 3311 vigilata
801 3265 843 3311 per
852 3265 924 3295 annos

379 3321 485 3368 Thebai-t
491 3321 539 3380 jam
548 3331 613 3366 certe
621 3335 724 3382 presens
732 3321 775 3366 ribi
785 3319 844 3365 tama
854 3319 982 3381 benignum

377 3394 461 3442 Strerit
470 3393 526 3448 iter,
537 3394 654 3454 crepitque
662 3405 748 3438 auram
758 3403 886 3437 monstrare
892 3389 985 3436 *trimus

195 3491 294 3562 atqua
310 3491 410 3556 fronte,
429 3507 533 3560 quaeso,
550 3489 637 3541 dicere
650 3490 737 3560 potuit
750 3489 847 3542 Statius
854 3489 1026 3562 fomamjum
1039 3493 1154 3544 stravisse
1167 3494 1239 3544 berri-

193 3590 276 3644 pnum
289 3569 338 3620 iter
347 3567 408 3620 huic
420 3572 551 3640 poemati,
565 3571 625 3622 siin
639 3571 825 3624 commissione
838 3571 894 3642 ejus
907 3569 1057 3640 excidisset,
1071 3585 1098 3626 et
1110 3591 1165 3626 oon
1178 3573 1241 3646 pla·

195 3649 301 3702 ruisset?
316 3645 369 3700 Sed
380 3646 436 3699 hec
453 3649 525 3700 eatis.
540 3647 634 3702 Obiter
646 3659 734 3700 tamen
747 3649 896 3704 monendos
911 3670 938 3705 es
955 3671 1003 3722 pro
1023 3655 1177 3725 recepitque
1190 3671 1241 3705 no·

196 3747 256 3780 vam
273 3740 419 3780 monstrare
437 3727 567 3793 futuris,·
585 3726 636 3800 legi
651 3727 765 3795 debere,
786 3752 797 3774 ι
808 3733 940 3803 carpitque
957 3734 1026 3784 viam
1038 3747 1185 3784 monstrare
1197 3733 1241 3784 fu·

198 3810 278 3860 turis:
290 3832 300 3853 a
315 3821 388 3879 putet
399 3805 452 3857 huc
465 3820 520 3858 tum
534 3825 564 3860 ex
576 3826 655 3860 sensu
666 3805 728 3879 (qui
740 3809 767 3860 iu
783 3807 866 3864 altera
877 3811 991 3864 lectione
1002 3811 1092 3866 nubes
1102 3811 1173 3881 est),
1185 3824 1241 3863 urm

198 3887 295 3940 existis
307 3887 404 3940 Stravit
413 3887 466 3939 iter.
480 3885 549 3952 Scis,
561 3889 669 3958 opinor,
678 3885 705 3939 ri
714 3890 804 3961 pressit
812 3891 839 3941 in
850 3892 919 3958 istis,
936 3895 1014 3946 «fleu
1024 3891 1097 3964 quod
1107 3909 1151 3945 ne
1160 3895 1243 3946 dns

199 3983 310 4038 quercus
323 3983 376 4017 non
388 3967 482 4036 pressit
495 3962 578 4031 oliva,
589 3990 599 4013 ι
611 3963 682 4017 idem
694 3985 750 4020 esse
762 3967 898 4038 accinxit,
910 3973 1058 4031 coronario
1066 3970 1103 4024 de
1111 3989 1167 4044 ψ
1177 3989 1242 4025 rose
