2850 4488
386 301 517 366 arear
541 256 727 387 Quium
751 307 1000 374 sutrinum.
1147 315 1211 392 4⁵³

162 408 349 501 xapostropbnt
359 427 585 501 frequentiaeimee
595 449 665 498 ease,
679 432 723 484 ubi
732 431 765 486 de
773 433 864 506 fluviis
875 453 962 488 sermo
976 450 1027 499 εει,
1042 451 1068 490 et
1080 437 1114 490 ob
1129 437 1213 504 bane,

172 512 279 581 opinor,
298 511 443 577 rationem,
461 513 524 582 quia
539 528 587 581 pro
604 513 754 566 numinibus
771 515 824 567 eive
841 517 955 587 personis
968 518 986 568 ii
1000 518 1120 571 sumendi
1136 534 1211 580 aunt;

172 589 295 644 undeinn
305 590 460 660 epenyepier
472 591 521 644 illie
533 592 673 664 aptissimae
686 607 755 645 eunt.
768 595 866 645 Lucan.
879 595 923 660 lv,
937 611 984 647 ao:

670 723 675 734 .
686 725 691 734 .
703 724 708 735 .
719 704 873 753 ,eampoeque
882 705 990 749 coercet,

357 759 430 820 (infla
438 773 522 821 rapax.
533 759 617 806 retitur
626 757 709 807 fluctui
718 773 742 807 et
750 759 817 808 litora
827 776 896 809 curru

358 829 446 876 Oceani
454 828 570 892 pepulitee
579 841 621 876 tuo
630 846 636 876 z
646 847 698 878 nem
709 833 796 894 gurgite
806 833 877 878 mixto

357 900 403 960 Qui
411 912 504 962 priettat
512 901 578 948 terrie
587 899 662 948 aufert
670 903 713 948 tibi
722 918 808 950 nomeu
816 903 897 950 lberua
905 922 913 960 ;

172 990 210 1042 ita
223 986 379 1059 legendnm
394 987 475 1059 vulgo
492 1001 589 1042 coercet
604 1001 631 1041 et
643 1009 702 1052 suo;
714 992 787 1062 Virg.
803 993 860 1044 AEn.
873 993 936 1056 vll,
952 991 1018 1058 684:
1037 1010 1125 1064 «quos
1139 991 1213 1045 divus

172 1069 293 1141 Anagnia
306 1069 409 1140 pescia,
422 1068 511 1137 Quos,
526 1071 658 1122 Amasene
673 1084 784 1143 patem-
798 1071 875 1126 Ovid.
893 1073 994 1123 Pontio.
1008 1073 1052 1139 Ν,
1068 1089 1115 1139 ro,
1128 1090 1152 1123 v.
1166 1071 1214 1135 51,

355 1167 383 1212 Et
393 1177 432 1222 tu,
443 1167 563 1222 feminea,
573 1165 740 1225 Thermodon,
750 1171 843 1231 cognite
852 1181 949 1226 turmae,

386 1238 413 1282 Et
423 1236 540 1300 quondam
550 1238 638 1296 (iniit,
648 1237 731 1295 Phari,
741 1240 814 1302 petita
823 1241 885 1286 ririr.

171 1323 301 1376 Plurimua
313 1326 342 1376 in
357 1322 510 1396 hujusmodi
528 1325 750 1398 appellationibus
765 1326 891 1391 Ovidium
909 1327 955 1382 ted
972 1340 998 1380 ct
1012 1345 1101 1381 omnm
1114 1329 1214 1399 pariter

171 1417 265 1558 pluet&
284 1407 401 1458 Utuntur
413 1404 464 1458 hac
478 1405 562 1479 ligura
576 1409 653 1459 etiarn
669 1420 803 1471 oratoree3
820 1407 880 1460 vide
894 1407 1049 1477 Quintilian.
1065 1407 1211 1460 Declamat.

202 1523 211 1554 ,
262 1523 268 1535 .

210 1625 267 1680 150.
289 1627 357 1700 Quor
360 1628 451 1700 fertur
458 1627 574 1700 placidos
583 1629 662 1682 obisse
670 1629 770 1682 Nestor.
784 1629 864 1682 Plane
873 1626 1028 1700 legendum,
1039 1629 1108 1699 Quot
1113 1629 1214 1702 fertore

150 1747 154 1754 .
170 1724 235 1780 quos
252 1719 292 1760 eat
307 1707 408 1781 quoles,
423 1722 453 1759 ut
468 1724 552 1778 σερε,
567 1725 648 1779 quum
664 1710 744 1778 igitur
759 1710 813 1779 jam
831 1708 926 1761 dixerit
940 1727 1011 1782 geres
1027 1724 1109 1760 annos
1125 1708 1213 1780 quales

168 1785 264 1840 Nestor
274 1787 374 1861 percitae
384 1786 487 1853 dicitur,
501 1804 556 1838 non
571 1804 639 1857 opue
652 1799 733 1838 estut
747 1785 868 1854 addatur,
879 1789 960 1838 immo
975 1785 1089 1838 absurde
1103 1785 1213 1839 addere·

168 1877 215 1918 tur
221 1864 352 1937 placidum
365 1865 418 1918 boc
429 1867 499 1918 enirn
510 1879 590 1936 pacto
603 1864 716 1937 qualitas
727 1884 858 1919 annorum
870 1867 906 1920 dis
917 1867 1119 1936 exprimeretur3
1132 1883 1212 1936 quarn

168 1947 236 1999 tatia
245 1943 356 1998 denotat
366 1964 416 1999 vox
426 1945 551 2018 placidos.
562 1943 603 1997 Sic
613 1957 639 1996 et
647 1963 723 1997 versu
733 1947 850 2017 proxime
863 1946 996 2018 sequenti,
1011 1945 1079 2015 Quot
1088 1943 1212 1997 Tithonia

167 2035 440 2097 computationem,
459 2044 513 2078 non
529 2025 605 2096 Quos.
624 2027 725 2078 Pariter
739 2025 970 2078 commutabantur
987 2023 1121 2077 herecee
1139 2022 1212 2094 apud

166 2102 246 2159 Ovid.
260 2103 350 2155 Amor.
363 2106 389 2170 1,
405 2105 449 2171 13,
461 2124 484 2157 v.
499 2103 546 2172 43,
562 2103 700 2177 addepice
713 2118 780 2177 quot
792 2123 899 2158 somnos
908 2105 999 2175 juveni
1010 2103 1115 2156 donarit
1126 2106 1211 2156 amico

164 2182 279 2245 buum»
293 2183 329 2236 ita
342 2200 373 2235 ex
383 2181 457 2236 libris
469 2185 590 2238 Heinsius
602 2203 651 2255 pro
663 2204 740 2256 quom
752 2198 779 2237 et
791 2185 863 2256 apud
875 2186 1055 2254 Propertium,
1068 2184 1092 2250 1,
1107 2201 1135 2248 a,
1150 2195 1213 2256 quot

164 2260 267 2316 coloret
280 2259 350 2313 idem
363 2264 477 2316 restituit
490 2282 538 2336 pro
552 2281 623 2337 quos.
641 2263 846 2335 conjunguntur
858 2281 920 2316 vero
934 2274 1000 2337 quot
1014 2275 1041 2315 et
1053 2273 1167 2336 quanta,
1181 2276 1212 2314 ut

165 2340 256 2396 Valer.
272 2340 358 2395 Flace.
373 2343 411 2410 ΙΙ,
426 2342 494 2398 ⁵63:
512 2345 607 2413 «Quot
618 2341 683 2396 mibi
696 2355 758 2415 poet
771 2342 905 2413 lacrimae,
918 2356 982 2416 poet
995 2355 1094 2416 quauta
1105 2341 1209 2413 piacula

164 2433 272 2494 patrum
284 2421 361 2475 Serus
373 2420 435 2476 adet
445 2427 451 2475 l
463 2448 474 2472 ι
489 2437 515 2477 et
527 2423 589 2476 alibi
601 2424 708 2494 passim.

205 2563 263 2616 155.
282 2565 332 2618 1th
347 2581 401 2635 quo
414 2584 492 2638 oopus
508 2565 638 2620 Herculeo.
655 2565 796 2618 Herculem
812 2567 841 2616 iri
854 2565 929 2618 ludia
943 2565 1026 2617 fuiete
1040 2561 1130 2616 scribit
1142 2562 1207 2615 Plin.

163 2661 250 2718 quum
261 2641 295 2695 de
305 2642 465 2696 Macedonia
474 2646 511 2697 ita
520 2647 571 2697 ait.
588 2668 600 2692 ι
609 2647 670 2697 line
682 2658 722 2698 eet
733 2644 813 2697 Indiae
824 2647 930 2712 victrix,
942 2663 991 2716 per
1002 2644 1109 2714 vestigia
1121 2641 1209 2695 Liberi

161 2723 252 2794 patrie
269 2733 349 2791 atque
364 2719 485 2774 Herculio
501 2735 623 2792 evagatte.
635 2746 646 2770 ι
660 2723 718 2775 Niai
731 2720 807 2776 malie
825 2721 967 2775 Columnae
983 2720 1104 2774 Herculia
1116 2720 1210 2774 intelli-

160 2819 244 2875 germ
256 2800 329 2872 qnod
340 2819 395 2853 non
406 2802 502 2873 placet.
520 2803 620 2855 Dourr.

203 2941 265 2998 163.
283 2941 390 2997 Artocen
399 2944 482 3017 erupis
491 2941 579 3017 Appia
590 2953 708 2996 reumont.
720 2944 788 2995 Hinc
798 2942 971 3016 explicandus
979 2942 1109 3013 Propertii
1120 2939 1208 3007 locus,

162 3024 211 3078 lib.
229 3023 266 3088 ll,
281 3020 365 3088 a3‚v.
381 3021 431 3090 βε
522 3054 528 3066 ι

350 3121 427 3166 Curre
436 3133 459 3166 te
468 3118 642 3184 iupilerenleum
652 3119 776 3182 deportant
784 3120 863 3168 etaeda
873 3115 962 3167 uiui?

383 3193 459 3254 Appia
467 3207 509 3238 cur
516 3193 587 3239 totiea
595 3203 618 3239 te
627 3193 664 3238 ria
673 3191 737 3238 ducit
744 3195 832 3239 enum?

162 3283 214 3338 ubi
228 3280 397 3335 intoleranda
414 3294 483 3334 eeaet
500 3283 632 3335 rusticitas
646 3282 788 3354 Propertii,
807 3283 829 3334 ei
846 3283 957 3335 amicam
978 3299 1052 3334 auam
1070 3277 1208 3352 Cynthiam

161 3381 248 3416 auron
261 3371 377 3413 vocaret.
392 3359 426 3411 Et
441 3359 493 3412 ltoc
507 3360 575 3414 adeo
590 3359 742 3412 offendebat
756 3358 943 3431 politissimum
956 3355 1164 3418 amathusiam,
1179 3368 1217 3432 ut⁸
1284 3425 1285 3428 Ἴ

160 3442 256 3495 locum
267 3439 423 3494 mendorum
437 3459 495 3494 esee
508 3459 563 3493 non
575 3438 631 3493 aine
644 3443 749 3494 ratione
761 3439 887 3493 crederet.
905 3444 935 3492 lu
948 3439 1020 3492 libris
1032 3435 1155 3489 omnibus
1169 3437 1209 3486 in-

162 3525 270 3576 venitur
284 3520 420 3573 volonum
434 3521 476 3573 vel
491 3541 570 3584 aarum
583 3523 708 3574 nimirum
723 3520 767 3573 liic
781 3535 820 3574 eet
837 3519 911 3593 qnod
926 3521 1082 3593 quaerimus,
1100 3516 1209 3587 :Appia

161 3621 215 3656 our
228 3601 308 3654 totiet
322 3613 348 3652 te
360 3603 403 3653 via
417 3598 490 3654 ducit
500 3604 602 3655 aunei·
617 3601 705 3675 Appia
717 3603 759 3654 via
773 3620 838 3654 anus
850 3601 992 3674 Propertii,
1007 3611 1046 3652 est
1060 3597 1148 3668 Appia
1161 3613 1208 3645 aa·

162 3699 231 3735 nora
244 3681 335 3744 sntii;
348 3698 416 3733 attus
425 3699 476 3753 pro
488 3699 600 3746 annoto,
616 3692 645 3733 ut
654 3681 733 3753 foma
745 3699 809 3734 antu
822 3679 895 3752 apud
906 3677 1054 3739 Catullum
1069 3685 1131 3728 resta
1144 3691 1210 3724 auus

160 3759 241 3834 apud
249 3759 403 3813 Martialem.
414 3761 456 3814 sie
465 3763 575 3832 antiqua
585 3759 679 3812 latine
689 3759 732 3812 vio
738 3799 747 3828 ,
759 3777 839 3812 carm.
850 3761 969 3832 proxime
979 3755 1112 3828 sequenti,
1124 3770 1148 3803 v.
1159 3751 1208 3816 60,

161 3839 212 3892 ubi
225 3837 306 3910 vulgo
322 3839 418 3911 legitur
431 3839 545 3912 obliqua.

414 4027 965 4064 ...ψ-..-
