2844 4484
199 279 263 349 558
388 275 526 342 NOTAE
550 275 599 338 IN
623 273 821 340 CARMEN
845 271 1046 339 PRIMUM

196 407 285 460 nubilo
296 424 353 457 non
365 416 477 476 possunt
488 403 617 456 remorari
628 417 723 454 navem
734 401 762 454 in
774 399 855 472 pleno
866 415 961 468 cursu,
975 401 1038 454 velis
1047 402 1165 456 secundis
1169 425 1179 464 ,·
1190 402 1243 456 boc

195 490 265 543 enim
283 499 323 539 est
340 495 490 550 uentorum,
508 501 564 535 non
581 481 748 536 nubilorum.-
768 484 844 535 mitto
864 481 937 552 quod
955 481 1053 535 falsum
1072 495 1126 548 est;
1142 485 1243 556 quippe

198 593 210 616 ι
220 583 283 621 tuno
297 567 402 618 interim
413 564 520 615 minime
532 577 626 617 ventos
639 577 696 629 est,
711 581 792 635 quum
804 579 851 614 aer
861 561 954 614 nubilo
968 564 1057 633 gravis
1068 575 1124 628 est,
1137 585 1149 610 ι
1164 577 1196 615 nt
1207 567 1244 617 sit

194 649 311 712 Seneca,
324 646 386 698 Nat.
402 645 501 712 Quart.
513 643 546 708 V,
561 645 594 706 3;
607 656 635 696 et
645 661 723 708 mox,
740 641 864 694 «nullum
878 653 984 714 tempus
998 644 1081 716 magis
1096 661 1178 714 quarn
1193 661 1243 697 ne-

195 728 320 782 bulosum
330 738 409 778 vento
422 737 502 774 caret.
514 746 525 770 s
538 720 666 776 Nubilore
678 735 718 774 est
729 719 850 774 nubilum
861 741 911 776 esse
920 723 962 775 rel
975 721 1094 775 nubilum
1107 723 1243 788 inlunem

195 821 225 861 ut
239 804 344 860 nubilat
352 818 398 856 aer
407 803 505 874 passim
519 803 615 872 poetis.
629 799 788 853 Adnubiiare
798 799 880 852 alicui
891 803 928 852 m·
939 815 978 854 est
992 800 1111 854 nubilum
1123 802 1244 855 inducere

188 892 269 962 justo
284 885 361 940 ilium
378 901 445 948 rm,
459 881 500 934 vel
518 881 602 946 forte,
617 881 735 932 aduersus
752 877 829 930 illam
848 897 911 932 sum.
925 881 984 931 Jsm
1000 898 1064 932 vero
1079 897 1156 932 sume
1172 881 1243 933 hanc

194 987 287 1023 vocem
301 978 361 1018 utro
375 962 439 1016 velis
455 959 617 1030 significatu,
632 957 724 1010 nubila
738 977 794 1011 non
809 957 898 1010 valent
914 976 1042 1010 remoram
1055 960 1166 1030 injicere
1181 959 1244 1014 uelit

194 1046 321 1112 sectandis,
335 1045 476 1116 sivejuxto
490 1041 555 1104 sint,
573 1041 626 1090 siva
638 1039 763 1091 adversm.
781 1040 883 1090 Dixisse
895 1035 988 1090 debuit
999 1039 1109 1104 Statius,
1125 1057 1191 1090 euru
1202 1057 1243 1092 se·

194 1131 276 1200 ipsam
288 1124 386 1197 objicit,
399 1140 454 1173 non
465 1118 555 1171 nubilo
568 1117 665 1192 oly'icit.
678 1120 735 1170 Nisi
746 1117 834 1184 fallor,
850 1119 968 1190 scripsit,
982 1131 1030 1170 sat
1040 1117 1106 1170 velis
1118 1117 1243 1170 obsibilat

194 1227 259 1262 aura
277 1203 414 1265 sccundis;
425 1225 437 1249 s
457 1219 512 1252 non
530 1198 675 1251 adnubilat.
689 1196 801 1252 Sibilum
818 1198 852 1252 de
870 1209 961 1266 muto,
981 1199 1062 1250 etiarn
1080 1199 1241 1266 uehementi,

194 1300 289 1338 notum
302 1302 334 1336 ex
347 1278 527 1350 Quintiliano,
541 1277 658 1330 Declam.
673 1278 735 1343 xit,
748 1295 776 1348 p.
795 1279 862 1331 213:
881 1300 893 1324 s
903 1279 989 1330 scissis
1003 1276 1160 1330 rodentibus
1174 1289 1242 1330 tem·

194 1377 282 1439 pestes
289 1362 412 1423 sibilans
423 1371 449 1412 ot
459 1357 517 1412 aliis
527 1371 667 1430 poetarum
677 1357 752 1411 locis.
761 1358 834 1409 Auro
842 1359 921 1410 etiam
928 1377 978 1429 pro
986 1367 1062 1410 vento
1069 1376 1166 1430 ηιαφιο
1174 1373 1242 1428 po*

195 1447 227 1498 tis
245 1444 456 1507 usitatissimum,
474 1450 504 1491 nt
523 1437 557 1490 ad
571 1436 696 1491 Ovidium
715 1437 813 1490 alicubi
831 1436 924 1490 docuit
937 1439 971 1490 cl.
986 1440 1161 1490 Burmannus.
1180 1437 1242 1489 Jam

195 1529 275 1598 igitur
291 1524 355 1577 dicit
367 1521 479 1576 Statius:
492 1520 534 1573 Sic
546 1531 639 1572 ventus
656 1518 750 1572 obvius
766 1520 851 1592 puppi
862 1519 960 1591 rapidis
972 1518 1003 1589 (i.
1019 1538 1043 1572 e.
1057 1515 1173 1570 erbum
1179 1532 1241 1588 pro-

196 1615 272 1658 vectoe
286 1619 312 1657 et
323 1604 352 1656 in
363 1599 452 1671 ιιιιιι)
463 1597 575 1666 inridet,
589 1611 615 1650 et
631 1597 791 1666 subsibilat,
805 1598 948 1671 obstrepit,
963 1599 1160 1662 obmurmurat,
1171 1594 1240 1664 obji-

196 1688 233 1738 cit
243 1681 319 1737 sibils
331 1700 379 1735 sua
387 1681 452 1734 velis
464 1677 598 1732 secundis.
609 1701 620 1726 n
639 1678 740 1732 Eodem
752 1697 831 1732 sensu
844 1679 1037 1732 obmurmurare
1052 1676 1176 1740 Ouidius,
1189 1678 1241 1728 He·

196 1762 262 1816 roid.
274 1763 372 1828 XVlll,
386 1762 430 1830 47,
444 1758 491 1812 ubi
505 1757 538 1811 do
550 1757 771 1828 Boresloquitur,
788 1757 884 1810 «Vana
894 1771 971 1830 poto,
984 1757 1163 1831 precibusque
1177 1757 1240 1808 meis

197 1843 381 1896 obmurmurat
394 1842 485 1910 ipsc„
499 1853 526 1892 et
540 1838 583 1891 hic
600 1855 693 1892 sensus
705 1838 785 1909 hujus
797 1841 998 1911 compositionis
1011 1838 1240 1910 frequentissimus

197 1936 251 1989 est,
265 1936 291 1974 et
305 1920 492 1993 oppositionem
504 1917 631 1986 denotat,
649 1937 707 1989 qure
723 1937 778 1970 non
792 1931 845 1972 tam
857 1918 926 1973 bens
939 1917 1062 1993 procedit
1076 1920 1099 1970 si
1109 1917 1181 1988 leges
1193 1915 1240 1968 ed-

196 2002 295 2063 silsilst5
310 2000 365 2054 haec
377 2003 448 2054 enim
459 2017 511 2053 vox
523 1999 629 2052 leuioris
642 1999 849 2073 significationis.
861 2000 962 2054 Auson.
975 1998 1078 2054 Mosell.
1091 2019 1116 2052 ι.
1130 1997 1196 2052 256:

709 2135 714 2144 .
725 2134 730 2145 .
742 2135 747 2145 .
758 2100 856 2162 .ercipit
865 2100 937 2146 ictum

381 2169 481 2230 ¹Spiritus
486 2198 494 2225 ,
504 2181 531 2214 ut
538 2169 618 2217 tricos
627 2169 744 2232 quondam
752 2185 796 2232 per
805 2173 874 2217 inane
883 2169 978 2232 flogellis

381 2233 445 2284 Ain-s
452 2249 544 2300 crepat,
555 2251 666 2302 motoque
676 2239 782 2288 adsibilat
791 2257 844 2288 aete
853 2253 951 2297 sentus;

195 2333 332 2390 (londino.
346 2333 380 2386 de
391 2333 474 2406 Nupt.
490 2335 549 2386 Hor
573 2347 601 2387 et
614 2335 681 2388 Mar.
695 2355 762 2390 sero.
777 2337 822 2408 67,
838 2337 977 2410 spopuleo
992 2337 1106 2407 suspirat
1120 2331 1239 2404 populus

195 2419 264 2481 ictu,
278 2415 312 2468 Et
326 2415 428 2488 platani
443 2415 571 2487 platanis,
586 2413 702 2489 alnoque
714 2417 839 2472 obsibilit
853 2417 938 2472 alnus.
950 2441 961 2467 s
975 2419 1058 2470 Nimis
1068 2417 1146 2486 igitur
1157 2413 1240 2464 molle

194 2495 223 2551 ri
232 2495 354 2551 adsibilat
364 2496 417 2548 hoc
429 2495 503 2559 loco,
518 2497 627 2548 Meursii
639 2497 770 2570 otijubilot
784 2500 912 2551 rusticum
923 2499 1014 2565 nimis,
1029 2508 1054 2548 et
1068 2493 1174 2546 cunibus
1187 2511 1239 2563 po-

193 2580 246 2632 tius
258 2593 338 2650 quant
350 2574 431 2629 vestis
443 2579 577 2629 convenit.
589 2578 666 2630 Certe
678 2580 701 2630 si
713 2579 893 2650 compositum
907 2595 922 2631 a
933 2577 1014 2630 verbo
1026 2574 1112 2628 mibiio
1124 2575 1240 2626 retinere

194 2658 272 2722 velis,
288 2669 394 2730 praestat
408 2656 542 2711 obnubilat
546 2679 556 2719 ,·
571 2657 617 2710 sed
630 2656 695 2711 mihi
709 2658 796 2711 adbuc
812 2659 901 2732 placet
916 2657 1041 2712 obsibilat.
1057 2658 1137 2708 Recte
1152 2669 1240 2708 autent

194 2738 256 2791 veiis
267 2737 394 2800 secundis,
409 2749 439 2786 ut
450 2737 529 2788 Herc.
546 2737 664 2790 Surrent.
680 2755 718 2789 vs.
736 2755 794 2809 ¹⁰7·
809 2739 886 2792 Sinus
896 2738 1018 2792 secundos
1031 2735 1095 2788 dicit
1105 2735 1239 2806 Virgilius.

193 2817 276 2869 Nemo
289 2818 369 2887 igitur
379 2815 506 2883 conjiciat
517 2814 598 2868 uentis
611 2813 733 2868 secundis.

231 2965 288 3020 158.
308 2965 358 3019 Nil
368 2983 409 3019 ort
421 2979 525 3038 operosa
539 2966 687 3018 medentum
699 2965 839 3018 dusilioto
849 2965 934 3019 maiis.
947 2966 1070 3036 Proprie,
1084 2975 1114 3014 nt
1126 2977 1240 3032 semper,

193 3045 310 3118 loquitur
317 3045 416 3099 Statius
425 3048 453 3098 in
462 3063 528 3097 voce
538 3043 667 3098 auxiliata
672 3066 683 3107 ‚·
694 3045 822 3097 scottum
835 3048 904 3098 enim
915 3043 1073 3096 medicorum
1083 3059 1142 3095 vox.
1154 3043 1238 3094 Soter.

192 3125 285 3178 Gallie.
297 3144 322 3178 r.
338 3143 402 3192 ιιι,
418 3125 552 3196 sAdjutst
566 3127 624 3196 ipse
635 3127 719 3191 Deos,
732 3125 879 3198 morboque
890 3124 1021 3178 valentius
1033 3125 1107 3175 omni
1118 3123 1240 3192 Occupat

193 3204 333 3270 auxilium
344 3231 356 3255 s
371 3206 498 3274 Ovidius,
514 3206 621 3259 lleroid.
634 3211 667 3273 V,
682 3203 744 3272 15⁴:

378 3313 448 3375 Quod
457 3329 535 3376 neque
544 3313 686 3376 graminibus
695 3309 763 3359 tellus
772 3312 872 3359 lecunda
882 3311 989 3359 creandis

408 3385 456 3431 Nec
466 3386 542 3442 Deos,
553 3383 665 3432 auxilium
672 3397 697 3430 tu
707 3382 763 3430 mihi
773 3383 835 3430 terre
844 3395 928 3447 poten

194 3471 279 3545 idem,
292 3475 366 3532 liem.
379 3481 468 3534 Amor.
482 3501 508 3536 v.
521 3483 572 3550 48,
589 3506 601 3529 s
610 3477 733 3535 Vulneris
745 3481 872 3535 auxilium
882 3481 966 3535 Pelias
980 3479 1057 3534 hasta
1068 3477 1141 3539 tulit;
1152 3502 1163 3526 ι
1177 3477 1241 3530 Pro-

194 3560 308 3631 pertius,
321 3565 345 3629 1,
363 3579 386 3629 1,
400 3582 424 3615 v.
439 3563 487 3617 26:
677 3623 684 3628 ,

376 3659 404 3704 lit
413 3675 469 3716 vos,
480 3660 521 3723 qui
529 3675 582 3707 sero
590 3659 681 3723 lapsum
690 3662 817 3716 resumtis,
827 3662 910 3718 amici,

410 3729 510 3788 Quarite
520 3745 567 3776 uon
576 3731 626 3776 sani
635 3731 736 3792 pectoris
745 3731 829 3777 auxilia
838 3749 845 3787 ς

196 3819 281 3874 vater.
295 3823 400 3878 Maxim.
416 3827 444 3889 l,
459 3825 492 3891 8,
506 3825 540 3878 de
556 3828 640 3879 cervis
654 3827 840 3881 Cretensibus:
858 3851 870 3875 ι
880 3847 946 3900 quos
961 3829 1063 3898 sagittis
1077 3823 1195 3878 confixas
1207 3822 1240 3876 sd

196 3903 310 3958 salutare
327 3905 451 3958 antulium
464 3901 552 3959 barbe
566 3903 692 3960 dictamni
706 3922 809 3963 tanturn
821 3925 876 3962 oon
889 3911 943 3962 suis
954 3907 1078 3960 manibus
1092 3905 1216 3972 deducit,
1227 3929 1238 3952 ι

197 3983 253 4038 seil.
265 3985 376 4040 Notum.
386 3987 494 4054 Celsus,
507 3987 581 4058 prol.
594 3987 639 4042 lib.
655 3989 679 4054 Ι,
692 3991 748 4042 init.
760 4010 767 4040 ε
782 3988 936 4059 usiquidem
948 3991 1027 4042 enam
1039 3987 1239 4060 imperitissime
