2776 4484
126 338 1167 364 ἈΜΜΝἊΜΜΜΜΜΜΜἏΜΜΜΜΜΜΜΜΜ

543 559 757 663 NOTAE

180 836 237 912 ιιι
264 831 487 912 clinno
513 789 765 908 rsrrrnn
790 833 938 908 Lissi
965 835 1119 911 PRIMI

528 1062 780 1128 SlLVARUM.

140 1556 210 1607 Vm.
225 1572 250 1606 n.
266 1515 384 1604 dunno
398 1548 506 1602 Aniene.
524 1551 565 1600 Ne
580 1551 640 1622 quis
655 1553 750 1602 iterum
764 1567 824 1602 cuni
837 1550 943 1603 barthio
959 1553 1098 1604 artificium
1112 1573 1182 1624 quae-

141 1648 178 1686 ret
192 1637 219 1686 in
230 1631 273 1686 bis
285 1629 386 1696 serbis,
402 1629 479 1701 quasi
492 1631 577 1682 amnis
590 1629 658 1682 villis
676 1647 691 1681 s
708 1642 802 1682 natura
819 1631 897 1683 factis
911 1633 1053 1685 accessisse
1068 1633 1183 1699 dicatur,

141 1711 168 1764 id
178 1731 287 1780 nonen,
297 1722 406 1784 poetam
416 1707 542 1760 eudscins
554 1707 635 1760 verbo
648 1727 726 1762 usum
739 1727 810 1776 esse,
823 1709 896 1782 quod
905 1713 1011 1783 proprie
1022 1711 1056 1764 de
1069 1711 1175 1764 flumini·

142 1789 188 1845 bns
201 1807 285 1846 terres
296 1789 477 1843 diuidentibus
489 1787 647 1860 ponebatur.
672 1789 754 1840 Hsrn.

175 1915 199 1966 3.
214 1915 269 1967 Ant
277 1915 395 1988 potuit...
406 1928 516 1963 noscere.
528 1912 761 1984 Corruptissimum
773 1931 889 1966 carmen.
903 1915 960 1966 lloc
970 1917 1049 1987 igitur
1061 1935 1184 1988 agamus,

143 1995 242 2049 lector.
255 1999 337 2048 lleote
351 2007 441 2045 sutem
453 1993 544 2046 omnia
557 1993 705 2064 procedunt
718 1993 751 2046 ad
765 2013 802 2046 vs.
818 1996 848 2062 8,
860 1997 959 2068 qnippe
974 2015 1088 2062 noscere,
1103 2017 1141 2050 vs.
1155 1999 1185 2064 3,

145 2075 257 2147 probum
275 2089 328 2140 est,
346 2088 376 2126 nt
392 2073 477 2125 Theb.
497 2075 546 2139 Xl,
560 2073 621 2144 373.
636 2076 676 2126 lta
689 2093 839 2150 requescere
850 2074 943 2127 eodem
958 2096 1037 2130 sensu
1049 2077 1186 2130 Sallustius

146 2156 207 2210 Bell.
220 2156 294 2210 Catil
309 2173 353 2219 ιη
367 2155 459 2210 senec.
471 2155 549 2206 Hero.
562 2157 623 2208 Fur.
634 2175 658 2206 v.
673 2155 747 2210 1060.
762 2157 868 2210 Comere
881 2169 907 2210 et
923 2177 1071 2230 cognoscere
1086 2160 1187 2232 pariter

147 2240 283 2310 conjungit
293 2239 459 2310 Propertius,
471 2237 498 2302 l,
510 2235 541 2302 6,
555 2235 595 2288 13.
606 2239 666 2290 lino
676 2235 791 2304 adnoto,
803 2239 889 2290 necui
901 2238 1086 2294 adblandiatur
1095 2245 1187 2308 uisere,

147 2337 178 2370 ex
188 2317 285 2370 Boethii
296 2317 404 2371 Consol.
417 2316 464 2368 lib.
476 2315 521 2383 IV,
537 2317 616 2370 Metr.
632 2335 679 2382 ra,
698 2331 725 2370 et
735 2317 823 2372 Veler.
834 2316 920 2372 Flnoc.
939 2322 984 2386 lV,
1004 2339 1063 2373 nro.
1081 2323 1189 2374 Gemere

148 2399 331 2530 eodeprupensn
345 2417 399 2472 qno
417 2397 475 2463 hic,
493 2400 576 2452 utitur
592 2397 720 2456 Thebaid.
737 2398 844 2466 1,386,
861 2415 1001 2454 «actutum
1016 2403 1088 2473 regia
1104 2404 1189 2457 cernit

148 2493 210 2530 resn
257 2498 279 2531 e.
292 2503 303 2525 ι

183 2601 208 2666 i.
229 2603 405 2675 &mutesque
424 2599 472 2652 sibi
492 2599 628 2652 deminum
646 2600 784 2672 defendere
802 2599 886 2653 villas.
908 2602 1030 2654 Barthius
1047 2602 1190 2667 intellexit,

151 2677 230 2730 aliern
241 2679 326 2732 sillam
338 2679 438 2744 bieme,
456 2677 533 2732 uliam
549 2691 639 2732 estate
657 2677 706 2732 sibi
721 2677 863 2732 defendere
877 2679 1022 2732 dominum.
1036 2681 1069 2731 Et
1082 2681 1191 2733 lessius

150 2755 227 2810 hec:
242 2759 388 2831 sintelligs,
402 2760 436 2814 ab
448 2774 514 2812 aestu
526 2758 681 2826 defendere,
693 2774 722 2812 ut
734 2762 782 2828 Ill,
797 2777 878 2830 1,70,
890 2759 943 2813 vid.
955 2761 1144 2814 Mitscherlioh.
1158 2760 1192 2812 ad

151 2839 246 2890 Horat.
255 2839 341 2892 Germ.
351 2842 375 2906 l,
385 2857 425 2911 17,
435 2841 460 2894 3.
473 2865 484 2888 s
496 2843 558 2893 Non
568 2843 605 2892 itu
615 2853 700 2902 rectc;
712 2859 773 2892 nam
782 2855 862 2910 poeta
872 2840 952 2892 dicit:
964 2839 1032 2892 villis
1042 2842 1192 2892 amoenitate

151 2935 202 2972 sue
215 2933 331 2986 certent,
345 2930 495 2992 utquisque
510 2919 561 2971 sibi
571 2919 687 2972 vindicet
701 2919 852 2984 dominum,
867 2936 981 2989 eumque
995 2930 1142 2968 morantem
1153 2931 1194 2968 se-

150 3011 221 3050 neat.
234 3001 283 3052 ffic
301 3017 362 3052 vero
378 3000 450 3052 verbi
465 3017 529 3053 usus
541 2997 615 3052 band
628 3000 767 3071 frequens,
782 3016 861 3070 quem
874 2995 1055 3066 lexicographi
1072 3013 1127 3048 non
1142 2997 1192 3048 nisi

149 3080 176 3129 in
185 3079 298 3150 Digestis
309 3079 498 3148 observarunt,
510 3079 542 3133 ad
554 3083 686 3133 recentius
698 3097 781 3132 arvum
794 3079 928 3151 pertinere
939 3075 1051 3130 videtur.
1062 3075 1194 3148 Vopiscus

150 3159 176 3208 in
186 3161 247 3212 Visa
259 3160 354 3226 Probi,
367 3177 427 3232 cup.
442 3162 473 3213 d:
490 3159 561 3213 used
576 3180 657 3233 quum
670 3172 785 3233 quatuor
796 3158 836 3210 illi
850 3157 945 3210 milites
960 3158 1026 3207 inter
1039 3175 1067 3209 se
1082 3169 1194 3212 conten·

149 3237 256 3308 decent,
266 3259 299 3293 uc
306 3254 407 3293 sortem
417 3240 468 3293 sibi
476 3242 589 3314 quisque
598 3239 766 3306 defenderet,
774 3241 854 3310 jussit
863 3239 957 3291 iterum
968 3239 1060 3308 agitari
1069 3255 1171 3289 urnam.
1182 3262 1192 3285 a

150 3317 275 3374 dinditer
287 3319 375 3374 Tbeb.
389 3321 435 3390 lv,
446 3323 513 3389 don:
532 3339 723 3376 :communem
734 3323 804 3394 petis
819 3319 961 3374 defendere
973 3330 1102 3384 montem,
1113 3342 1124 3365 s
1141 3321 1157 3370 i.
1172 3337 1195 3370 e.

149 3398 295 3454 vindicare.
313 3403 397 3452 Huc.

187 3525 211 3578 Β.
230 3527 399 3600 Pisaeumque
410 3529 500 3582 domur
511 3547 564 3581 non
575 3539 784 3582 novarensium.
795 3526 890 3580 Nullus
902 3525 929 3578 in
940 3525 983 3578 his
996 3522 1082 3577 verbis
1095 3539 1196 3576 sensus·

149 3603 270 3680 Concipe
281 3609 371 3676 enim,
387 3609 409 3660 si
423 3621 514 3680 potes,
527 3607 663 3681 quomodo
676 3607 770 3662 domus
785 3619 875 3679 potest
886 3617 995 3658 oestuars
1008 3603 1041 3673 (i.
1054 3622 1077 3656 e.
1089 3615 1199 3656 nstnsre

149 3684 253 3760 from)
272 3705 375 3740 annum
390 3689 502 3742 Pisaeum
519 3687 630 3760 (idest,
648 3685 786 3756 testatem).
800 3690 883 3739 lorino
897 3697 990 3738 contra
1003 3695 1077 3738 restes
1092 3679 1201 3734 domurn

149 3779 262 3820 cernere
276 3767 356 3836 iscis,
368 3784 423 3819 nou
437 3767 532 3822 doinus
544 3779 667 3822 aestatem.
683 3764 859 3838 Corrigendus
871 3765 950 3836 igitur
961 3763 1049 3828 locus,
1060 3772 1202 3832 antequem

150 3844 351 3919 intelligendus.
366 3847 450 3918 Lege,
468 3850 623 3920 sPisoeoqne
638 3847 732 3901 domin
746 3864 801 3900 non
816 3859 908 3900 estuat
922 3863 1023 3898 anno.»
1039 3843 1100 3894 lun
1115 3839 1202 3892 omnia

149 3927 250 3980 facilia.
266 3928 367 3980 Sensus
382 3940 439 3980 est:
457 3931 519 3981 Haec
534 3929 626 3984 Manlii
642 3929 703 3982 villa
718 3929 785 3982 adeo
799 3925 893 3998 frigida
907 3938 963 3990 est,
982 3935 1008 3975 et
1022 3919 1161 3974 arboribus
1179 3929 1205 3969 et

149 4005 276 4059 fontibus
288 4008 314 4057 in
324 4005 450 4060 cubicula
459 4007 579 4062 admissis
590 4023 645 4060 tam
652 4007 721 4061 bene
729 4021 899 4080 temperatur,
909 4018 939 4057 ut
949 4005 1026 4056 etism
1036 3998 1121 4052 media
1131 4011 1205 4051 aestes

1010 4117 1040 4178 7.
