2782 4486
391 336 521 401 LIBRI
544 339 721 421 QUINTI
745 337 996 404 SILVARUM.
1148 333 1210 402 651

171 475 230 516 ctee
246 463 330 515 crines
346 463 465 534 Accipit,
480 475 506 515 et
522 461 595 515 molli
614 462 773 516 subnectens
788 461 902 515 circulus
917 477 1011 514 suro.»
1030 463 1171 514 innumere
1185 479 1218 514 ex

171 541 324 594 auctoribus
335 544 450 613 antiquis
459 541 512 594 buc
523 543 646 595 facientia
656 542 718 595 eddi
729 554 851 615 possunt.
862 541 1028 606 Gronovius,
1040 541 1122 592 Distr.
1133 558 1157 591 c.
1169 539 1217 608 54,

170 639 221 692 pro
239 622 361 674 subnixus
377 624 471 676 acriter
489 636 515 675 et
529 622 608 675 docte
627 620 778 686 contendit;
793 621 865 694 quod
879 619 945 672 nihil
964 616 1036 671 eliud
1049 632 1102 686 cst,
1115 621 1218 689 inquit,

172 717 252 770 quem
270 704 429 774 suppositus,
446 695 563 768 indutus,
578 703 801 756 circumamictus:
818 700 870 753 hoc
885 699 981 772 probet
1000 717 1031 750 ex
1047 697 1092 751 Sil.
1109 698 1218 764 italico,

171 778 298 852 Virgilio,
309 782 410 835 AEneid.
421 783 470 847 lll,
483 797 509 835 et
519 783 681 850 Claudiano,
690 783 776 849 xvii,
788 781 839 835 333
850 780 884 834 de
893 782 973 833 Cons.
984 778 1081 846 Mellii,
1090 777 1138 830 ubi
1146 777 1218 830 bunc

172 857 247 912 Statii
259 861 348 914 locum
360 865 493 916 imitatur:
1267 871 1273 884 ’

358 949 446 999 Consul
454 967 497 1015 per
506 952 619 1016 populos,
630 952 738 1014 idemque
748 951 894 1014 gravissimus
903 959 984 996 auctor

357 1022 448 1086 Eloquii
457 1057 465 1080 ,
474 1024 561 1086 duplici
570 1026 627 1070 vitts
635 1024 747 1070 subnixus
755 1025 779 1069 in
788 1037 863 1068 sevum

358 1094 481 1152 Procedit,
491 1093 556 1143 libris
564 1095 653 1158 pariter
661 1095 772 1159 tutisque
782 1092 903 1158 legendus.

172 1184 264 1239 Elernt
278 1190 357 1242 etism
371 1193 556 1246 Gevsrtinnam
572 1197 599 1246 in
614 1192 752 1266 Virgilium
769 1195 964 1264 conjecturam,
977 1203 1004 1242 et
1015 1186 1135 1241 defendit
1151 1188 1221 1239 snti-

173 1285 253 1339 quem
265 1270 406 1324 lectionem
418 1277 546 1329 subnixus
559 1275 625 1328 Mihi
635 1277 724 1328 verior
736 1278 764 1327 in
778 1273 830 1326 hoc
843 1273 915 1326 Statii
930 1272 991 1324 loco
1003 1269 1107 1324 videtur
1118 1269 1220 1321 6111111·-

173 1348 244 1416 tius,
265 1352 394 1405 eruditior
412 1355 571 1408 Gronovius.
591 1355 664 1408 Nihil
681 1356 847 1426 frequentius
867 1351 983 1404 occurrit
1004 1369 1084 1422 quam
1105 1359 1219 1413 nectere,

174 1427 314 1499 innectere,
328 1435 488 1500 subnectere,
501 1454 551 1506 pro
564 1436 676 1498 vincire,
688 1433 842 1507 praeligare:
854 1431 997 1502 Virgilius,
1009 1432 1067 1482 AEn.
1077 1431 1137 1494 Vll,
1152 1429 1220 1482 668:

176 1528 188 1552 1
198 1511 235 1559 sic
248 1513 320 1578 regis
335 1526 404 1565 tecta
418 1514 523 1566 subibat
536 1511 680 1578 Horridus,
695 1513 880 1583 Herculeoque
896 1510 1021 1563 humeros
1033 1511 1144 1561 innexus
1157 1510 1222 1560 etni-

174 1599 228 1637 ctu.
240 1611 250 1634 1
265 1590 390 1661 Exempla
403 1593 511 1663 ubique.
525 1594 629 1645 Utrovis
641 1592 722 1643 modo
732 1604 804 1644 recte
817 1591 871 1642 dici
883 1609 963 1662 posse
972 1589 1087 1654 videtur,
1099 1589 1222 1641 sttbnexus

174 1683 276 1719 comam
286 1681 312 1720 st
322 1671 445 1724 subnixus
455 1691 571 1733 comrrm,¹
582 1685 613 1724 ut
622 1671 688 1724 nihil
700 1669 824 1725 adversus
837 1671 998 1743 exemplaris
1010 1667 1166 1722 mutandum
1179 1669 1221 1721 sit.

213 1825 270 1878 119.
290 1811 392 1865 Ponere
403 1831 546 1885 purpureos
558 1812 674 1883 infantia
685 1813 773 1886 udepit
785 1814 904 1866 amictus.
917 1814 1034 1866 Omnino
1046 1811 1221 1886 contrarium,

175 1887 197 1938 si
212 1887 277 1957 quid
291 1889 382 1955 video,
399 1890 495 1945 dixisse
510 1891 610 1945 debuit.
624 1894 665 1944 Δι1
682 1893 803 1963 scripsit,
817 1891 948 1943 «Sumere
965 1907 1131 1961 purpureos,
1146 1899 1196 1939 etc.
1208 1910 1220 1934 1

173 1967 300 2020 Prudent.
314 1985 406 2024 contre
420 1973 516 2045 Symm.
531 1977 559 2040 1,
571 1971 637 2039 540:
653 1970 833 2023 «candidiore
848 1985 909 2043 tog]
922 1972 1027 2022 niveum
1039 1969 1144 2039 pietatis
1156 1967 1223 2018 smi-

175 2059 247 2098 ctunt
259 2047 401 2111 8111111111·
416 2053 510 2105 Juven.
524 2053 576 2104 Set.
589 2055 629 2118 ll,
642 2052 692 2121 69:
710 2073 722 2097 ι
732 2054 888 2115 Demnetur,
900 2051 923 2102 si
936 2051 989 2114 vis,
1001 2049 1080 2100 etiem
1092 2046 1222 2108 Cerfiniu

176 2125 257 2178 talem
268 2131 329 2182 Nou
340 2146 426 2184 sumet
437 2133 561 2186 demnute
572 2147 691 2204 tegern·
704 2131 736 2181 Et
745 2149 822 2196 sene,
835 2133 930 2182 omissa
941 2129 1025 2200 primu
1034 2145 1125 2179 versus
1135 2125 1222 2191 litere,

176 2220 206 2257 ut
218 2208 245 2258 in
260 2209 331 2264 MSS.
346 2212 414 2265 solet
427 2213 497 2280 lieri,
509 2231 564 2266 non
578 2212 688 2265 multum
700 2210 859 2264 differentius
872 2225 912 2262 est
923 2212 992 2262 inter
1002 2225 1078 2262 onere
1090 2219 1116 2259 et
1127 2225 1222 2258 11111111.

175 2284 227 2338 Pro
238 2289 369 2361 insontia,
382 2294 499 2348 Cruceus
511 2295 573 2366 legit
587 2294 711 2366 infantis,
723 2306 753 2345 ut
764 2295 926 2344 constructio
941 2291 988 2354 sit,
1004 2307 1108 2360 egenus
1122 2301 1149 2338 te
1161 2285 1223 2338 ude·

176 2368 213 2436 git
223 2386 323 2438 ponere
336 2391 487 2445 purpureos
498 2378 609 2428 amictus
619 2375 726 2426 iniectis
736 2396 741 2424 :
752 2396 763 2421 ι
778 2391 832 2425 non
843 2372 925 2434 mnle;
936 2383 967 2422 111
978 2371 1006 2420 in
1017 2372 1082 2433 isto,
1096 2379 1223 2418 anostros

176 2445 264 2500 vidisti
277 2451 362 2505 ilentis
375 2454 509 2520 ocellos;»
524 2469 548 2508 et
560 2457 651 2508 llorst.
662 2454 687 2507 S.
701 2457 728 2520 l,
740 2452 769 2519 d,
782 2454 830 2506 23:
846 2476 857 2500 ι
868 2470 951 2524 quum
963 2468 1022 2502 mea
1034 2465 1112 2500 nemo
1126 2447 1225 2516 scriptu

177 2525 247 2597 legat
258 2531 337 2602 vulgo
350 2537 460 2588 recitare
474 2537 620 2587 timentis.»
633 2532 702 2585 Male
714 2550 777 2584 vero
790 2533 878 2598 idem,
892 2549 974 2603 quum
984 2547 1081 2602 ponere
1092 2529 1224 2596 interpre-

177 2620 248 2658 tetur
257 2628 371 2676 nemete,
386 2627 411 2664 et
425 2615 539 2684 prohsre
551 2617 643 2666 nititur
655 2631 686 2664 ex
700 2615 750 2664 isto
763 2611 862 2676 Ovitlii,
877 2611 1042 2683 «posuitque
1055 2607 1090 2660 sd
1104 2618 1224 2676 tempore

178 2703 261 2736 cenos
271 2686 438 2762 Sulcevitque
449 2706 535 2744 cutem
546 2694 630 2761 rugis,
639 2714 650 2736 ι
663 2693 763 2761 quippe
773 2688 822 2742 alis
832 2707 873 2742 res
883 2701 922 2741 est
931 2706 1029 2761 ponere
1037 2685 1160 2748 amictus,
1172 2681 1225 2734 alis
1257 2721 1261 2730 1

175 2782 273 2836 ponere
283 2785 361 2821 canos
371 2772 407 2823 ad
418 2781 547 2843 tempora,
560 2770 612 2822 hoc
625 2782 678 2836 est,
690 2771 818 2843 adponere
829 2787 906 2822 conos
918 2768 1084 2839 tentpotibus‚·
1098 2777 1125 2816 et
1135 2767 1157 2816 si
1168 2765 1225 2816 Sta·

179 2845 230 2895 tius
241 2845 349 2900 dixisset
358 2868 454 2920 ponere
464 2852 573 2902 amictus
582 2850 618 2901 ad
626 2868 726 2922 corpus,
736 2850 797 2902 ferri
808 2862 910 2920 posset,
923 2862 949 2900 et
957 2845 1157 2907 intellexissem
1170 2861 1224 2895 non

179 2938 281 2995 eutem,
297 2946 378 2999 quum
393 2929 548 3004 simpliciter
561 2931 632 2984 dicat
642 2947 752 3002 ponere,
766 2929 818 2982 boc
832 2927 922 2982 efficit.

220 3069 276 3135 114.
295 3071 331 3122 Et
344 3073 442 3129 natalis
457 3075 528 3148 oripo
545 3073 660 3140 Pendet,
678 3081 705 3124 et
721 3073 841 3148 ambiguo
857 3071 969 3145 peminoe
987 3069 1127 3122 certamine
1143 3077 1223 3118 111111.

179 3147 273 3218 Miror,
284 3149 448 3206 Gronovium
461 3154 513 3208 boc
525 3155 586 3207 loco
600 3171 693 3225 perum
706 3152 815 3219 vidisse,
830 3171 911 3226 quum
923 3149 1076 3221 vulgaribus
1088 3145 1172 3199 oculis
1184 3148 1225 3197 in-

180 3244 268 3282 curret
283 3229 437 3304 legendum,
455 3250 502 3288 tet
518 3234 612 3287 natalis
629 3235 703 3306 origo
718 3232 818 3285 Pendet
834 3232 868 3286 sb
881 3230 1019 3300 ambiguo,
1030 3241 1101 3281 etc·
1119 3225 1225 3278 illudet

179 3308 292 3364 debetur
305 3319 478 3385 geminationi
491 3315 589 3368 ultime
607 3315 712 3387 syllsboe
731 3316 803 3366 vocis
818 3311 998 3386 proecedentis.
1017 3309 1116 3363 Pendet
1130 3310 1175 3376 ab,
1194 3319 1225 3358 ut

179 3388 278 3443 ansn.
286 3394 319 3461 V,
332 3395 398 3465 769:
414 3415 499 3449 «casu
509 3394 656 3468 pendemus
668 3395 702 3446 eb
714 3413 782 3456 uno;
794 3417 805 3441 1
817 3391 956 3456 Manilius,
969 3393 1014 3456 lV,
1030 3390 1075 3442 16:
1090 3413 1101 3435 ι
1111 3390 1224 3461 linitque

181 3470 215 3522 ab
230 3473 331 3544 origine
342 3477 474 3549 pendet·
489 3477 572 3532 Seusu
586 3473 664 3528 simili
676 3474 752 3527 locus
766 3475 792 3526 in
807 3474 923 3528 Surrent.
939 3471 1029 3534 Pollii,
1040 3490 1065 3522 v.
1081 3468 1143 3522 133:

365 3585 467 3646 Tempus
477 3596 538 3638 eret,
549 3597 622 3646 quum
632 3594 655 3627 te
665 3583 761 3642 gemine
771 3581 880 3644 suffragiu
890 3591 958 3626 tcrrae

365 3655 515 3719 Diriperent,
525 3654 647 3718 celsusque
657 3653 714 3701 dms
723 3653 836 3701 veherere
846 3667 888 3715 per
898 3649 980 3707 urbes,
991 3659 1035 3696 etc.

221 3807 277 3858 126.
299 3805 336 3860 Te
350 3806 458 3882 degente
471 3827 547 3862 suunt
563 3807 644 3860 latiis
658 3807 737 3860 ascita
752 3804 851 3860 colonis
864 3807 944 3860 Gtuia
960 3803 1039 3876 refert
1053 3800 1131 3854 Selle.
1144 3799 1225 3851 liecte

181 3886 298 3938 Cruceus
310 3887 449 3958 discerpsit
458 3907 549 3941 vocent
559 3889 665 3960 degente
675 3885 724 3956 (ita
736 3889 805 3939 enim
817 3901 873 3939 erut
884 3888 911 3938 in
922 3881 1112 3951 editionibus),
1124 3892 1151 3932 et
1161 3880 1225 3930 fecit

182 3969 213 4021 de
226 3978 311 4040 gente.
325 3967 464 4039 Virgilius,
478 3969 579 4022 AEneid.
592 3969 643 4034 IX,
662 3966 725 4035 184,
741 3969 871 4039 egenitrix
883 3963 1022 4019 Priamide
1035 3971 1224 4035 gentevetuste

181 4049 229 4100 Est
241 4046 341 4110 mni„
355 4060 382 4100 ct
392 4049 433 4117 X,
446 4049 512 4114 350,
527 4051 613 4102 sTres
630 4065 736 4122 quoqne
747 4047 884 4100 Threicios
895 4047 982 4100 Boreae
994 4042 1117 4114 degente
1129 4057 1224 4112 supre-
