2776 4484
415 298 547 364 LIBRI
572 299 712 363 PRlMl
738 289 990 364 stLvalttJM.
1161 323 1217 366 rat

180 445 232 480 nec
244 427 383 498 quisquam
394 422 483 476 malit:
502 424 631 496 «altoque
643 426 670 476 in
682 426 785 497 gurgite
797 425 922 486 fontem
936 445 998 478 nam
1010 439 1111 480 servata
1122 427 1223 497 vulgari

180 507 311 570 lectione,
326 522 422 576 gurges
437 523 486 576 pro
500 517 638 575 stagnante
652 523 720 576 aqua
732 507 884 577 accipiatur,
899 508 925 557 in
940 524 1004 577 qua,
1018 521 1048 560 ut
1057 507 1123 559 Plin.
1138 508 1221 578 Epist.

180 588 255 653 Vlll,
269 585 299 651 Β,
314 601 343 650 a,
356 587 404 650 ait,
422 585 505 636 «tons
517 584 647 638 eluctatus
662 587 726 637 iacit
737 588 875 657 gurgitem.
886 609 897 634 n
910 585 970 640 Vid.
982 599 1038 639 not.
1053 585 1175 640 Schnferi
1188 585 1223 638 sd

181 665 211 717 b.
224 665 241 716 l.
256 668 286 718 in
298 664 359 716 edit.
375 666 459 736 princ.
472 667 615 736 scriptum:
633 665 775 736 salsosque
789 667 934 736 immergite
946 665 1067 732 iontem
1084 665 1154 718 unda
1169 683 1222 737 quo

182 763 264 798 senso
274 742 445 797 Marklandus
457 744 549 797 iecerit
561 747 589 798 in
601 745 732 818 margine,
745 747 845 798 nescio.
864 747 945 798 llsrn.

220 898 269 962 68,
283 896 327 966 69.
345 898 390 950 An
400 898 485 951 solum
496 899 579 951 Ioniis
588 898 804 975 subfluctibm....
821 898 930 950 &ducat
941 918 961 950 s.
973 917 1001 971 p.
1016 899 1099 950 Nimis
1114 896 1226 969 abrupta

184 977 241 1029 brec
250 979 436 1048 interrogatio,
447 991 473 1030 et
482 981 610 1044 insuavis,
620 993 646 1031 et
655 981 761 1031 minime
771 981 885 1052 poetica.
897 980 980 1049 Lege,
995 1001 1006 1023 ι
1015 979 1078 1030 Non
1085 977 1172 1031 solum
1182 979 1226 1030 lo·

184 1059 248 1121 uiis,
260 1070 311 1109 etc.
323 1081 334 1104 ι
349 1071 376 1108 et
385 1057 716 1136 deducitversuprorimo,
728 1058 814 1111 tlelcts
826 1061 1038 1129 interrogatione.
1049 1059 1145 1110 Narrat
1157 1059 1227 1110 enim

184 1136 297 1202 Statius,
311 1153 367 1187 non
385 1139 483 1208 quaerit.
497 1140 636 1204 Horatius,
651 1157 726 1191 enon
739 1137 796 1190 sola
808 1139 892 1190 crines
910 1140 972 1190 arsit
985 1135 1155 1203 adulteros,=
1170 1134 1226 1190 scil.

185 1213 296 1268 Helena.
311 1218 451 1278 Petronius
464 1215 587 1284 Satirico,
601 1235 624 1268 c.
640 1219 703 1286 139:

371 1317 423 1362 Non
432 1316 507 1363 solum
516 1333 553 1363 me
562 1332 649 1376 numen
659 1327 682 1362 et
690 1315 833 1378 implacabile
842 1319 923 1364 Fatum

372 1388 534 1451 Persequitur:
545 1389 609 1450 prius
618 1385 712 1433 lnachie
720 1386 853 1450 Tirynthius
862 1390 895 1434 ira

372 1459 503 1519 Eragitatm
512 1473 571 1504 onus
579 1457 629 1504 caeli
637 1457 696 1504 tulit.

186 1543 214 1596 Si
225 1545 299 1598 malis
310 1549 367 1600 Nec
378 1545 476 1612 solum,
488 1546 548 1599 risle
558 1548 663 1598 Psittac.
677 1543 752 1597 ared.
765 1567 790 1598 v.
807 1564 839 1600 ro
850 1545 912 1617 (ubi
924 1559 1011 1598 tamen
1021 1558 1096 1596 vetus
1107 1547 1230 1596 Parmen-

187 1627 223 1676 sis
234 1623 315 1679 babet
331 1627 413 1698 oon),
428 1640 453 1679 et
463 1629 611 1680 Ausonium
625 1625 736 1678 Mosella
747 1645 772 1678 v.
784 1625 851 1693 386,
865 1639 891 1678 et
905 1625 970 1677 alios
981 1627 1088 1696 passim.
1100 1623 1153 1676 Sed
1164 1624 1230 1676 Non

188 1707 270 1776 magis
285 1707 390 1777 placet,
406 1709 468 1779 quia
482 1709 578 1759 omues
589 1708 674 1778 prima
686 1706 774 1772 litera,
791 1719 885 1777 utpote
895 1723 985 1758 versus
996 1705 1085 1769 initio,
1102 1722 1133 1755 es
1144 1721 1179 1754 on
1191 1703 1232 1754 ia·

187 1782 263 1836 uilior
274 1785 326 1836 fuit
337 1785 428 1858 lapsus
441 1787 468 1838 in
482 1805 532 1846 un,·
547 1799 573 1838 et
587 1788 623 1837 ita
639 1785 735 1856 legisse
747 1786 894 1838 Domitium
906 1803 937 1836 ex
951 1797 1013 1836 nota
1027 1787 1083 1853 ejus
1098 1783 1232 1853 auspican

188 1881 269 1934 qnam
282 1883 359 1916 more
374 1883 422 1916 suo
437 1865 558 1917 exscribit
571 1867 730 1918 Bernartius.
752 1893 788 1904 -
809 1866 895 1916 Etiam
908 1863 1064 1917 Wakefield.
1078 1866 1105 1916 in
1119 1861 1179 1916 silv.
1194 1881 1230 1914 or.

190 1955 208 1993 t.
221 1945 268 2009 Ν,
279 1963 307 2015 p.
322 1943 388 2010 235,
399 1946 527 2014 conjecit,
542 1943 635 1997 -haud
649 1945 734 1996 solnm
746 1945 841 2011 Ioniis,
854 1958 926 1997 etc·
943 1942 989 1996 sed
1002 1957 1065 1994 tom.
1075 1943 1112 2008 V,
1123 1961 1150 2012 p.
1167 1940 1230 1993 156:

193 2024 401 2076 mesalum...
417 2024 545 2089 deducat,
555 2047 567 2071 ι
581 2023 668 2076 deleto
680 2025 893 2096 interrogationis
907 2026 996 2094 signo,
1011 2018 1231 2093 quemadmodum

189 2105 314 2156 Heinsius
326 2122 442 2176 quoque.
455 2102 625 2156 hlarlrlaudus
637 2123 691 2156 non
702 2103 782 2156 verba
795 2121 809 2156 e
822 2103 932 2156 librariis
944 2115 1068 2174 corrupta
1080 2099 1233 2154 emendasse

189 2181 303 2249 videtur,
317 2184 363 2236 sed
379 2187 535 2238 sententiam
550 2203 564 2236 a
578 2198 659 2256 poeta
673 2184 834 2254 negligenter
850 2201 1017 2256 expressam:
1032 2185 1054 2235 is
1068 2185 1136 2235 enirn
1148 2179 1233 2232 voluit

190 2279 322 2334 quaerere:
332 2283 397 2315 num
407 2281 478 2316 nuuc
489 2281 541 2316 una
552 2263 638 2317 Sicilia
648 2264 699 2316 tale
710 2263 865 2316 miraculum
876 2263 926 2316 sibi
933 2263 1066 2316 vindicare
1077 2262 1235 2315 conabitur?

190 2340 242 2394 Sed
254 2361 308 2394 non
318 2346 345 2395 in
357 2343 409 2396 hoc
421 2363 475 2397 nno
488 2344 548 2397 loco
558 2346 710 2416 importune
721 2345 823 2398 admisit
833 2345 1043 2415 interrogationis
1055 2342 1175 2409 schema,
1188 2353 1234 2392 aut

190 2441 245 2475 non
259 2439 385 2477 accurate
398 2423 432 2477 ad
445 2428 576 2498 proximas
590 2429 732 2479 sententias
747 2429 855 2498 aptarit.
874 2428 956 2478 llsrso.

227 2565 271 2618 85.
292 2564 459 2640 Vitreoejuqa
472 2565 560 2619 Circes.
577 2567 634 2619 lloc
651 2585 748 2620 nornen
762 2567 849 2619 Circes
866 2584 898 2618 ex
914 2567 1083 2637 antiquorum
1093 2573 1233 2634 poetarum

192 2663 244 2696 usn
256 2643 423 2717 desumptum
435 2658 487 2712 est,
503 2645 617 2698 sednon
631 2666 691 2699 cum
702 2645 906 2718 pulchritudinis
918 2657 964 2698 aut
978 2643 1076 2715 fragilis
1089 2646 1184 2696 amoris
1199 2644 1234 2695 si·

195 2719 378 2790 gnificatione,
391 2738 420 2776 ut
432 2725 622 2797 interpretibus
635 2728 719 2779 visum
737 2739 785 2779 est.
801 2726 893 2778 Circen
905 2725 989 2788 eninr,
1003 2737 1033 2774 ut
1047 2741 1103 2794 que
1119 2719 1234 2794 nympha

196 2801 300 2851 marina
311 2815 389 2867 esset,
404 2807 512 2858 citream
526 2819 667 2872 vocarunt,
685 2807 793 2857 nomine
808 2805 841 2856 ab
858 2805 933 2876 aquis
950 2799 1091 2862 translat03
1108 2797 1235 2870 quemad·

197 2875 311 2930 modum
320 2879 410 2934 Thetin
419 2881 563 2934 coensleam.
577 2883 673 2936 Statius
684 2903 747 2936 vero
757 2901 839 2954 quum
848 2880 1047 2954 Ulyssissooioa
1056 2879 1082 2928 in
1093 2875 1170 2947 lupos
1180 2891 1237 2926 mu-

193 2971 266 3010 tatos
276 2958 353 3026 dicit,
365 2960 474 3014 discedit
484 2962 518 3014 ab
528 2965 634 3015 llomeri
644 2964 807 3028 narratione,
817 2964 844 3014 iu
854 2979 906 3032 qua
917 2974 1004 3012 tamen
1014 2959 1092 3009 etiam
1102 2955 1158 3026 lupi
1168 2955 1236 3008 circa

191 3040 283 3092 Circes
296 3039 404 3094 domurn
418 3045 499 3096 luisse
513 3044 660 3097 truduntur.

226 3183 269 3252 89.
288 3183 359 3236 Auia
370 3187 486 3240 nimbosa
497 3189 650 3240 moerebunt
662 3185 747 3239 litora.
758 3187 885 3253 Quanam
895 3182 952 3234 huc
961 3182 1020 3234 auia
1031 3179 1107 3233 litora
1114 3217 1123 3244 ,
1135 3178 1168 3230 ad
1179 3197 1237 3249 que

192 3265 325 3334 Vopiscus
340 3263 452 3318 hiberno
467 3280 584 3338 tempore
597 3269 721 3319 secessit?
736 3285 790 3317 nou
804 3277 875 3317 certe
887 3264 914 3313 in
930 3261 1016 3324 ltalia;
1033 3260 1069 3312 ibi
1082 3262 1151 3312 enirn
1165 3256 1238 3312 nulla

192 3341 252 3392 auio
265 3341 342 3396 litora
347 3367 358 3405 ,·
370 3348 458 3398 omnia
470 3349 569 3418 quippe
582 3347 750 3418 frequentata
762 3358 789 3396 et
799 3345 868 3396 hene
880 3344 997 3413 cognita;
1011 3352 1036 3393 et
1048 3354 1134 3393 tamen
1147 3342 1173 3391 in
1185 3342 1238 3392 lta-

192 3419 229 3470 lia
236 3434 260 3472 et
267 3422 300 3473 ad
309 3441 381 3474 mare
388 3424 552 3497 Tyrrhenum
560 3426 616 3478 haec
626 3425 705 3477 litora
715 3445 772 3478 esse
781 3436 885 3496 oportet
893 3442 924 3474 ex
934 3421 1072 3492 adjunctis.
1082 3418 1147 3472 Vide
1155 3421 1237 3471 enirn:

194 3499 305 3566 cedant,
322 3505 408 3573 inquit
423 3505 536 3573 Statius,
553 3505 616 3558 huic
627 3505 769 3558 Tiburtinae
783 3502 928 3557 Tusculum
947 3517 972 3554 et
983 3500 1068 3555 Ardea
1086 3513 1111 3552 et
1128 3499 1192 3551 villar
1204 3498 1238 3550 ad

190 3581 279 3633 lacurn
289 3583 449 3652 Lucrinum,
462 3599 487 3637 et
497 3587 618 3648 For-roim
632 3586 728 3637 cedant
738 3587 815 3637 etiarn
825 3584 933 3647 Circeii,
945 3596 971 3634 et
980 3583 1085 3646 Anxur,
1098 3593 1123 3632 et
1133 3581 1238 3643 Caieta,

191 3660 288 3713 deinde
298 3661 356 3715 haec
371 3664 430 3715 avia
445 3664 520 3717 litora
534 3665 627 3718 cedere
638 3665 774 3737 jubentur.
790 3664 891 3717 Cedant
906 3681 969 3714 sane
980 3681 1028 3732 per
1039 3681 1095 3723 nre;
1110 3658 1156 3711 sed
1166 3661 1239 3729 prius

192 3761 336 3796 noscamus
347 3761 467 3816 quaenam
481 3747 545 3810 sint;
558 3765 606 3798 nec
619 3745 699 3816 longa
709 3745 871 3816 disquisiti03
886 3741 958 3794 nulla
969 3743 1038 3793 enirn
1050 3741 1100 3792 alia
1113 3757 1170 3792 esse
1182 3755 1240 3810 pos·

191 3837 254 3874 sunt
265 3836 361 3894 praeter
372 3824 454 3876 Antia
467 3824 543 3878 litora
553 3847 559 3875 :
570 3824 626 3878 haec
638 3827 717 3894 igitur
727 3827 754 3877 in
767 3822 856 3877 sedern
868 3841 942 3875 suarn
954 3820 1065 3873 fidenter
1077 3836 1186 3890 repono.
1198 3815 1240 3865 Vi-

193 3899 271 3954 detur
282 3903 381 3956 Statius
392 3903 513 3957 hausisse
525 3903 581 3956 hnc
593 3923 624 3958 ex
635 3902 731 3958 Ovidto
743 3905 850 3956 Metam.
863 3901 921 3967 XV,
934 3899 1000 3970 7¹6:

381 4001 552 4064 Minturnaeque
561 4017 653 4062 gaves,
665 4013 765 4064 utquam
775 3999 895 4046 tumulavit
904 3996 1023 4045 alumnus,
