2850 4488
392 316 521 380 LIBRI
545 316 729 398 QUARTl
755 315 1003 384 SILVARUM.
1150 329 1215 415 449

215 442 349 498 semiton
362 457 460 494 cauum.
474 438 576 492 Alludit
588 439 622 492 ad
635 459 730 512 operas
742 441 852 508 xerxis,
872 443 968 514 quibus
984 464 1059 498 mous
1074 447 1157 502 Atbos
1172 469 1216 504 ex·

179 539 285 580 cavatus
299 535 354 592 est,
367 537 394 575 et
404 521 528 574 discissus
541 539 557 573 e
569 521 724 577 continenti.
743 523 840 576 Dourr.

213 668 257 738 ⁵9·
275 665 325 720 His
337 685 444 739 pervus,
460 663 559 718 lecirioe
573 667 623 720 nisi
638 678 766 734 vetarent,
780 668 862 721 Inous
868 667 941 740 fretu
952 669 1089 724 miscuisset
1096 671 1214 726 Isthmos.

176 751 267 802 Lectio
283 749 521 800 vetustissimorum
536 745 675 814 codicum,
694 759 805 800 testante
820 750 954 812 Domitio,
974 762 1045 814 erat;
1062 749 1104 804 his
1119 769 1217 824 parvus

176 830 239 900 (uisi
250 828 330 881 devies
340 828 486 898 veterent);
500 825 571 879 unde
583 827 627 880 ille
639 827 716 894 iecit,
729 828 778 880 nisi
788 827 889 880 leelioe
901 838 1023 882 vetarent.
1037 833 1095 882 Hoc
1109 833 1218 884 Hermo·

176 909 220 962 lao
231 921 256 961 et
266 905 395 960 Politiano
406 906 601 978 improbatum,
613 921 639 959 et
650 926 700 977 pro
713 925 745 958 eo
757 907 853 959 lectum
865 909 1012 980 scaligero,
1023 911 1073 962 nisi
1085 911 1218 964 Cenchreo

177 997 299 1041 vetarem.
314 983 366 1038 Sed
377 1000 404 1038 et
413 983 467 1037 hoc
480 987 596 1056 spongia
607 985 743 1050 incubuit,
761 998 787 1037 et
798 989 923 1039 suecessit
934 986 971 1036 M.
984 987 1102 1054 Masuri,
1118 989 1168 1042 nisi
1181 1007 1219 1042 res

176 1086 249 1121 πονιτ
261 1079 393 1120 notassent.
412 1064 505 1118 Caelius
521 1063 686 1137 Rhodiginus
700 1066 823 1138 scriptam
838 1066 978 1118 lectionem
993 1069 1117 1134 retinuit,
1131 1082 1157 1121 et
1170 1089 1219 1141 per

176 1149 261 1201 deuios
274 1145 383 1218 intelligi
396 1144 480 1197 voluit
493 1147 628 1220 umbuqes,
644 1145 741 1218 quibus
752 1159 838 1197 neusse
854 1149 1001 1199 necessario
1016 1149 1159 1221 circumagi
1173 1149 1220 1202 de-

129 1239 135 1246 “
176 1228 291 1281 buerunt
299 1224 333 1278 ad
341 1222 463 1297 rapidum
473 1224 547 1276 illum
553 1227 631 1278 maris
639 1225 738 1277 fluxum
747 1223 891 1278 vitandum.
901 1225 1002 1280 Deinde
1010 1228 1129 1282 Aloietus
1138 1229 1218 1302 legit,

71 1321 76 1332 ¹
175 1311 226 1362 nisi
236 1307 320 1360 Delios
331 1315 460 1373 vetarent,
476 1304 661 1360 subintellecta
680 1324 746 1360 voce
763 1317 856 1367 sorses,·
874 1308 1030 1375 Turnebus,
1044 1310 1094 1362 His
1105 1308 1218 1383 palmis,

176 1389 226 1443 nisi
242 1387 332 1441 Delius
349 1397 461 1447 uetarets
480 1387 635 1454 Gevartius,
654 1388 769 1456 trajectis
786 1385 887 1454 verbis,
906 1385 1006 1439 Leclrioe
1022 1389 1073 1440 nisi
1093 1401 1217 1442 vetarent.

174 1466 294 1521 Tandem
307 1466 455 1519 Gronovius
472 1482 532 1515 cum
548 1464 662 1516 maxime
678 1466 796 1518 omnium
808 1464 1048 1534 verisimilitudine,
1064 1467 1113 1521 llis
1123 1485 1219 1539 pervus

174 1548 292 1620 (holte
304 1545 376 1599 nili!
386 1555 516 1612 vetarent,
530 1547 598 1610 etc.)
613 1545 734 1597 Heinsius
746 1546 831 1610 euim,
844 1542 983 1598 Adverssr.
999 1548 1026 1597 iu
1039 1545 1137 1598 Tibull
1153 1547 1216 1600 edit.

174 1625 320 1682 llroukbm.
328 1624 636 1688 infelicitertentaverat,
652 1645 664 1669 ι
674 1625 720 1675 llis
732 1641 781 1695 par
792 1625 834 1676 vix
848 1622 968 1693 (Leulrise
980 1623 1045 1676 nibil
1057 1626 1192 1697 veterent)
1201 1651 1213 1674 a

174 1707 217 1760 vel
223 1748 232 1776 ,
242 1708 291 1760 His
299 1707 386 1780 impar
389 1729 399 1768 ,·
410 1705 466 1772 vel,
478 1704 529 1758 Vix
536 1721 588 1774 par
595 1704 648 1765 tin·
659 1704 748 1755 omniu
757 1703 836 1774 longe
845 1705 914 1756 inira
922 1706 1028 1773 genium
1038 1706 1215 1759 lleiusienum.

174 1785 317 1838 Tentemus
329 1798 356 1838 et
366 1803 426 1837 uos.
438 1785 553 1834 Primum
564 1783 658 1852 igitur,
671 1783 711 1836 ln's
719 1799 816 1856 parvus
826 1782 908 1836 Inous
917 1781 1027 1835 lstltmos
1037 1783 1152 1854 probum
1161 1798 1199 1838 est
1208 1807 1216 1847 ς

174 1863 350 1931 Claudianus,
362 1865 396 1916 Ν
409 1862 490 1915 Cous.
503 1864 605 1914 Honor.
618 1880 643 1913 v.
655 1861 724 1931 474,

359 1971 436 2024 Gens,
446 1983 491 2032 qua
501 1984 550 2015 uon
558 1965 675 2033 Scydriuus
685 1967 792 2016 diffusior
800 1967 846 2018 nlla
854 1971 954 2018 Triones

359 2040 472 2096 incoluit,
482 2041 520 2086 cui
529 2055 613 2103 parvus
622 2039 708 2099 Athos,
718 2051 860 2104 angustaque
869 2040 972 2096 Thraee;

173 2143 299 2208 Ovidius,
310 2142 373 2194 Met.
385 2139 458 2207 Vlll,
470 2139 538 2208 699,
556 2139 623 2192 «Ille
635 2153 709 2192 vetus
723 2138 838 2193 dominis
853 2142 931 2192 etiam
944 2159 1003 2194 casa
1015 2111 1097 2214 parva
1108 2143 1213 2196 duobus

171 2225 291 2276 Vertitur
311 2223 338 2273 in
358 2220 524 2291 templum*
549 2222 603 2288 sie,
624 2217 695 2272 loeus
708 2223 815 2293 exipsius
826 2219 944 2294 populo,·
962 2223 1069 2274 Metam.
1082 2225 1131 2291 Ν,
1146 2223 1213 2291 44η

171 2312 269 2354 arctam
283 2301 380 2354 ciuibus
392 2301 495 2366 urim,
510 2299 623 2365 Noster,
636 2299 721 2352 Theb.
738 2299 791 2366 Xl,
810 2300 876 2370 ²73³
894 2313 1031 2374 unqssstum
1047 2302 1093 2353 tibi
1106 2321 1195 2356 nemtts
1203 2343 1213 2371 ,

171 2379 223 2447 lx,
235 2380 301 2450 7183
315 2389 424 2453 anqustu
436 2379 544 2430 Tartaru
551 2379 650 2449 poenis,
660 2379 688 2446 l,
698 2377 746 2438 56;
759 2378 836 2448 Tityo
837 2382 935 2453 juperu
942 2399 1026 2452 paura
1037 2398 1142 2447 novena,
1152 2382 1213 2432 Pro·

171 2462 283 2529 pertine,
296 2459 343 2524 ΠΙ,
357 2456 386 2524 5,
398 2456 432 2524 44
443 2454 503 2527 (ed.
516 2455 631 2526 Kuin.);
646 2473 767 2508 numerus
777 2468 899 2530 oupertus
907 2455 1007 2522 dolori,
1018 2456 1131 2523 Seneca,
1140 2459 1211 2510 Med.

170 2556 194 2588 v.
209 2554 253 2590 ior
262 2556 287 2602 ¹3
299 2536 408 2589 Remuli
418 2548 556 2610 ungentum
568 2553 658 2608 rapum
665 2572 674 2599 ,
687 2533 773 2601 idem,
789 2536 864 2586 llere.
876 2536 938 2587 OEt.
949 2553 973 2586 v.
989 2536 1063 2589 1638.
1078 2535 1150 2590 Nihil
1162 2539 1212 2608 igi-

171 2630 213 2669 tur
221 2615 266 2669 hio
275 2615 439 2669 mutandum.
449 2617 508 2668 lam
515 2613 549 2667 ad
560 2614 671 2666 alterum
680 2612 844 2680 membrum,
855 2614 955 2666 Leclioe
964 2616 1014 2667 nisi
1025 2615 1143 2667 vitarent.
1154 2618 1212 2668 Hoc

170 2696 269 2769 placuit
278 2697 416 2763 Gevartio,
427 2696 519 2765 Papia.
530 2695 602 2746 Lect.
613 2696 662 2760 Ν,
673 2694 706 2754 6;
718 2694 765 2745 sed
778 2693 966 2746 absurditatem
977 2695 1045 2747 bene
1057 2699 1212 2750 monstravit

169 2775 334 2842 Gronovius,
345 2776 427 2827 Diatr.
443 2793 466 2826 c.
482 2773 516 2840 4ο
530 2795 536 2824 :
553 2771 647 2840 sQuid
659 2774 748 2824 enirn?
758 2775 843 2844 inquit
854 2797 859 2825 ι
871 2773 911 2824 hue
924 2785 963 2824 tot
974 2792 1069 2827 manus
1081 2775 1212 2845 perfodis-

169 2867 228 2908 sent
237 2852 371 2920 Isthmon,
380 2854 430 2904 uisi
438 2851 490 2905 illis
501 2850 618 2904 obstaret
627 2850 696 2903 idem
706 2850 780 2922 quod
789 2851 963 2904 anterioribus
973 2857 1019 2924 qni
1028 2853 1146 2906 eamdem
1156 2873 1210 2906 rem

169 2937 322 2991 tentarunt?
330 2935 400 3006 Quid
410 2953 472 3008 ergo
482 2951 609 3006 magnum
616 2933 660 2985 hic
669 2933 703 2986 de
712 2935 857 2987 Domitiani
866 2931 986 2986 maribus
997 2932 1105 3002 dicitur,
1115 2938 1137 2988 si
1146 2935 1211 2987 nihil

170 3035 213 3070 eas
225 3035 305 3089 supra
319 3019 421 3089 priores
433 3017 553 3089 potuisse
567 3013 666 3067 audio?
681 3017 771 3086 Apage
784 3027 838 3068 tam
852 3017 970 3086 ineptum
984 3031 1090 3068 sensum
1104 3037 1111 3065 t
1127 3019 1211 3088 majus

171 3097 222 3150 diei
233 3095 333 3151 debuit.
348 3099 457 3170 Scripsit
468 3097 605 3168 Papinius,
617 3097 639 3148 ei
650 3094 716 3167 quid
726 3094 822 3162 video,

384 3205 424 3250 llis
433 3217 518 3268 parvus
527 3202 631 3264 (bechire
639 3201 699 3248 nibil
706 3204 825 3264 veterent)

383 3279 454 3323 luous
462 3275 521 3323 tren
531 3273 780 3330 murmurantum

170 3371 221 3424 boe
233 3385 287 3439 est,
302 3375 324 3425 si
340 3385 369 3426 tu
382 3373 477 3438 velles,
490 3373 592 3437 Cesar,
608 3371 648 3424 bre
660 3390 755 3424 manus
766 3373 845 3426 fenile
857 3373 999 3437 Isthmum,
1012 3391 1125 3443 parvum
1137 3376 1210 3444 jam,

170 3471 219 3506 neu
228 3455 316 3523 magui
325 3454 412 3525 operis
422 3452 599 3520 censendum,
610 3451 783 3524 perfoderent
792 3473 799 3513 ;
811 3471 862 3504 neo
872 3452 1009 3506 obstarent
1020 3454 1084 3524 ipsis
1094 3451 1211 3521 lechito,

170 3549 228 3603 quer
238 3534 331 3584 ceteris
340 3531 557 3604 inexpugnabiles
568 3532 659 3598 inere,
668 3543 715 3584 aut
724 3549 781 3604 ques
790 3534 932 3585 maximum
942 3534 1075 3602 negotium
1086 3533 1211 3586 lacerent.

169 3611 263 3664 Ortum
280 3612 372 3664 vitium
390 3631 423 3663 ex
440 3611 574 3664 scribendi
591 3609 766 3683 compendio,
785 3611 859 3684 quod
870 3615 1010 3684 sepissime
1024 3614 1052 3664 in
1063 3625 1125 3666 vett.
1139 3611 1212 3665 libris

170 3690 221 3744 nisi
233 3703 259 3741 et
273 3689 342 3743 nihil
355 3689 506 3745 contudisse
525 3693 576 3763 ipsi
595 3691 819 3745 observavimus.»
842 3693 951 3764 Optime
970 3691 1075 3764 quidem
1095 3691 1166 3758 huc,
1186 3705 1211 3744 et

170 3773 266 3838 Statio,
279 3785 304 3824 et
315 3772 451 3824 Gronovio
465 3772 560 3845 digua3
575 3791 623 3828 nec
636 3773 730 3826 dubito
743 3777 806 3845 quiu
823 3774 856 3826 ad
873 3774 944 3828 hune
959 3793 1063 3828 sensum
1081 3776 1212 3845 scripserit

169 3853 275 3904 Noster.
285 3855 375 3906 Restat
384 3867 471 3906 umen
482 3853 547 3906 mihi
555 3854 696 3926 scrupulus
707 3873 759 3906 non
769 3856 844 3924 parvi
854 3856 980 3908 momenti
989 3857 1016 3906 in
1026 3872 1089 3906 voce
1097 3853 1213 3912 lesbiae,-

168 3932 197 3982 in
212 3949 265 4002 qua
279 3931 417 3986 retinenda
431 3933 508 3987 viduo
523 3954 614 3987 omnes
625 3937 790 4001 consentire,
803 3948 897 4006 preter
906 3938 1016 3988 unicum
1026 3937 1145 3986 Marcum
1155 3936 1213 3984 Mu-

170 4029 278 4074 Wumt
297 4014 343 4084 qui
359 4015 386 4064 in
400 4013 598 4086 orthographia
617 4015 749 4080 Statiano,
770 4015 960 4081 rNotondum,
979 4015 1084 4083 inquit,
1103 4010 1213 4063 Leclaeu·

282 4103 310 4166 J.
1009 4127 1050 4189 29
