2782 4486
428 313 1033 397 ntun1QU1uutstnvnnun.
1147 367 1149 378 .
1183 322 1244 414 691

210 443 297 513 cipere
315 439 428 507 debera,
450 439 538 494 tramis
555 441 651 512 iqnauo
667 439 766 512 pollice
782 439 908 502 odardus:
929 441 999 498 uode
1019 447 1088 511 exit,
1103 449 1249 504 «tumulas

210 528 304 592 ignavo
316 521 412 593 pollice
426 519 540 576 chordas
553 521 671 576 Paleou
690 519 765 593 qood
777 523 876 594 optime
888 521 996 593 quiden
1007 522 1070 578 buic
1081 525 1141 582 loco
1155 548 1252 586 coave-

210 603 264 668 nit,
288 616 314 658 et
333 605 420 673 poetis
440 603 637 656 notatissimum
658 615 707 655 est.
728 603 816 670 Quom
832 621 894 655 roro
909 605 1007 656 Noster
1021 604 1099 672 alibi,
1117 609 1198 680 Epist.
1218 612 1252 664 ad

210 683 327 738 Marcell.
344 701 381 736 rs.
397 683 445 749 52,
456 682 513 736 bae
525 681 640 749 babeat,
658 682 727 734 aubi
741 685 860 736 Ausonio
875 703 904 736 se
919 684 1039 737 condidit
1052 684 1158 759 hospita
1172 706 1252 761 portu

209 762 392 834 Parthenope,
405 777 496 818 tennes
508 765 603 832 ignem
615 762 712 832 pollice
723 761 838 816 chordas
849 764 928 817 Pulso
937 785 945 826 ;
955 787 967 812 ι
979 779 1005 818 et
1015 765 1058 818 bie
1068 785 1175 840 qnoque
1187 783 1252 840 puto

209 842 285 900 illum
303 845 456 918 scripsisse,
477 842 649 915 abilarosqae
667 841 761 896 daras
776 843 881 914 plorata
897 863 1037 916 cupressus
1054 846 1184 902 Excludit.
1202 851 1254 904 'le-

210 942 277 979 uues
295 926 392 995 ignaro
409 922 508 998 pollice
525 922 639 976 chordas
656 922 752 983 Paltos
772 921 833 990 sed,
851 937 925 976 sto·
943 924 1047 996 dequo
1062 925 1184 995 judicant
1201 929 1252 984 alii.

210 1005 267 1058 lloo
281 1015 383 1056 certon
398 1016 453 1068 eat,
468 1001 580 1056 Statium
594 1019 663 1074 saepe
676 1015 797 1073 repetere
811 1003 896 1055 solere
908 1021 955 1057 sua
967 1003 1141 1060 hemistichia.

246 1153 289 1208 32.
314 1155 367 1208 Sed
383 1155 509 1208 incertam
529 1155 617 1228 dipitit
637 1155 780 1210 errantibus
798 1175 888 1210 amens
906 1155 1002 1212 Soiudo
1022 1157 1125 1228 clulyu.
1149 1159 1256 1214 Dudum

210 1253 298 1306 quaero
311 1254 365 1308 quo
384 1253 465 1290 seusu
481 1234 552 1288 dicat
569 1236 667 1290 Statius
683 1253 712 1287 se
729 1234 825 1305 chelyn
842 1235 972 1298 scindereo
990 1247 1016 1288 et
1033 1235 1122 1290 nullus
1143 1241 1258 1292 accurrit

210 1328 304 1386 pretor
314 1313 471 1380 dilacerate,
486 1312 624 1375 diuellere‚·
640 1315 686 1386 qui
697 1311 750 1365 boc
762 1312 822 1366 laco
834 1314 896 1368 ferri
906 1333 960 1368 uon
970 1327 1059 1385 potest
1069 1337 1075 1366 t
1089 1318 1176 1370 statim
1186 1322 1257 1372 enim

210 1397 341 1466 sequitur,
355 1398 461 1465 ejurat,
472 1393 525 1448 beu
533 1397 538 1443 l
547 1396 622 1463 jurat
633 1391 788 1448 illaudabile
799 1412 904 1448 carmen
917 1392 1049 1448 Fundere:
1060 1419 1071 1442 n
1083 1399 1158 1468 atqui
1167 1399 1189 1449 si
1198 1397 1258 1452 olto·

209 1475 254 1546 lya
262 1475 384 1540 scidisset,
397 1474 501 1528 nullum
512 1491 618 1526 carmen
629 1471 741 1528 fundare
751 1475 846 1544 potuit.
857 1475 942 1545 begs:
961 1469 1028 1528 ned
1046 1477 1174 1530 incertum
1190 1478 1258 1548 digi-

211 1556 244 1606 tis
258 1551 421 1619 errantibus,
436 1570 525 1606 auteur
540 1549 778 1624 Tuudoobelyn.n
794 1551 890 1623 thirtr
909 1551 1034 1606 incernam
1052 1556 1210 1622 errantibus,
1229 1569 1258 1606 ut

210 1631 294 1684 Theb.
307 1634 413 1697 Ἰρις,
423 1654 435 1682 ι
445 1629 594 1696 Turbidus,
603 1631 786 1700 incertumque
795 1629 879 1684 oculis
887 1630 1072 1701 vigilantibuet
1084 1657 1095 1682 ι
1110 1633 1183 1705 quod
1194 1633 1257 1688 alibi

211 1727 288 1766 vocat
302 1735 313 1759 a
325 1711 438 1764 dubiam
450 1713 616 1781 mixtumque
628 1712 751 1781 sopori.-
766 1710 889 1776 Ovidius,
902 1711 1008 1762 Heroid.
1021 1713 1060 1776 X,
1073 1731 1104 1782 9,

393 1819 510 1862 Incertum
519 1813 628 1876 vigilant,
638 1829 651 1860 a
661 1829 745 1862 tonna
752 1813 873 1876 utenda,
884 1817 947 1862 mori

424 1885 514 1933 Thesea
523 1900 642 1948 pressurae
651 1885 793 1948 semisupina
802 1900 899 1940 manure

212 1986 302 2035 Horat.
316 1982 360 2034 lib.
373 1985 410 2051 11,
421 1983 446 2036 S.
458 1982 488 2050 5,
502 1997 565 2048 100,
579 2005 591 2028 ι
603 1984 635 2034 Et
648 1995 750 2036 eertum
759 1981 885 2052 vigilans,
899 1983 1005 2052 Quarto
1016 1985 1050 2036 sit
1060 1987 1143 2054 partis
1154 1984 1257 2050 Ulixes,

212 2061 346 2130 Audieris,
357 2062 478 2122 hares3-
497 2063 608 2128 Noster,
621 2065 699 2115 Herc.
713 2061 830 2116 Surrent.
846 2081 870 2112 r.
884 2062 946 2130 163,
962 2087 973 2109 κ
983 2065 1043 2116 Hac
1060 2082 1109 2134 ego
1122 2079 1259 2118 nascentes

213 2140 296 2194 laetum
309 2141 455 2195 bacchatus
467 2141 500 2194 ad
514 2160 611 2204 araa5»
629 2141 675 2194 ubi
689 2139 750 2196 vide
765 2159 823 2212 quae
837 2144 935 2194 notavi.
952 2142 1027 2194 Potes
1040 2146 1116 2196 etiam
1134 2143 1221 2214 legere
1233 2159 1259 2197 et

212 2221 289 2274 facile
306 2221 448 2275 defendere
470 2224 616 2274 ninsertant
636 2219 726 2294 digitis
745 2220 931 2282 errantibus„
949 2220 996 2273 sed
1012 2225 1173 2276 verissimum
1193 2239 1258 2298 puto

212 2303 511 2364 incaementatum
524 2322 573 2376 per
585 2301 658 2374 qnod
673 2300 790 2355 ostendit
804 2319 831 2352 se
845 2300 907 2353 huic
920 2304 965 2352 uni
978 2305 1131 2376 cogitationi
1146 2303 1258 2358 defixum

211 2401 283 2448 essc;
299 2397 325 2437 et
336 2383 433 2456 digitos
446 2385 553 2456 quidem
567 2383 667 2438 habere
684 2387 710 2436 in
727 2382 845 2448 cithara,
861 2383 977 2433 animum
992 2403 1055 2436 vero
1072 2387 1098 2435 in
1115 2403 1198 2456 puero
1213 2387 1258 2438 dc·

212 2466 312 2518 lunato.
325 2465 368 2519 Ob
381 2465 544 2540 quodetiam
557 2465 620 2516 dicit
633 2481 721 2516 amens
735 2461 827 2513 Tundo
838 2461 934 2530 chelyn
950 2484 957 2510 .·
975 2465 1031 2513 sinc
1048 2478 1135 2516 mente
1153 2479 1178 2514 et
1195 2485 1257 2536 pro-

211 2549 299 2614 posito
310 2545 365 2597 ullo
376 2545 471 2620 diqitos
482 2543 601 2616 infringo
614 2539 738 2606 cltbaroe,
757 2551 787 2590 ut
805 2538 923 2610 loquitur
942 2539 1021 2607 alibi,
1037 2542 1133 2594 Aclrill.
1151 2547 1178 2607 l,
1196 2545 1254 2616 575.

211 2625 377 2692 Propertius,
388 2625 440 2689 111,
455 2640 503 2692 17,
515 2619 549 2672 35
559 2641 564 2669 :

396 2729 489 2774 Venice
499 2726 614 2787 turrigero
621 2723 686 2785 juxta
696 2726 744 2770 Dea
755 2741 837 2786 magna
847 2724 939 2786 Cybebe

427 2798 522 2846 ‘lundet
531 2797 561 2844 ad
570 2797 643 2844 ldaeos
652 2794 754 2860 cymbala
765 2811 833 2842 muca
842 2795 935 2843 choros.

211 2901 298 2952 Prima
311 2897 387 2950 litera
397 2900 470 2950 tocie
484 2894 592 2962 Tnnda,
604 2907 698 2965 utpote
710 2895 785 2946 initio
797 2911 900 2958 vanus,
914 2893 1092 2950 omittebatur.
1111 2897 1211 2950 Deinde
1223 2918 1254 2952 ax

210 2979 282 3032 uada
293 2980 413 3032 feceruut
422 2977 512 3043 cincla,
524 2995 606 3048 quotu
614 2996 632 3030 u
641 2989 667 3027 et
677 2975 750 3028 rivel
761 2975 784 3026 ic
793 2972 911 3044 ejusdem
922 2975 973 3028 aiut
983 2971 1093 3041 ductus,
1104 2989 1133 3028 ut
1144 2977 1252 3048 Epiced.

210 3062 278 3113 Patr.
291 3079 329 3111 rs.
342 3058 392 3128 94,
406 3077 457 3129 pro
469 3075 544 3120 curu,
558 3058 686 3127 scriptum
698 3069 753 3110 erm
765 3052 846 3106 riola:
861 3051 1019 3110 addiderunt
1031 3053 1136 3110 taudem
1152 3057 1254 3114 literam

210 3139 244 3204 S,
258 3151 285 3191 et
294 3141 332 3192 sio
344 3139 406 3192 exiit
417 3137 512 3192 Scindo
524 3133 627 3204 chelyn.
692 3146 696 3157 ·

244 3299 288 3353 33.
307 3299 391 3352 Juvat
401 3299 550 3370 lteu,juuat
561 3295 714 3350 illaudabile
723 3313 826 3350 carmen
836 3293 965 3360 Fundere,
978 3305 1002 3346 et
1013 3297 1125 3350 incomte
1134 3297 1252 3354 mirorum

209 3378 318 3431 laudare
329 3378 451 3431 dolorem.
467 3375 547 3429 Vides
559 3374 710 3428 illaudabile
724 3393 846 3439 cannen,
862 3388 887 3424 et
903 3373 990 3428 statim
1003 3373 1109 3428 laudare
1119 3375 1253 3439 dolorem,-

210 3457 282 3528 quud
297 3477 345 3528 per
355 3477 385 3510 ae
397 3457 573 3527 suspicionem
585 3468 681 3508 moret.
695 3455 745 3506 Sed
757 3455 839 3524 magis
851 3452 982 3519 movebit,
996 3454 1129 3524 tiquaeres
1143 3456 1207 3527 quid
1219 3459 1253 3510 sit

210 3535 316 3587 laudare
327 3535 459 3598 dolorem,
476 3548 520 3586 aut
538 3533 674 3606 quomodo
692 3535 718 3583 iu
731 3531 829 3584 idioma
841 3532 936 3603 linguae
948 3545 999 3584 tute
1010 3531 1136 3585 vertenda
1152 3537 1185 3586 sit
1197 3535 1251 3586 baec

208 3613 322 3678 locutio,
334 3625 363 3664 ut
373 3630 465 3666 sensus
477 3625 589 3666 constet.
603 3612 753 3666 Gronovius
769 3614 820 3677 ita,
839 3613 923 3665 Diatr.
941 3631 964 3666 c.
983 3611 1017 3664 50
1035 3635 1040 3666 ι
1060 3635 1072 3658 ·
1082 3613 1207 3683 Epicadio
1225 3616 1252 3664 in

208 3697 320 3746 Puerum
332 3711 440 3746 vernant
452 3692 557 3748 latadare
568 3692 682 3748 dolorem
696 3691 777 3754 dixin
792 3694 852 3762 quia
866 3693 986 3746 nimirum
1003 3694 1030 3747 iu
1044 3692 1137 3746 dolore
1152 3711 1197 3748 teu
1212 3695 1252 3748 lu·

209 3788 253 3828 otu
269 3773 428 3828 laudabatur
438 3775 588 3830 defunctus.
604 3775 720 3828 laudare
731 3775 840 3828 verbum
853 3773 973 3828 funebre.
989 3773 1150 3828 Glossarium
1162 3793 1168 3821 ι
1182 3773 1251 3824 'Eet-

207 3853 306 3918 aaiour,
325 3855 504 3926 epitaphium,
523 3858 623 3920 mia,
643 3853 767 3910 laudatio.
788 3853 852 3910 lude
870 3855 981 3918 Statius,
1001 3853 1112 3906 incamte
1130 3853 1251 3906 miserum

208 3931 317 3986 laudare
325 3933 440 3988 dolum
450 3975 458 4002 ,
470 3935 497 3988 id
510 3948 562 4000 eat,
575 3935 691 3988 incomta
704 3933 813 3988 laudare
824 3933 980 3986 defunctum
993 3934 1019 3984 in
1032 3931 1140 3994 dolore,
1153 3930 1192 3984 vel
1205 3949 1253 4002 per

208 4013 326 4068 dolorem
342 4017 474 4070 miserum.
490 4019 578 4083 Quare
596 4028 666 4068 errat
678 4017 715 4066 vir
730 4015 909 4070 nobilissimus
923 4013 1096 4081 (barthius),
1112 4015 1156 4084 qui
1173 4016 1254 4067 carri,

1059 4108 1111 4183 ll·
