2784 4484
247 281 387 347 noan
404 279 455 344 ιιι
473 277 614 344 onon.
635 280 649 340 1
668 279 755 344 nm.
776 281 790 342 1
809 241 1061 350 stnvinunt.
1137 315 1176 379 ις,

128 400 162 454 ab
175 397 236 454 ullo
249 398 303 450 alio
315 398 444 468 scriptore
456 395 588 448 nominari
604 393 715 444 Latium.
732 393 810 446 Ouid.
823 397 929 468 quidem
944 401 1023 452 Triat.
1037 403 1085 468 tv,
1101 405 1130 471 4,
1145 409 1177 460 6:

130 505 141 526 ι
152 477 300 532 facundia.
365 477 425 544 Qua
440 475 514 546 prior
527 474 554 524 in
567 473 641 524 Latio
656 492 711 524 non
724 475 775 526 luit
788 473 841 526 ulla
855 477 927 542 loro;
945 502 956 525 ι
974 479 1022 534 aed
1038 467 1127 553 potest
1144 486 1178 540 ,10

127 560 231 632 triplici
251 559 325 622 loro,
340 557 475 618 Romano,
491 553 599 606 casaris
618 565 643 604 et
662 555 773 623 Augarati
792 554 907 628 intelligi.
922 561 1003 611 liano.
1022 591 1058 601 —
1078 563 1180 620 Coelom

127 653 276 712 mem.
289 634 421 687 Dubitant
437 633 534 685 coelone
547 631 580 683 de
594 631 681 684 fabrili
696 636 869 686 instrumento
884 639 1065 710 accipiendum
1082 646 1128 712 sit,
1145 665 1179 699 an

129 721 162 772 de
177 719 279 770 calesti
292 717 411 785 regione.
431 712 482 766 Sed
501 715 523 764 ai
540 711 573 763 de
591 714 778 778 instrumento,
798 713 864 766 nibil
882 719 1012 787 singulare
1029 739 1079 773 nec
1094 723 1179 777 admi-

129 798 260 864 randum,
272 815 322 847 nec
338 794 471 846 diveraum
486 811 502 844 a
517 793 688 863 sequentibus
705 793 811 847 dixiaeet
829 810 926 866 poetar
942 817 1004 870 ergo
1017 815 1180 872 postremum

128 881 224 932 aerius.
247 873 300 929 Sed
320 871 450 926 falluntur
468 873 563 939 etiam,
587 873 632 942 qui
644 871 728 948 fluxit
748 888 900 944 exponunt,
920 875 1057 948 delapsum
1077 894 1132 947 eat,
1154 896 1181 936 et

130 962 239 1030 signnm
255 954 324 1008 adeo
336 949 439 1009 bauria
452 951 494 1005 vel
510 949 657 1020 ον’μιιπνιὲς
673 952 766 1006 volunt
781 953 900 1025 intelligi.
920 956 987 1010 Sane
996 960 1082 1036 fierit
1098 962 1180 1016 multo

131 1037 221 1092 lenius
229 1035 391 1090 vocabulum
402 1047 456 1102 eat,
469 1050 548 1104 quana
560 1031 631 1104 qood
641 1031 745 1102 lapsum
755 1047 833 1088 tanne
842 1035 920 1089 ruolia
928 1039 1072 1108 exprimat,
1084 1053 1109 1095 et
1119 1060 1181 1096 tane

132 1136 254 1170 onasum
266 1117 341 1168 nimia
350 1126 530 1166 commentum
542 1112 634 1164 luisset
646 1127 746 1183 poetae,
759 1114 890 1186 allapsam
902 1116 966 1170 calo
977 1131 1030 1171 tarn
1040 1121 1181 1174 immanem

133 1197 233 1250 molem
249 1195 366 1248 dixissen
383 1197 477 1265 Neque
494 1193 563 1246 enim
580 1189 631 1244 boo
646 1211 677 1244 aa
691 1193 878 1263 probabilitate
892 1195 945 1250 dici
959 1211 1081 1269 poterat,
1100 1215 1130 1252 ιιι
1146 1200 1180 1254 de

133 1276 253 1332 Palladio
261 1289 287 1330 et
296 1273 434 1328 ancilibus.
443 1273 499 1343 ligo
507 1270 594 1326 verbio
602 1273 821 1349 peractumfluxit
828 1273 893 1328 nibil
903 1275 976 1329 aliud
983 1278 1094 1332 indicari
1103 1294 1179 1352 pnao,

135 1378 213 1432 quam
225 1357 401 1423 fabricatura,
414 1355 557 1408 formatum
570 1366 596 1406 et
607 1353 754 1426 perfectum
765 1368 813 1408 att.
833 1355 954 1410 Waaam.

170 1479 204 1546 ⁵,
216 1480 244 1532 6.
261 1475 446 1530 Palladia...
460 1493 560 1528 monus.
583 1475 648 1527 Sunt
660 1473 767 1546 quidem
779 1473 908 1528 Palladiae
925 1497 1019 1531 manus
1037 1479 1180 1548 artificum,

136 1557 168 1611 ab
180 1563 242 1631 ipae
254 1555 362 1609 Pallade
375 1553 488 1622 edoctae,
503 1568 533 1606 ιιι
544 1555 600 1624 ipaa
613 1571 654 1606 ars
668 1553 783 1605 l'alladia
795 1551 899 1622 dicitur,
914 1575 971 1628 qnae
983 1571 1096 1612 atntuam
1106 1562 1181 1614 iuliae

137 1642 261 1711 perfecit,
273 1657 318 1710 ap.
327 1634 442 1687 Martial.
452 1635 502 1701 Vl,
516 1634 561 1686 13:

351 1721 396 1768 Vcl
405 1723 457 1785 qnia
465 1719 570 1768 Palladia
579 1732 703 1783 conputet
712 1722 766 1766 artie
775 1736 842 1783 opua.

138 1811 207 1862 llam
219 1807 307 1859 Pallan
314 1804 414 1858 artibus
427 1815 453 1855 et
465 1801 576 1873 opiliciia
589 1801 711 1854 omnibus
724 1821 835 1874 preesse
847 1801 1012 1872 credebatur,
1024 1819 1050 1857 et
1061 1804 1125 1859 hine
1134 1807 1182 1879 'lip-

137 1886 199 1955 γὲιι
212 1883 346 1939 dicebatur
357 1884 462 1936 Graecia.
476 1883 535 1933 lloc
546 1895 635 1934 tamen
649 1883 686 1932 ita
700 1879 765 1933 dicit
777 1881 889 1947 Souna,
904 1895 933 1934 nt
946 1883 1023 1935 aimnl
1037 1884 1180 1956 aignilicet,

138 1965 266 2038 ungulari
276 1963 415 2028 incincta,
425 1962 537 2032 imperio
549 1973 575 2012 et
587 1979 638 2032 ope
651 1959 762 2014 Palladis
774 1961 939 2026 conlectum,
951 1976 980 2016 ut
992 1964 1114 2019 aduletur
1125 1968 1180 2021 Do-

138 2049 259 2110 mitiano,
275 2043 322 2115 qui
335 2040 450 2094 Palladia
462 2052 590 2110 tanquam
600 2039 650 2092 eibi
661 2041 790 2112 peculiari
801 2042 910 2093 numine
923 2041 1099 2114 gloriabatur,
1113 2060 1179 2100 teate

138 2126 270 2179 Suetonio¹
279 2125 404 2176 Wmto.
414 2151 451 2164 --
462 2119 622 2174 Gcmnice.
632 2122 694 2188 Quo
707 2137 778 2173 anno
787 2122 956 2174 Domitianus
966 2122 1018 2178 hoe
1031 2143 1129 2179 nomen
1139 2145 1180 2180 ac·

139 2209 251 2278 ceperit,
262 2223 357 2275 magna
369 2215 410 2256 eat
420 2201 550 2253 ditaenaio
561 2203 631 2252 inter
643 2199 790 2254 historicos.
804 2201 954 2255 Dodwellua
965 2205 992 2256 in
1005 2205 1100 2258 Annnl.
1113 2205 1177 2261 Stat.

138 2287 207 2352 Vm,
221 2305 247 2358 p.
264 2285 316 2338 206
332 2301 371 2353 aq.
388 2281 569 2334 demonstrare
583 2293 694 2332 eonatna
707 2293 760 2346 eat,
775 2283 955 2334 Domitianum
967 2285 1116 2338 Germanici
1131 2305 1179 2339 no·

138 2385 193 2420 nen
205 2366 258 2420 eibi
269 2381 407 2436 arrogasse
418 2379 488 2413 anno
498 2361 529 2412 lit
541 2379 569 2432 p.
582 2359 631 2412 Cb.
643 2377 686 2426 ιι,
696 2363 750 2414 aive
761 2359 812 2427 834
822 2363 854 2413 U.
865 2362 894 2413 C.
906 2381 959 2434 quo
971 2365 1111 2437 imperium
1121 2385 1179 2422 ιιιι·

136 2449 218 2518 cepit:
233 2447 311 2515 enjaa
330 2443 466 2497 eontentio
478 2439 662 2492 confirmandae
673 2457 752 2492 cauea
764 2439 1009 2510 Drakenborcbiua,
1026 2445 1060 2496 ad
1072 2445 1116 2498 Sil.
1129 2449 1177 2515 lll,

137 2526 196 2598 6⁰7,
206 2525 311 2597 profert
322 2522 501 2576 teatimonimn
513 2521 613 2574 nummi
625 2521 739 2592 antiqui,
752 2539 829 2592 quam
841 2521 1013 2576 Mediobarba
1025 2525 1178 2598 descripsit,

137 2621 164 2659 ut
179 2605 338 2668 Suetonius,
356 2621 379 2652 c.
398 2602 444 2666 13,
460 2619 566 2652 narrare
577 2599 708 2666 videatur,
722 2601 902 2656 Domitianum
914 2623 945 2658 ex
958 2606 1012 2658 auis
1026 2607 1178 2660 nominibus

137 2703 242 2738 meam
253 2681 399 2754 appellatae
410 2692 472 2752 post
484 2680 552 2733 duca
565 2679 597 2732 de
609 2682 749 2733 Germanis
761 2694 833 2734 actos
846 2683 1003 2756 triumphos.
1015 2684 1064 2738 Sed
1077 2689 1178 2740 nummi

139 2765 217 2815 iatius
225 2763 518 2812 auctoritatemomnino
528 2761 618 2832 rejecit
624 2759 761 2826 Elbelius,
771 2779 820 2814 nec
829 2761 943 2816 dubitari
952 2779 1041 2836 potent
1049 2765 1083 2817 de
1093 2785 1116 2818 a.
1125 2767 1177 2818 836

139 2855 187 2896 aut
201 2839 267 2910 ⁸37,
278 2858 330 2910 qno
341 2839 403 2892 illud
412 2857 561 2910 cognomen
574 2855 736 2911 assumptum
750 2841 791 2892 ait.
811 2841 892 2894 tuan.

171 2967 198 3020 d.
217 2965 325 3018 Noue-
337 2961 464 3018 Dardonii
476 2962 546 3034 equi.
564 2965 669 3018 Nomen
681 2964 810 3018 Dardanii
820 2965 893 3035 equi,
906 2964 933 3015 id
945 2978 998 3030 eet,
1011 2963 1177 3019 Dardanium

134 3065 235 3119 equum
247 3067 253 3095 ι
268 3057 299 3098 ιιι
310 3043 424 3098 maximo
435 3053 533 3114 sceptro
544 3043 590 3095 aab
601 3045 708 3096 nomine
719 3042 811 3094 Plinii
817 3080 826 3109 ,
839 3041 867 3093 id
879 3055 934 3110 eat,
946 3043 995 3094 acb
1010 3041 1123 3111 Phoebo,
1135 3045 1177 3098 vel

133 3125 205 3191 acle,
216 3124 290 3195 apud
301 3121 359 3176 val.
375 3123 499 3176 Flaccum
510 3125 547 3189 V,
559 3122 620 3189 484,
636 3125 676 3174 lta
687 3123 788 3194 capient
797 3139 893 3173 nonten
906 3122 1040 3176 bominum
1056 3141 1105 3196 pro
1117 3123 1177 3197 plil-

132 3203 255 3277 loaopbi,
270 3202 342 3275 apud
355 3201 511 3272 Sulpiciam,
525 3204 553 3254 in
567 3202 658 3275 Satyro
674 3221 696 3253 v.
710 3201 744 3270 37
756 3223 762 3252 :
780 3223 792 3246 ι
803 3239 809 3250 .
819 3239 825 3251 .
837 3239 842 3250 .
852 3239 858 3250 .
870 3215 912 3253 ‚et
923 3204 1027 3276 sapiena
1037 3203 1177 3258 bominum

131 3301 287 3355 nomenque
303 3299 478 3354 geonaqne31
492 3281 527 3334 de
541 3283 706 3348 Domitiano,
722 3281 767 3351 qui
781 3277 956 3354 philosophos
970 3283 1053 3336 llonra
1068 3285 1176 3356 expulit.

132 3367 257 3420 Nostram
270 3383 364 3416 nomen
377 3381 428 3434 pro
440 3379 486 3414 nee
499 3361 618 3414 Arnobio
632 3361 679 3413 lib.
694 3362 705 3411 l
713 3401 722 3430 ,
735 3379 761 3431 p.
774 3361 790 3414 5
803 3381 810 3411 ι
828 3363 883 3414 «tn
895 3361 938 3414 ille
948 3364 1176 3418 immania'llerxca

132 3463 203 3498 anm
217 3447 295 3496 terrie
309 3444 462 3496 immitteret
474 3455 500 3494 et
512 3441 646 3514 gressibus
659 3443 741 3493 maria
758 3442 878 3494 transiret
893 3443 971 3497 nostri
984 3445 1097 3498 nominis
1110 3447 1177 3500 elie·

131 3539 204 3578 etnta
218 3537 258 3576 eat
270 3525 394 3577 canui»
411 3525 451 3574 lta
465 3520 621 3594 legendum
634 3519 729 3590 vulgo,
743 3519 867 3592 effectum
882 3535 917 3575 cat
934 3541 1004 3574 curo.
1024 3525 1112 3578 Nostri
1129 3543 1178 3577 no-

131 3605 211 3656 nioia
222 3623 299 3658 emm
312 3618 354 3657 eat
364 3605 447 3656 nostri
461 3621 546 3655 causo.
560 3604 598 3653 lta
611 3619 638 3671 p.
653 3617 684 3654 ιο
700 3623 706 3651 :
728 3624 739 3647 ι
750 3599 775 3652 Si
790 3615 819 3652 ut
831 3603 921 3674 inopia
934 3619 1028 3678 magna
1043 3605 1077 3658 sit
1089 3623 1178 3656 meum

130 3701 231 3736 nonen
244 3688 271 3736 in
288 3703 369 3738 canan
387 3697 443 3751 eat,
459 3701 508 3736 cut·
521 3681 588 3736 nibil
603 3680 720 3754 impedio
732 3694 763 3733 nt
778 3683 812 3735 eit
827 3683 950 3736 feracitas
968 3685 1119 3737 maxima?-
1133 3685 1179 3736 ubi

129 3763 206 3818 videa
218 3785 303 3820 ιιιιιιιι
315 3785 414 3820 nomen
426 3784 477 3838 pro
489 3781 544 3838 epo.

168 3887 206 3923 ιο.
228 3871 302 3926 Ccn's
320 3869 448 3938 decoeot't,
468 3881 518 3922 etc.
544 3867 621 3920 Hunc
639 3865 728 3918 locum
747 3865 860 3940 sublegit
879 3867 1002 3922 Sidonica
1019 3867 1179 3940 Apollinaris

127 3951 212 4005 Germ.
225 3953 279 4020 tx,
296 3950 363 4020 115,
377 3969 475 4004 vocum
488 3949 663 4000 Staticnaront
674 3962 818 4022 perpetuus
828 3948 882 4002 iere
892 3962 1021 4022 captator.

1009 4059 1039 4098 2.
