2824 4488
392 363 523 448 nam
547 381 716 449 suasu
739 385 992 455 stnvtuuiu.
1147 395 1213 484 ³79

173 507 276 581 puerile
292 505 347 560 hoe
357 519 449 560 rotem
459 519 552 576 tuum,
565 525 582 562 o
593 508 704 574 Eerine3
717 511 822 566 sienim
834 511 928 585 eliquit
941 525 984 567 eat
995 531 1043 587 per
1056 535 1138 572 onam
1148 519 1213 572 Ilio-

173 605 227 655 eee,
239 605 287 642 een
298 599 401 640 etetem
412 585 534 653 Tithoni,
547 587 681 660 quodnam
693 607 762 662 opus
773 603 803 642 ut
816 590 896 645 simol
907 606 951 646 eet
962 612 1011 668 per
1021 613 1106 650 snnos
1117 601 1214 653 Nesto·

174 669 210 720 ris
218 670 230 720 l
239 666 363 734 voluisti,
377 670 485 740 opinor,
497 667 601 735 dicere,
612 671 706 740 jungat
717 683 822 723 aetatem
832 671 951 727 Nestoris
963 677 1033 728 etati
1043 676 1167 740 Tithoni3
1184 691 1213 730 ut

175 744 246 817 apud
258 745 422 814 Martialem,
436 747 519 818 epigr.
531 747 605 812 vm,
620 765 654 815 2,
667 749 695 800 in
706 767 734 800 re
748 749 841 818 simili,

419 853 544 898 Terram
553 851 654 900 nonies
663 855 764 917 Deoqec
770 865 850 901 nostro
864 871 867 878 ⁴

421 923 526 970 Promisit
535 921 622 988 thssn
631 936 714 987 qnater
722 937 838 974 ηοω
846 941 852 972 :

421 991 512 1049 Addn,
520 994 579 1040 June
588 1004 667 1056 pater,
676 1004 739 1041 testu
748 1007 863 1057 rogam.

177 1087 229 1142 sed
245 1088 297 1141 hoc
312 1107 367 1141 non
381 1102 420 1142 est
434 1091 515 1143 simul
527 1093 565 1144 ire
581 1111 631 1166 per
646 1111 731 1148 annos
744 1093 848 1175 Eylios,
864 1095 913 1148 sed
924 1109 1028 1169 postest,¹
1046 1109 1089 1149 eat
1101 1098 1214 1167 primum

178 1185 225 1240 per
235 1186 319 1222 annos
330 1167 457 1238 Tithoni,
470 1172 564 1224 deinde
578 1173 619 1224 sel
633 1186 721 1244 posteo
736 1173 806 1245 (non
816 1174 911 1247 dmul)
923 1194 1069 1247 perennes
1081 1179 1213 1230 Nestoris:

177 1248 200 1299 ti
212 1249 283 1299 enim
292 1246 373 1301 dmul
383 1262 441 1316 est,
455 1249 523 1301 nihil
537 1253 611 1304 anuis
623 1253 770 1306 Domitiani
781 1272 830 1326 per
842 1254 894 1308 hoe
905 1267 995 1308 totum
1007 1269 1081 1307 tuum
1094 1254 1214 1309 addetur.

177 1325 235 1378 lioe
246 1325 326 1380 modo
339 1327 452 1399 optasti,
467 1352 479 1375 ι
489 1341 547 1397 eat,
562 1349 624 1397 oro,
637 1349 686 1404 per
697 1351 781 1386 annos
792 1333 882 1386 lliacos
893 1333 1032 1408 Pyliosque
1043 1337 1124 1398 situe;
1134 1360 1146 1383 ι
1160 1337 1178 1386 i.
1190 1354 1214 1387 e.

177 1415 346 1468 metutam
359 1407 446 1479 probo
459 1405 513 1461 hoe
525 1427 557 1460 ex
569 1408 660 1463 Silvas,
673 1412 701 1477 Ι,
713 1411 746 1479 4,
757 1430 781 1463 r.
797 1409 845 1465 125
853 1435 859 1464 ι
875 1415 937 1466 «Tu
948 1413 1041 1467 Troica
1056 1413 1150 1486 dignus
1164 1414 1215 1466 See·

178 1483 253 1552 cula,
274 1498 301 1538 at
317 1487 428 1540 Euboici
442 1485 630 1542 transcendere
646 1487 762 1563 pulveris
780 1508 879 1560 annos,
897 1493 1094 1566 Nestoreosque
1112 1497 1213 1557 situw

178 1561 233 1616 hnc
245 1577 284 1618 est
295 1583 336 1619 ree
349 1568 416 1637 ipsa.
427 1569 500 1638 virg.
513 1567 571 1620 AEn.
584 1569 647 1636 vlt,
660 1570 728 1638 440,
745 1591 757 1615 ·
766 1569 819 1624 Sed
830 1584 857 1625 te
867 1573 936 1626 ricta
947 1575 998 1626 situ
1008 1575 1115 1644 verique
1126 1575 1217 1626 effoeta

179 1656 300 1699 senectus
309 1666 338 1709 ,ι
355 1645 389 1699 sd
403 1665 460 1719 que
474 1649 595 1701 Servius:
612 1671 623 1695 ι
635 1647 661 1701 V
660 1649 710 1702 iota
719 1651 772 1702 situ
782 1662 903 1705 mestus.
916 1655 1054 1725 Temporis
1063 1653 1217 1724 longinqui·

180 1734 250 1790 tate,
261 1742 293 1776 ex
305 1743 358 1800 que
369 1729 486 1779 nascitur
495 1729 569 1780 situs.
581 1752 592 1776 a
607 1727 684 1780 Hune
696 1728 785 1782 locum
797 1732 914 1782 imitatur
926 1731 1039 1798 Statius,
1051 1731 1111 1783 Silv.
1123 1733 1170 1796 111,
1182 1732 1215 1783 3:

180 1804 259 1871 «Tu,
274 1821 324 1858 eeu
339 1805 414 1858 tarda
426 1807 496 1874 sita,
509 1805 644 1879 rebusque
659 1808 786 1861 exhausta
800 1821 922 1863 senectus
932 1809 1049 1876 Erravit,
1065 1827 1128 1875 sen,
1141 1821 1213 1862 ste..

177 1879 307 1937 'l'bebflitb
319 1886 367 1938 Vll
374 1925 384 1953 ,
398 1885 466 1956 γῆς

362 1981 398 2030 stc
406 1981 448 2029 ubl
456 1981 559 2030 nubiferi
568 1985 653 2032 montis
661 1981 721 2031 latus
730 1995 770 2030 sut
780 1999 838 2031 nova
849 1986 923 2034 ventis

362 2051 435 2100 Solvit
442 2051 530 2112 hiems,
541 2065 581 2101 ent
588 2057 650 2102 elota
657 2055 704 2103 situ
711 2069 760 2102 non
768 2055 864 2119 pertulit
873 2068 941 2114 πως
954 2083 960 2098 ,

179 2153 216 2204 ita
231 2149 385 2222 legendum
400 2153 496 2230 vulgo,
510 2153 664 2228 nubiferam.
680 2156 796 2224 Seneca,
811 2155 909 2230 OEslip.
922 2176 946 2209 v.
959 2155 1027 2222 818,
1040 2158 1148 2228 «prims
1161 2154 1218 2208 lan·

178 2232 281 2304 quescit
290 2249 380 2286 senum
389 2233 530 2304 Memoria,
540 2235 621 2308 longo
632 2234 699 2288 lassa
709 2233 852 2290 sublabens
862 2238 922 2292 situ.
933 2259 945 2284 n
957 2233 1033 2290 Ovid.
1044 2237 1148 2288 Metam.
1156 2235 1217 2302 Vll,

181 2310 249 2380 285,
262 2309 298 2366 tle
309 2314 404 2368 AEsone
416 2329 539 2386 recocto,
555 2342 567 2365 s
578 2318 677 2370 absum
687 2318 828 2392 pallorque
840 2321 993 2390 situsque;»
1007 2330 1034 2370 et
1044 2335 1105 2370 mox
1115 2335 1140 2368 v.
1152 2314 1219 2382 302,

182 2393 326 2466 «Dumque
340 2397 419 2450 refert
432 2397 501 2450 inter
514 2399 669 2452 meritorum
684 2401 795 2452 maxima
809 2398 913 2454 demtos
928 2400 1034 2452 AEeoms
1050 2416 1107 2452 esse
1120 2400 1193 2450 sittss.
1204 2420 1216 2443 ι

180 2473 271 2544 Pylios
281 2475 335 2528 dies
345 2475 472 2544 Ovidius,
485 2478 564 2530 Trist.
577 2479 611 2547 V,
626 2479 651 2533 5.
664 2479 803 2549 Virgilius,
817 2479 971 2532 Catalectis:

365 2573 485 2629 Carmine,
496 2587 547 2636 quse
557 2573 663 2638 Pylium,
673 2573 744 2622 esselis
753 2586 848 2638 accepte
857 2573 954 2634 futuris,

396 2643 516 2701 Carmina,
525 2659 577 2707 quse
586 2643 674 2708 Pylium
685 2645 777 2691 vincere
787 2645 856 2708 dique
864 2660 958 2702 senem,

182 2742 239 2816 quie
250 2742 319 2796 ferre
330 2755 420 2816 potest
431 2743 539 2816 Pylium
552 2755 578 2796 et
592 2743 700 2816 Pylium
711 2745 815 2798 mem?
825 2742 899 2816 leqs,
915 2767 927 2791 ι
937 2742 1059 2798 Carmina
1073 2761 1129 2816 quse
1140 2742 1220 2815 Phrq·

181 2821 269 2894 qiam,
281 2817 362 2874 saeclie
374 2836 482 2895 accepta
494 2823 628 2891 futurie3·
643 2823 774 2896 Pluyqt'us
783 2841 860 2878 senex
871 2842 918 2878 seu
928 2823 1064 2892 Priamus,
1079 2835 1105 2874 et
1115 2822 1220 2892 Pylius,

183 2899 322 2969 sepissime
335 2903 544 2974 conjunguntur,
562 2915 591 2952 ut
605 2902 632 2954 in
650 2899 712 2954 loco
726 2902 801 2954 Statii
811 2904 866 2972 jam
883 2901 989 2956 citando
997 2941 1006 2970 ,
1020 2915 1047 2953 et
1063 2900 1162 2973 passim
1179 2897 1220 2952 his

181 2977 273 3046 Silvis,
291 2992 318 3034 et
333 2977 404 3035 alibi.
421 2979 507 3054 Pylioe
522 2990 627 3036 senectoe
639 2982 745 3049 Noster,
761 2979 845 3034 Theb.
860 2981 894 3048 V,
908 2979 972 3050 751:
991 2979 1089 3053 -Pytia
1102 2997 1153 3030 nec
1165 2979 1221 3030 iata

183 3071 293 3110 smectte
304 3057 440 3124 Maluerit,
452 3059 570 3134 Phrygiis
581 3072 627 3111 aut
638 3059 733 3131 degere
745 3060 850 3131 longius
862 3061 973 3126 annisu
986 3058 1024 3114 ed
1034 3077 1091 3132 quse
1101 3058 1221 3112 Lutatius

183 3150 256 3189 retus
265 3137 423 3192 scholiastes
432 3161 437 3190 :
454 3161 465 3186 ι
475 3140 560 3212 Pylias
570 3159 663 3206 senex,
671 3143 728 3211 jam
737 3160 821 3194 annos
831 3142 948 3194 Nestoris
958 3140 1036 3203 dicit;
1047 3162 1059 3186 a
1070 3139 1141 3209 lege,
1156 3159 1167 3182 s
1176 3139 1222 3208 Py-

183 3211 245 3267 liam
256 3229 387 3269 senectam
398 3235 484 3270 annos
494 3220 614 3271 Nestoris
626 3217 699 3271 tlicit.
710 3243 721 3267 ι
735 3220 793 3272 Pari
805 3217 885 3271 motlo
895 3217 1052 3291 depravatus
1063 3219 1132 3270 iorte
1143 3212 1219 3268 Ovid.

182 3292 275 3363 locus,
287 3297 395 3348 Metam.
408 3298 458 3364 IX,
470 3297 536 3351 253:
553 3312 700 3351 «aternum
712 3311 776 3352 esta
788 3317 830 3350 me
843 3298 914 3369 quod
926 3300 1017 3364 traxit,
1032 3311 1058 3350 et
1069 3314 1162 3368 expers
1174 3296 1222 3346 At-

184 3391 235 3444 que
246 3375 363 3428 immune
376 3377 465 3442 necis,
480 3375 598 3449 nullique
610 3376 742 3431 domabile
757 3377 903 3441 hasnum·
920 3377 966 3430 ubi
979 3396 1028 3451 pro
1042 3379 1124 3444 escis,
1137 3372 1222 3427 codex

183 3447 264 3505 hahet
282 3451 373 3519 simul,
389 3465 499 3505 notante
513 3454 637 3520 Heinsio3
655 3458 701 3530 qui
718 3457 841 3526 conjicit,
860 3458 966 3527 uritque
983 3458 1098 3508 immune
1117 3455 1218 3506 situs:-

184 3529 260 3584 bene.
282 3531 424 3587 Varronem
441 3534 502 3587 situs
515 3533 606 3588 Senec.
620 3536 703 3610 Epist.
719 3535 769 3599 58,
784 3548 891 3588 veterem
905 3547 1006 3590 eutem
1021 3534 1160 3588 verborum
1172 3552 1221 3584 vo·

183 3625 227 3662 cat
245 3612 386 3680 Horatius,
406 3614 462 3665 Art.
480 3616 554 3668 Poet.
572 3617 619 3668 Est
636 3635 698 3668 vero
714 3615 774 3669 st'lus
795 3619 922 3689 uproprie
939 3616 1037 3688 lanugo
1053 3615 1172 3689 quedam
1190 3632 1221 3665 ex

184 3688 295 3745 humore
305 3706 483 3765 procreant,-
498 3707 529 3747 ut
543 3696 580 3747 sit
593 3696 714 3762 Servius,
730 3696 764 3748 ad
778 3697 848 3768 Virq.
864 3699 922 3749 AEn.
935 3699 988 3764 Vl,
1003 3697 1068 3763 462:
1085 3713 1134 3768 pro
1147 3705 1222 3745 oetote

184 3769 337 3843 simpliciter
348 3791 408 3828 esrn
419 3789 530 3848 usurpat
540 3775 652 3830 &renus
665 3775 862 3844 Sammonicus,
875 3775 920 3830 lib.
933 3777 966 3830 tle
977 3776 1122 3839 Medicina,
1134 3792 1158 3826 c.
1171 3773 1220 3828 36:

368 3871 483 3918 Preteree
491 3887 641 3934 quascunque
651 3869 714 3918 voles
722 3885 827 3919 eernere
836 3885 907 3930 seut,

369 3941 444 4001 Atque
453 3941 476 3986 in
485 3951 625 4004 perpetuum
633 3939 735 3986 rediviva
743 3941 864 3990 ocdutlere
873 3942 916 3990 tela
925 3979 932 3998 .

370 4009 685 4072 Corpoributruleirsaniem
695 4011 900 4074 perducitorenae,
1006 4009 1009 4017 ¹

370 4080 416 4126 Sed
425 4096 476 4143 quae
486 4095 557 4144 parre
565 4081 611 4127 situ
621 4093 667 4136 est,
679 4093 702 4128 et
710 4097 780 4127 rauco
790 4081 879 4144 garrule
889 4093 981 4146 questu.
