2804 4490
187 275 249 358 ι44
353 267 489 332 NOTAE
514 262 561 324 IN
586 255 784 324 GARMEN
808 249 1054 336 QUARTUM

180 399 299 453 attollere
313 407 417 460 cannes,
432 391 529 444 iterare
543 403 648 438 versum
660 377 868 454 praecedentem?
882 375 961 428 Mitto
976 371 1050 446 quod
1065 371 1163 444 Apollo
1179 371 1224 424 hic

181 491 271 534 narrat
283 491 399 542 tantum,
413 491 468 526 non
482 469 569 522 canit.-
585 465 658 538 quod
671 465 759 517 bonus
772 458 947 532 interpolator
960 474 1015 508 non
1034 453 1225 507 animadvertit.

177 561 255 624 ‚istud
264 572 351 612 autem
363 555 423 608 luta
432 550 580 605 Statianum
588 559 664 617 puto.
678 545 770 595 lacera
781 539 887 612 quidem
897 538 989 589 umbra
999 549 1072 588 recte
1085 533 1225 598 diceretur,

109 715 113 724 .
181 657 212 696 ut
224 632 393 714 Deiphobum
406 632 478 705 apud
493 629 592 682 inferos
609 625 724 679 lacerum
738 620 877 674 crudeliter
889 636 935 670 ora
951 619 1059 688 agnovit
1073 617 1185 668 AEneas:
1200 625 1226 665 at

181 722 223 776 ha
234 737 313 773 voces
327 734 376 789 pro
389 712 540 768 seinvicem
555 705 762 767 substituuntur,
776 713 806 753 ut
817 698 878 752 silv.
891 699 925 764 V,
942 713 966 763 t,
978 715 1027 768 pro
1040 694 1110 747 latae
1118 693 1227 765 frendes

182 805 223 858 ha
234 803 293 856 duas
304 799 378 853 editt.
393 793 494 847 hahent
508 791 612 842 lacerat.
629 784 681 838 Sed
697 801 770 855 teque
781 781 896 854 probum
913 779 989 839 lata,·
1003 789 1033 830 ut
1046 775 1116 828 dicat
1129 773 1227 848 Apollo

68 865 71 870 ³
183 882 311 956 Regulum
322 878 451 951 plausisse
462 868 592 923 tributum
604 866 695 917 umbra
707 862 798 934 palam
811 860 885 924 lata,
898 876 955 910 non
966 857 1057 909 furtim
1070 868 1097 908 et
1108 853 1227 908 distimu-

184 963 270 1015 lauter
283 972 309 1013 et
320 957 401 1009 tacito
414 954 473 1005 sinu
485 945 605 1001 condens
616 941 726 1015 gaudia,
740 939 788 994 aad
797 937 890 1012 palum
901 935 1040 990 exsultans.

220 1092 262 1161 89.
284 1087 446 1160 captivaque
457 1095 543 1152 preces
559 1076 586 1132 V
583 1073 677 1134 eleda-
692 1090 750 1143 quae
760 1071 834 1141 virgo
850 1069 902 1120 fuit
918 1070 946 1119 in
960 1040 1062 1120 summu
1074 1065 1229 1118 auctoritate

186 1169 259 1243 apud
269 1171 427 1226 Germanos,
437 1171 463 1212 et
470 1159 552 1208 instar
559 1153 673 1205 numinis
681 1148 780 1201 habita.
793 1146 854 1200 vid.
862 1147 946 1197 Tacit.
958 1143 1018 1196 edit.
1030 1156 1099 1196 nost.
1112 1156 1175 1194 tom.
1184 1143 1229 1206 IV,

186 1270 247 1324 pag.
261 1267 308 1316 no,
324 1259 351 1298 et
361 1243 398 1296 ibi
409 1253 465 1292 not.
477 1236 538 1288 vid.
551 1237 632 1286 etiam
642 1223 719 1282 notas
731 1229 845 1281 Doctisa.
858 1227 946 1279 viri'C.
959 1227 987 1277 L.
1000 1227 1030 1276 F.
1042 1227 1229 1286 Psacnouosa,

186 1335 214 1385 in
226 1347 306 1404 opere
318 1324 412 1380 eximio
426 1318 499 1392 quod
510 1334 595 1388 nuper
607 1310 688 1366 edidit
699 1309 732 1363 de
743 1309 828 1361 Taciti
839 1306 995 1370 Germania,
1008 1323 1066 1376 pag.
1078 1303 1120 1370 41.
1139 1304 1186 1354 Ειι.

223 1479 266 1536 91.
284 1459 435 1534 Depositam
448 1452 527 1506 Dacis
535 1447 701 1524 pereuntibus
713 1444 810 1497 ardent.
826 1439 969 1494 Castellum
982 1438 1034 1491 hoc
1044 1437 1179 1489 Dacorum
1190 1452 1232 1486 ur·

190 1549 226 1600 leis
237 1544 344 1597 nomine
357 1554 489 1610 nusquam
503 1531 567 1585 alibi
581 1529 733 1598 insignitum
748 1523 795 1578 sed
807 1523 903 1576 montis
914 1520 956 1574 rel
970 1518 1082 1584 canicie,
1096 1528 1190 1588 utpote
1203 1515 1232 1565 in
1347 1549 1349 1557 .

190 1625 299 1682 editiore
310 1621 371 1673 loeo
384 1619 472 1670 situm.
485 1614 571 1684 Supra
584 1611 612 1661 in
622 1609 698 1677 Equo
711 1606 782 1657 Max.
795 1621 819 1654 v.
834 1602 885 1654 80:
903 1622 914 1647 e
923 1602 965 1652 Tu
976 1596 1081 1650 tardum
1092 1597 1119 1647 in
1132 1592 1233 1647 loedera

189 1718 307 1759 montem
317 1704 409 1770 Longo
422 1697 506 1749 Marta
517 1691 640 1744 domas.»
654 1685 756 1738 Ibidem
768 1703 793 1735 r.
807 1701 836 1754 7:
873 1739 876 1750 ¹

375 1795 468 1844 Rhenus
477 1803 502 1838 et
510 1788 602 1837 attoniti
611 1784 669 1833 vidit
677 1782 761 1830 damus
769 1777 841 1826 ardua
851 1778 917 1824 Daci.

191 1891 251 1946 silv.
264 1887 312 1941 lib.
323 1889 372 1952 111,
384 1901 463 1937 carm.
476 1881 507 1946 3,
518 1894 585 1929 vers.
600 1875 665 1942 169:

375 1983 479 2042 Quaque
487 1991 557 2024 suum
565 1973 633 2020 Dacis
642 1969 715 2017 donat
723 1966 845 2014 clementia
854 1974 966 2010 montem.

192 2074 321 2132 Thebaid.
333 2072 380 2125 lib.
390 2073 415 2138 1,
424 2086 491 2123 vers.
506 2083 551 2136 ¹7²
998 2045 1000 2048 ’

658 2167 664 2178 .
675 2169 680 2178 .
693 2166 698 2178 .
709 2166 714 2177 .
723 2126 817 2193 qnando
827 2123 884 2172 tnta
893 2121 997 2170 nondum

375 2215 455 2274 Signa,
464 2224 508 2257 nec
518 2209 616 2255 srnoor
624 2205 698 2250 ausim
706 2215 799 2264 sperare
809 2193 953 2257 triumphos,

379 2285 461 2346 Bisque
468 2280 526 2343 jugo
535 2277 653 2331 Rhenum,
664 2274 700 2320 bis
709 2271 818 2318 adactum
825 2267 916 2330 legibus
924 2267 1020 2317 istrum,

377 2355 407 2399 Et
414 2352 536 2413 conjurato
544 2347 647 2409 dejectos
655 2343 742 2390 vertice
751 2344 828 2387 Dacos
833 2354 841 2393 ;

79 2430 81 2438 Ι
195 2452 242 2504 ubi
252 2466 301 2522 pro
314 2460 414 2517 sperare
424 2435 574 2508 triumphos
588 2430 730 2504 legendum
741 2427 845 2500 spirare.
856 2420 928 2474 Flor.
941 2419 987 2482 lV,
1002 2433 1048 2468 ta:
1066 2413 1151 2467 nDaci
1163 2429 1238 2464 mou·

195 2533 265 2585 tibue
277 2526 410 2582 inherent
422 2545 433 2570 ι
446 2522 485 2573 Ex
495 2519 537 2571 his
549 2517 614 2568 locis
626 2526 700 2585 patet
713 2510 823 2562 Statium
836 2501 986 2574 scripsisse:

381 2619 528 2680 Depositam,
538 2612 606 2658 Dacis
615 2606 780 2672 pereuntibus,
790 2615 881 2656 mecm,

197 2735 252 2770 non
265 2715 360 2769 urban
374 2707 529 2760 parvinum
541 2700 669 2764 infecerat
683 2695 836 2758 lioratium,
850 2691 938 2742 Germ.
952 2687 977 2751 1,
991 2701 1022 2755 7:

380 2806 440 2851 Sunt
448 2801 532 2865 quibua
541 2811 616 2844 unum
625 2809 685 2856 opus
694 2803 729 2840 est
736 2793 828 2837 intactas
836 2784 935 2834 Palladis
942 2782 1025 2831 urbem

413 2865 787 2950 §armineperpctuscelebrare5
989 2847 997 2862 ⁰

198 2976 244 3028 ubi
255 2992 305 3045 pro
319 2969 404 3022 artem
417 2961 559 3035 legendum
572 2974 629 3010 este
642 2971 742 3018 arum,
755 2948 858 3003 erudite
868 2943 966 3018 probat
977 2941 1008 2992 R.
1025 2939 1170 3000 nentina„
1183 2933 1241 2987 vide

199 3067 224 3105 et
235 3055 326 3105 Heius.
337 3046 372 3101 ad
382 3042 460 3098 Ovid.
472 3043 536 3094 Met.
546 3038 581 3103 V,
592 3034 656 3102 644.1

234 3175 277 3246 93.
297 3176 413 3226 Fortuna
424 3187 477 3222 non
489 3161 636 3216 admirante
646 3127 813 3210 sabensscio
826 3142 962 3219 quomodo
975 3140 1049 3192 ltunc
1062 3139 1151 3191 locum
1164 3133 1244 3208 expli·

189 3267 243 3307 'cat
252 3253 369 3306 Thomas
379 3245 528 3319 Stephanus
541 3243 568 3292 in
581 3236 696 3290 editione
708 3249 756 3283 sua
766 3229 862 3280 harum
871 3222 961 3274 Silvar.
971 3218 1097 3270 Cantabr.
1110 3234 1152 3267 au.
1168 3215 1245 3280 1651,

200 3351 254 3387 non
265 3331 419 3384 admirante.
435 3347 446 3371 ι
457 3318 591 3392 Siquidem
600 3333 649 3387 pro
659 3309 759 3362 meritis
768 3307 820 3359 tuis
830 3301 929 3355 electus
939 3317 976 3350 ea.
988 3319 999 3342 s
1012 3293 1063 3347 Sed
1072 3293 1137 3345 mihi
1147 3309 1246 3363 nequa-

201 3431 280 3486 quam
294 3406 422 3462 satisfacit
438 3403 495 3454 huc
513 3393 711 3467 interpretatio,
725 3399 752 3439 et
769 3375 974 3454 majus·aliquid
991 3372 1127 3447 postulare
1142 3371 1245 3422 videtur

201 3507 307 3552 tensus3
327 3484 404 3559 quale
418 3495 458 3536 ast
475 3475 648 3533 consentiente
662 3482 689 3521 et
705 3464 865 3538 approbante
882 3459 1013 3520 Fortuna,
1031 3469 1085 3503 non
1098 3457 1245 3522 opponente

202 3587 229 3622 aa
239 3567 303 3620 huic
315 3565 452 3628 electioni,
462 3577 519 3610 non
529 3560 697 3626 aspernante,
711 3563 765 3596 non
778 3541 945 3614 indiqnnnte,
956 3547 986 3586 ut
995 3526 1123 3582 Thebaid.
1135 3527 1171 3593 11,
1184 3525 1245 3596 7ls;

201 3651 234 3716 V,
247 3646 313 3715 434,
327 3658 353 3698 et
366 3643 415 3709 IX,
429 3641 495 3710 4693
509 3631 647 3688 Claudien.
662 3627 697 3680 de
708 3621 793 3678 Laud.
804 3618 886 3676 Stilic.
898 3619 910 3667 l
920 3628 947 3668 et
958 3615 1001 3665 ΙΙΙ.
1015 3611 1126 3674 Noster,
1140 3605 1199 3659 Silr.
1213 3605 1245 3670 V,

206 3747 230 3796 ι,
242 3743 310 3780 vers.
325 3722 391 3788 234:

387 3797 510 3860 Accipiunt
518 3791 595 3842 tultus
604 3787 667 3837 haud
676 3785 793 3848 indignata
802 3779 899 3830 decoros

389 3869 497 3916 Numina.

206 3971 264 4022 Hoc
281 3963 361 4020 modo
378 3959 492 4030 assurgit
507 3971 599 4008 sensus
612 3951 694 4006 Statio
706 3947 816 4018 dignus:
833 3939 899 3992 nihil
914 3927 984 3991 enirn
996 3935 1116 3988 Fortuna
1127 3945 1187 3981 cum
1200 3925 1247 3977 ad·
