2776 4484
366 318 514 383 'LIBRI
539 320 682 384 PRIMI
707 321 958 414 structum.
1149 327 1189 412 73

186 463 243 516 ¹⁰7·
266 443 369 497 Pierius
385 444 587 514 uotumjuvenis
600 445 678 513 cupit.
700 444 799 496 Votum
810 463 902 518 cupere
918 463 1072 516 nunquam,
1092 445 1190 513 credo,

149 527 270 578 ncmrrit.
285 525 368 594 Lege,
384 535 470 574 vobem
484 524 572 596 capit:
588 525 605 574 i.
619 542 643 574 e.
655 542 704 595 par
716 537 755 576 est
767 523 828 576 huic
840 537 916 591 voto,
930 544 984 577 non
998 527 1113 579 inferior.
1129 526 1188 580 Silr.
1216 541 1222 556 “

149 605 194 657 lib.
207 608 232 670 1,
244 620 324 657 carm.
338 602 368 667 6,
380 619 448 652 vers.
459 600 507 654 53:

364 675 413 719 Stat
422 687 489 719 sexus
497 673 561 720 rudis
570 674 703 736 insciusque
713 674 783 732 ferri,

365 745 392 790 Et
400 758 490 806 pugnas
498 745 558 805 capit
567 744 687 807 improbus
696 743 781 791 rix-iles,

151 821 176 860 et
188 806 232 858 lib.
245 809 384 872 lll,earm.
403 825 425 872 r,
435 823 501 857 vers.
516 805 580 858 160:

333 887 392 932 Nem
401 886 474 948 capit,
485 897 507 932 et
516 897 604 932 tanturn
614 901 662 933 non
672 886 776 948 degener
785 886 856 933 ambit
865 885 992 943 bonorem

151 964 243 1029 idest,
256 963 336 1034 digna
352 978 390 1016 est
402 963 454 1015 boc
465 961 577 1016 honore.
589 965 628 1016 Ita
640 982 723 1036 capax
735 964 840 1016 invidie
850 983 911 1030 arx,
925 967 1022 1018 Seneca
1034 965 1130 1019 Troad.
1143 969 1190 1034 lll,

152 1043 211 1112 478,
219 1043 261 1094 cui
267 1045 326 1111 jure
335 1044 393 1113 quis
401 1057 427 1094 et
435 1044 528 1094 merito
536 1043 658 1095 invideat.
666 1045 799 1114 Expressit
807 1043 927 1106 ἐπίφθονος
935 1046 1065 1117 Euripidis
1072 1046 1191 1110 Hecuba,

152 1121 183 1173 de
191 1125 265 1192 ij.
277 1123 380 1173 Animos
391 1123 480 1174 mortis
490 1140 605 1194 capaces,
618 1124 716 1175 Lucan.
730 1126 754 1189 I,
767 1124 833 1190 456,
844 1123 891 1175 ubi
904 1137 992 1177 tamen
1001 1127 1122 1179 Heinsius
1132 1123 1191 1178 sub

152 1204 234 1254 stituit
246 1219 356 1272 rapaces.
369 1204 477 1268 Noster,
489 1201 573 1254 Theb.
586 1203 631 1254 lib.
642 1205 680 1270 X,
691 1223 759 1256 vers.
770 1203 838 1272 634,
849 1203 882 1255 de
894 1208 1014 1258 lustitia:

335 1289 380 1334 Seu
388 1300 454 1350 pater
462 1289 610 1350 omnipotens
619 1289 713 1346 tribuit,
724 1289 771 1336 sire
781 1291 830 1351 ipsa
840 1305 936 1352 capaces

336 1358 409 1420 Hegit
417 1371 540 1421 penetrare
551 1362 653 1414 solmon

152 1441 185 1490 ita
195 1437 350 1510 legendum
360 1440 437 1508 vulgo
448 1441 521 1494 viros.
531 1471 567 1479 —
575 1443 610 1492 Ut
621 1431 806 1506 Marklandus,
819 1442 857 1491 ita
868 1425 944 1492 sliam
954 1442 1119 1495 Burmannus
1129 1461 1191 1495 con·

148 1521 218 1588 jecit.
234 1517 288 1572 Sed
299 1518 372 1570 illum
386 1521 444 1589 ipss
455 1519 595 1570 verborum
610 1519 750 1590 explicatio
763 1519 864 1569 fefellit.
878 1521 945 1570 Nam
961 1519 1033 1588 quod
1045 1522 1136 1588 aflert,
1148 1541 1191 1573 crt-

146 1617 206 1666 pere
216 1618 333 1674 perquer,
349 1598 403 1650 buc
418 1617 472 1649 non
486 1601 612 1670 pertinet,
628 1617 708 1668 quum
726 1595 853 1668 significet
867 1597 895 1648 in
913 1617 940 1650 se
957 1601 1087 1668 recipere,
1104 1600 1191 1652 subire

152 1697 261 1752 pugnas.
277 1681 306 1730 ln
319 1678 404 1732 altero
414 1697 478 1730 vero
493 1679 552 1730 loco
566 1678 688 1729 honorem
701 1695 791 1750 capere
802 1688 873 1727 recte
885 1674 983 1727 dicitur
992 1676 1079 1742 Polla,
1095 1697 1151 1747 quae
1164 1697 1192 1731 se

152 1776 275 1830 capacem
287 1757 398 1810 honoris
414 1759 569 1828 praestiterit.
585 1758 669 1808 Nemo
685 1770 774 1807 tamen
785 1755 836 1808 bac
854 1753 959 1826 quidem
975 1759 1075 1808 ratione
1090 1759 1194 1827 scripsit

152 1851 237 1890 votum
248 1856 355 1909 cupere,
366 1836 437 1908 quod
449 1841 470 1888 si
480 1856 542 1889 usus
554 1837 663 1888 Latinus
675 1837 769 1899 ferret,
783 1854 837 1887 non
847 1838 875 1887 in
885 1834 990 1886 laudem
1001 1835 1083 1888 Stellae
1093 1835 1192 1888 dictum

152 1931 228 1970 esset.
240 1920 309 1970 Nam
322 1915 507 1987 explicandum
520 1929 591 1968 erat:
605 1935 728 1986 magnum
742 1914 849 1987 quidem
862 1929 952 1968 votum
964 1918 1092 1986 concipit,
1106 1930 1134 1966 ut
1146 1915 1190 1967 Sil.

152 1996 207 2048 ltal.
217 1999 278 2062 Vll,
292 2013 334 2066 77.
344 1998 370 2050 Si
383 1996 445 2069 quid
455 1999 536 2068 igitur
547 1996 718 2061 mutandum,
730 1998 878 2071 scripserim
887 2009 900 2047 r
910 1995 1034 2048 sGrande
1045 1997 1190 2068 quidem...

153 2076 249 2128 Pierius
257 2092 322 2128 roto
329 2079 434 2148 juvenis
445 2079 525 2146 cupit.
538 2100 549 2123 s
564 2078 602 2127 Ita
611 2076 742 2142 Catullus,
754 2077 809 2142 XV,
823 2077 853 2128 3:
870 2098 881 2121 ι
891 2075 1037 2147 quidquam
1047 2080 1134 2128 animo
1146 2088 1191 2128 tuo

152 2156 255 2225 rupisti.
267 2178 279 2201 ι
292 2154 343 2208 sed
353 2175 388 2208 ne
397 2155 449 2208 hoc
462 2155 568 2229 quidem
580 2157 756 2216 necessarium
767 2154 876 2208 videtur.
892 2155 986 2207 Votum
998 2157 1105 2226 proprie
1117 2173 1193 2207 usur·

152 2247 232 2304 patur
247 2234 280 2288 de
294 2235 471 2301 amatoribus,
486 2237 531 2306 qui
545 2229 637 2288 rimatis
651 2233 745 2306 puellis
760 2235 839 2306 potiri
854 2236 972 2305 cupiunt.
985 2237 1023 2287 lte
1037 2233 1114 2288 ovid.
1128 2237 1189 2286 Met.

154 2315 203 2379 lX,
221 2315 287 2380 463:
308 2339 319 2360 ι
331 2314 484 2386 nullumque
498 2315 548 2366 sub
562 2315 607 2367 illo
621 2317 681 2384 igne
695 2327 785 2366 votum
798 2315 870 2366 facit.
882 2339 893 2361 s
910 2313 1038 2366 Thebaid.
1057 2317 1106 2380 lX,
1127 2331 1190 2383 711:

156 2397 256 2446 -saciro
269 2395 370 2446 ducunt
382 2397 492 2467 suspiria
501 2409 572 2446 voto.
584 2419 594 2442 ι
610 2397 676 2446 Hinc
688 2405 775 2446 uotum
785 2413 835 2465 pro
848 2394 973 2447 connubii
985 2409 1030 2446 aut
1041 2397 1192 2465 nuptiarum

153 2473 295 2540 desiderio,
312 2487 342 2526 ut
355 2476 423 2527 infra
433 2492 471 2525 rs.
486 2491 550 2526 aro:
568 2488 688 2544 equanto
705 2473 829 2526 salierunt
845 2487 953 2544 pectora
968 2488 1065 2536 voto;·
1083 2487 1109 2525 et
1121 2473 1191 2546 apud

151 2555 310 2606 recentiores
319 2571 369 2624 pro
380 2555 438 2624 ipso
448 2553 591 2606 connubio.
603 2552 832 2622 Quemadmodum
843 2555 921 2622 igitur
932 2553 1055 2621 Ovidius,
1067 2556 1121 2606 Art.
1132 2555 1190 2605 Am,

154 2631 178 2696 l,
191 2633 255 2702 737,
267 2643 326 2685 voto
336 2634 430 2704 potiri,
442 2636 477 2685 ita
489 2634 586 2686 Statius
598 2633 662 2685 dixit
673 2651 765 2706 cupere
778 2643 873 2685 votum.
893 2634 974 2684 llxsn.

196 2773 254 2808 rra.
274 2756 343 2807 Mibi
356 2757 433 2810 duleis
447 2759 533 2834 imnqo
543 2756 670 2833 prosiluit.
682 2758 813 2831 Explicari
823 2771 936 2830 possunt
947 2762 999 2811 sic:
1015 2760 1083 2812 curis
1097 2771 1124 2810 et
1135 2771 1192 2810 stu·

158 2835 211 2887 diis
221 2837 286 2888 meis
298 2839 442 2890 suavissima
456 2841 543 2908 imago
558 2859 588 2891 ex
602 2856 730 2890 marmore
742 2841 817 2908 qussi
829 2838 887 2890 rudi
898 2837 1009 2908 prodiit,
1022 2850 1052 2888 ut
1063 2855 1094 2887 ex
1106 2835 1193 2906 lapide

157 2935 204 2970 seu
218 2929 313 2967 trunco
323 2917 414 2987 Apollo
424 2919 537 2988 lingitur.
548 2919 669 2971 Prosilire
678 2918 782 2970 videtur
791 2919 876 2987 imago
888 2917 937 2968 sub
948 2917 1070 2969 manibus
1079 2913 1193 2966 artificis.

156 2996 207 3048 Sed
222 2997 284 3067 quia
301 3010 360 3047 ante
375 2998 463 3050 lormae
481 3001 537 3069 ejus
552 3001 684 3069 egregium
701 2997 781 3049 decus
795 2997 927 3060 laudatur,
944 2997 1067 3066 preferat
1084 2995 1194 3046 fortasse

156 3076 355 3149 explicationem
368 3077 450 3130 banc:
470 3081 658 3131 incrementum
676 3081 759 3149 cepit,
776 3079 873 3139 crevit;
889 3076 929 3127 vel
947 3073 1010 3126 mihi
1027 3073 1147 3145 prosiluit
1163 3095 1195 3147 ex

156 3159 293 3222 meosinu,
303 3158 329 3207 in
338 3175 391 3227 quo
399 3176 455 3209 eam
466 3159 553 3210 foviet
561 3160 651 3211 comsi.
665 3159 705 3210 Sic
713 3158 796 3210 Greci
807 3153 956 3224 ἑνιὴαμιῒν,
966 3156 1041 3206 Lnnz.
1053 3183 1087 3197 -
1097 3156 1120 3207 J.
1132 3157 1193 3206 Par-

156 3235 271 3288 rhasius:
289 3259 300 3281 s
311 3235 380 3288 milti
394 3232 475 3290 duleis
489 3238 590 3310 imago,
611 3240 710 3309 inquit,
724 3235 752 3287 id
766 3250 804 3288 est
818 3235 974 3288 Violarttillae
988 3236 1083 3300 facies,
1097 3237 1124 3287 in
1142 3253 1194 3305 qua

156 3317 217 3368 mibi
227 3317 334 3388 placeo,
348 3316 457 3388 quiade
470 3337 511 3369 me
525 3319 667 3390 plurimum
681 3317 741 3370 salis
754 3316 833 3368 babet
844 3329 870 3369 et
881 3316 1027 3387 elegantire,
1040 3315 1105 3368 milri
1114 3318 1194 3389 prosi·

157 3397 216 3462 luit,
232 3396 258 3448 id
275 3411 315 3449 est
330 3410 432 3448 mature
448 3397 576 3462 adolevit,
594 3397 620 3449 id
637 3411 676 3450 est
687 3395 751 3448 mibi
767 3399 956 3449 incrementum
968 3397 1044 3449 velox
1058 3397 1191 3467 accepit.-

157 3477 243 3549 lmoqo
254 3491 279 3528 et
288 3475 460 3530 simulacrum
473 3477 564 3531 eadem
575 3480 676 3530 ratione
688 3497 718 3529 ex
730 3481 791 3530 artis
802 3477 925 3550 operibus
938 3477 1051 3529 deducta
1062 3476 1195 3541 dicuntur,

158 3574 207 3626 qua
221 3559 338 3608 Graecum
354 3551 432 3620 υἱώ,
451 3571 480 3607 ut
494 3558 654 3626 significetur
669 3575 782 3628 persona
800 3559 852 3611 sive
870 3556 1002 3620 amabilis,
1021 3557 1073 3608 sive
1092 3554 1193 3606 odiosa.

159 3635 273 3688 l'rost'luit
284 3636 352 3688 dixit
363 3651 459 3707 poeta,
470 3651 500 3688 ut
511 3639 593 3689 Grasci
604 3635 706 3704 inbrprr'r
716 3635 749 3688 de
759 3656 787 3689 rc
798 3637 885 3689 subito
898 3650 1041 3708 apparente
1053 3648 1196 3706 usurpant,

157 3727 181 3763 rt
192 3715 291 3767 ridetur
304 3717 401 3785 origini
415 3735 445 3767 ac
458 3715 587 3769 natalibus
600 3715 755 3771 violanrillae
768 3715 865 3787 aliquid
881 3715 997 3767 divinum
1009 3714 1062 3766 boc
1076 3715 1134 3786 ipso
1147 3731 1195 3762 ro-

157 3793 246 3847 cabulo
259 3793 393 3848 tribuisse.
414 3797 496 3848 llxxn.

193 3917 247 3982 114.
265 3917 477 3989 Suppestumque
494 3933 582 3970 eomoe.
601 3916 732 3984 Quidnam
752 3917 795 3970 bic
818 3932 898 3968 comte
916 3924 1060 3988 suggestum
1081 3907 1197 3981 appellet

156 4007 246 4063 poeta,
258 4008 382 4066 querunt
394 3996 442 4045 riri
453 3994 534 4047 docti.
546 3997 677 4049 Domitius
692 4009 719 4047 et
729 3995 880 4048 Parrhasius
891 3994 987 4064 aliique
998 3990 1107 4060 globum
1118 3990 1196 4038 inter·
