2824 4488
394 302 537 367 LIBER
560 301 634 382 ΙΙΙ,
658 303 855 368 ctnnnn
879 306 925 369 ll.
1111 316 1175 382 323

187 419 358 512 Fluctua,
370 444 429 496 eut
439 427 539 497 Siculi
550 427 741 522 populatrix
752 432 845 522 virgo
855 433 1032 524 prolirndi:

185 545 279 626 Quos
289 537 349 606 tihi
360 541 508 606 currenti
518 531 667 631 praeceps
682 539 766 607 feret
777 540 877 608 Adria
888 563 1014 612 moros:

187 653 269 735 Quae
280 673 346 742 pax
356 646 555 740 Carpathio:
569 647 703 742 qualite
716 647 879 718 subvehat
889 676 972 722 aura

187 761 283 828 Doris
294 760 458 850 Agenorei
470 757 567 824 finus
579 755 729 824 blandita
737 755 894 850 juvenci?

232 869 296 937 Sed
308 871 415 936 merui
427 873 567 963 questus
580 895 587 934 ε
601 868 682 962 quid
694 873 782 948 enim
792 919 803 951 ,
814 886 848 941 te
860 887 968 941 cestra
979 893 1130 972 petente,
1143 913 1178 966 90

188 985 262 1048 Non
272 979 326 1047 vel
337 977 380 1046 ad
390 981 522 1072 ignotos
535 979 625 1047 ibam
636 1003 747 1048 comes
760 982 901 1074 impiger
914 985 1015 1054 Indos

187 1092 470 1184 Cimmeriumque
481 1088 611 1157 Chaos?
621 1105 744 1158 starem
756 1113 862 1184 prope
874 1091 994 1162 bellica
1004 1101 1092 1189 repis

188 1204 286 1295 Signa
296 1203 379 1280 mei,
392 1225 451 1270 seu
464 1201 664 1283 telumue,
677 1223 736 1268 seu
748 1201 844 1270 freno
855 1219 1001 1288 teneres,

187 1313 332 1380 Armatis
344 1335 402 1378 seu
410 1308 488 1402 jura
499 1309 614 1395 duret;
624 1299 832 1406 operumque
842 1325 979 1381 tuorum

187 1423 258 1490 Etsi
270 1445 339 1489 non
350 1423 577 1502 coniunctene
589 1423 726 1488 mirator
737 1419 901 1490 adessem.
1144 1444 1178 1514 9⁵

232 1533 265 1601 Si
277 1531 448 1626 quondum
459 1552 582 1624 magno
593 1531 731 1598 Phoenix
743 1530 946 1600 reverendus
958 1532 1076 1603 Achilli

186 1645 280 1710 Litus
292 1642 336 1710 ad
348 1643 503 1724 Iliacum,
514 1639 785 1734 Thymhraeaque
797 1645 958 1732 Pergama
968 1649 1060 1712 venit

187 1751 350 1838 lmbellis‚
362 1752 559 1848 tumidoque
568 1751 651 1822 nihil
660 1749 794 1843 juratus
805 1751 945 1834 Atriden,

185 1870 253 1934 Cur
262 1865 360 1952 nobis
371 1869 511 1958 ignavus
522 1868 639 1934 amor?
650 1861 709 1932 s‘ed
721 1878 858 1955 pectore
869 1862 938 1930 fido
952 1887 955 1896 ¹

176 2037 217 2092 86.
236 2037 292 2090 Aur
302 2035 392 2090 Siculi.
403 2035 469 2090 cod.
479 2037 561 2090 Parit.
573 2033 635 2090 edit.
681 2053 739 2086 nor.
752 2045 779 2085 et
791 2029 859 2086 Mar.
871 2029 908 2086 vo.
923 2051 969 2106 ²7¹
981 2056 986 2085 :
1003 2057 1014 2079 ι
1024 2033 1050 2088 Si
1062 2037 1180 2094 Bacchus

140 2137 180 2192 pr.
193 2137 229 2172 an
239 2117 329 2172 Siculi.
347 2117 379 2169 A.
661 2119 664 2127 ’
680 2112 1067 2186 elnetorssotdipotuitcaelum
1076 2120 1180 2190 cipriane
1297 2120 1303 2130 '

175 2199 218 2269 87.
238 2201 267 2250 ln
279 2199 409 2251 Parmensi
421 2211 447 2250 et
455 2199 574 2252 Romane
585 2215 636 2268 pro
648 2253 651 2260 ,
680 2195 801 2259 Corona,
810 2195 864 2251 eur
872 2195 951 2249 nullis
959 2197 1034 2268 virgo
1044 2198 1181 2253 redimitur

133 2279 208 2351 ferat
218 2296 299 2331 mores
310 2279 415 2330 invenio
425 2288 515 2351 perah-
527 2275 574 2329 sed
583 2277 637 2328 fru·
680 2271 819 2343 pulchrior
830 2276 906 2326 astris
914 2275 945 2324 i·
962 2275 1023 2327 silv.
1038 2271 1071 2344 V,
1085 2279 1117 2330 3:
1134 2279 1181 2332 «Si

139 2367 208 2421 «τις
223 2369 366 2424 mutatum,
379 2357 482 2429 opinor,
497 2355 530 2408 ab
546 2356 634 2428 aliquo
680 2349 775 2426 chelyn
791 2349 932 2425 Odrysiam
948 2355 1025 2424 pigro
1039 2358 1181 2411 transmisit

139 2440 184 2509 qui
195 2439 268 2490 norit
285 2454 382 2490 momm
394 2452 481 2508 perere
494 2432 564 2486 idem
579 2451 635 2487 erse
679 2433 784 2486 Averno
795 2432 880 2485 Causa
895 2434 1032 2497 minorrri
1048 2433 1180 2489 Thessali-

139 2515 210 2586 quod
229 2514 332 2588 obsequi
340 2535 348 2564 .·
368 2512 441 2586 quod
453 2525 542 2566 tumen
556 2511 635 2584 hujus
680 2529 725 2563 cat
739 2507 871 2564 Admeton
883 2512 911 2562 iu
923 2529 981 2564 ome
993 2511 1019 2564 Si
1032 2515 1128 2584 conjux
1140 2533 1181 2566 re·

137 2591 190 2644 loci
201 2594 362 2645 constructio
376 2610 430 2644 non
442 2589 570 2643 admittet.
583 2590 636 2642 Ve-
680 2603 721 2641 tro
741 2583 901 2661 Phylaceida
923 2589 1023 2642 rettulit
1044 2591 1180 2657 umbram

137 2687 196 2720 rum
210 2683 250 2720 est
261 2669 332 2741 ferat
344 2682 369 2721 et
387 2681 458 2721 recte
472 2686 488 2720 a
501 2669 635 2722 Gronorio
679 2668 734 2719 Cur
750 2666 817 2720 nihil
836 2681 943 2734 exoret,
959 2670 1075 2739 genitor,
1092 2671 1181 2745 chelys

136 2745 312 2818 explicatum,
325 2747 409 2800 Diatr.
425 2765 447 2799 c.
467 2763 508 2814 59.
521 2777 557 2787 —
568 2745 634 2798 Cod.
681 2757 727 2796 tut
743 2756 789 2797 tua
806 2761 896 2797 manes
909 2745 962 2797 dut
975 2747 1072 2798 meniu
1091 2750 1127 2800 ita
1141 2749 1181 2803 le-

136 2829 220 2880 l’ario.
236 2823 279 2879 ed.
291 2845 334 2898 pn·
343 2827 418 2902 perit.
434 2827 511 2881 Conf-
529 2825 636 2879 noted
679 2822 1179 2895 genduruessecorruptissirnumistum

135 2926 204 2961 vers.
221 2903 263 2960 85.
282 2908 313 2959 A.
679 2903 769 2956 locum
780 2901 911 2976 probabo.
922 2903 1011 2956 Valet.
1023 2905 1109 2958 Flacc.
1120 2909 1181 2974 Vll,

170 2988 215 3058 94.
234 2988 295 3041 Seu.
310 2985 375 3040 cod.
392 2985 473 3040 Paris.
488 2985 557 3039 tt've:
571 2977 633 3036 edit.
681 2984 747 3053 276:
765 3007 777 3031 a
786 2982 813 3035 si
824 2980 929 3054 Pelopis
941 2981 1022 3035 duros
1033 2986 1106 3056 prior
1117 2987 1182 3058 llip-

137 3069 220 3139 princ.
233 3086 285 3120 seu.
303 3068 335 3117 A.
678 3061 802 3134 podamia
814 3060 919 3112 labores
931 3061 1088 3133 Expedit...
1100 3065 1126 3118 Si
1137 3063 1181 3117 ‹le-

170 3139 214 3216 96⁴.
229 3145 272 3199 Sic
281 3141 414 3218 quondam
424 3162 528 3216 mapno.
536 3142 634 3196 Totum
679 3139 718 3193 dit
727 3143 784 3213 ipra
794 3143 852 3194 neci
861 3141 969 3193 fratrem
981 3142 1079 3194 Minoia
1091 3145 1180 3214 virgo,

136 3219 208 3275 huuc
225 3221 313 3274 locum
330 3223 366 3273 ita
380 3220 437 3292 lege
449 3232 476 3273 et
487 3219 634 3292 distingue:
678 3215 733 3273 Cur
745 3239 800 3271 non
812 3217 963 3290 hospitibus
975 3221 1015 3273 feo
1026 3221 1059 3273 sit
1071 3241 1181 3276 succur-

139 3300 185 3353 .si
201 3298 337 3371 quondam
352 3314 449 3366 magno
464 3297 572 3350 Phoenix
589 3315 643 3348 rem
678 3317 735 3352 rere
753 3299 840 3369 dignis
861 3299 899 3352 'l'e
918 3303 1063 3374 quoqueir
1085 3301 1180 3358 similis

134 3377 265 3431 terendus
279 3375 375 3430 Achilli
388 3377 461 3428 Litus
478 3375 512 3428 ad
525 3377 635 3427 Iliacum
678 3378 762 3430 forma
785 3377 856 3450 aputl
882 3377 926 3430 Sil.
948 3379 1029 3432 Italic.
1049 3381 1112 3449 XII,
1128 3381 1181 3452 674

133 3453 635 3529 TpmhraeaqnePergamnvenitlmbel·
679 3475 737 3530 sqq.
756 3461 792 3511 Ut
810 3459 976 3527 conjeceram
998 3453 1035 3511 it'e
1056 3459 1082 3512 in
1105 3459 1178 3514 editt.

132 3531 634 3606 lit,tumidoquenihiljuretushtridc‚
677 3537 762 3588 Parm.
784 3549 810 3590 et
824 3537 899 3588 Rom.
917 3537 1026 3590 inveni:
1046 3537 1096 3592 illae
1109 3541 1179 3592 enim

133 3613 279 3666 cornubie
293 3615 404 3684 ignavus
422 3611 533 3664 amori·
556 3625 633 3678 unte,
679 3614 758 3689 plone
775 3615 892 3684 hubent,
910 3617 955 3669 «Si
974 3617 1108 3690 quondam
1122 3640 1179 3673 rna·

133 3689 213 3760 plene
221 3690 307 3757 πιγμιί
315 3691 403 3763 posita
411 3705 467 3742 erat
473 3703 534 3763 post
541 3709 634 3744 vocem
678 3711 745 3764 gno,
759 3707 809 3746 etc.
821 3717 833 3740 ι
846 3723 881 3734 ·—-
890 3694 955 3748 Cod.
969 3697 1048 3749 Paris.
1062 3697 1124 3750 edit.
1137 3720 1177 3772 pr.

133 3767 248 3829 Atriam
263 3789 315 3840 quo
329 3782 411 3842 pacto
423 3773 551 3823 sententia
564 3787 634 3822 nora
679 3771 707 3823 Si
717 3771 859 3842 quondam.
869 3772 947 3824 Cruc.
960 3787 986 3824 et
995 3775 1112 3828 Gronov.
1126 3777 1178 3828 Sic.

134 3846 249 3918 abrupte
266 3845 418 3902 ordiebatur
438 3849 472 3902 eh
490 3852 561 3914 istis,
583 3851 636 3902 Cur
678 3849 729 3901 Pto
742 3849 871 3918 Phoenr'x,
884 3849 925 3903 ed.
939 3871 980 3924 pr.
991 3853 1103 3925 phoeoix.
1123 3855 1156 3905 A.

134 3928 222 3991 notis,
235 3941 287 3980 etc.
298 3924 437 3980 claudian.
447 3928 572 4000 dellupt.
582 3927 635 3980 Ho-
714 3925 757 3996 98.
777 3927 882 3980 Atn'doe.
897 3927 945 3980 Ed.
957 3948 1000 4002 pr.
1015 3929 1113 3988 Atride.
1128 3931 1159 3981 Δ.

889 4105 892 4110 Ι
961 4041 1013 4084 21·
