2784 4484
532 315 782 382 PRAEFATIO.
1097 326 1174 390 xxix

134 443 235 496 Seneca
246 443 324 494 flere.
337 443 400 492 Fur.
413 457 481 509 ²¹9t
492 453 609 513 tempora
620 451 646 494 et
657 443 752 494 moenia
764 445 876 497 Horatio
888 446 944 499 Art.
957 449 1027 500 Poet
1044 449 1089 516 ι4ι
1100 491 1107 519 ,
1120 469 1175 504 san·

132 537 227 610 pineo
239 545 264 588 et
277 534 351 587 litore
361 531 407 589 Sil.
419 531 505 587 Italic.
518 536 552 603 V,
566 553 626 606 ²7¹·
640 533 714 590 Idem
726 539 766 603 Χ,
783 537 851 605 133,
862 536 897 592 de
907 539 1075 610 Hannibale,

317 645 345 689 Ni
355 641 421 690 letho
430 641 470 688 (let
478 655 560 689 euicta
569 644 792 708 virum,juogatqne
801 649 893 708 parenti

314 729 434 789 Cur-pora,
444 738 468 772 et
477 725 566 773 excidat
575 727 671 774 miseros
680 745 733 774 cum
742 732 813 792 stirpe
821 743 931 793 penates:

135 837 169 890 ita
180 837 210 890 in
225 834 367 905 omuibus,
384 837 493 910 opinor,
507 832 621 910 legitur:
637 854 732 891 sensus
746 855 812 892 vero
830 849 856 892 et
875 841 1012 916 oppositio
1027 839 1109 916 plane
1126 861 1174 918 po-

135 926 251 996 stulant,
263 931 413 1002 junqatque
429 930 533 999 parenti
552 932 682 1003 plynora,
701 928 731 983 id
751 941 807 1000 est,
829 943 909 984 notos.
931 935 1104 1014 Propertius,
1125 939 1174 1006 lv,

135 1019 209 1098 Eleg.
224 1025 255 1091 4,
268 1025 302 1094 67
318 1021 354 1077 de
367 1024 498 1098 Tarpeia:

317 1131 391 1186 Dixit,
402 1144 425 1176 et
434 1131 523 1178 incerto
531 1131 635 1193 permisit
644 1131 736 1180 brachia
746 1147 827 1179 somno
836 1148 841 1177 :

136 1231 172 1283 ita
184 1227 264 1304 vulgo
277 1227 384 1306 legium.
397 1230 448 1286 Sed
463 1249 499 1285 an
510 1229 609 1306 aliquis
621 1248 745 1306 unquam
757 1229 888 1288 intellexit
900 1231 967 1308 quid
980 1234 1015 1289 sit
1026 1237 1173 1306 pennittere
1275 1263 1283 1280 ι

136 1321 236 1376 natu
252 1325 360 1377 somno?
375 1333 449 1376 certe
463 1319 608 1400 legendum
625 1320 668 1377 vel
686 1322 787 1378 lumina
796 1366 805 1393 ‚
822 1321 881 1395 vel,
897 1323 972 1400 quod
987 1328 1102 1403 propius
1116 1339 1172 1396 est,

134 1427 251 1484 pectem
265 1427 295 1468 ut
307 1413 380 1489 apud
396 1419 527 1468 Nostrum
540 1412 612 1490 Sylv.
625 1419 675 1483 ΙΙΙ,
690 1434 720 1484 2,
738 1417 787 1470 82:
807 1434 898 1492 «quos
910 1435 986 1472 nuuc
999 1437 1051 1492 ego
1064 1430 1172 1494 pectore

136 1525 258 1576 somnos,
273 1511 383 1578 Quosve
394 1525 494 1585 queam
506 1505 628 1582 perferre
639 1507 713 1561 diesi
724 1533 735 1555 ι
752 1512 790 1562 lta
802 1507 876 1584 apud
889 1507 1019 1565 Rutilium
1031 1513 1173 1570 Numana-

137 1621 199 1656 num
211 1603 332 1658 itinerar.
344 1607 368 1666 1,
386 1622 440 1674 229
454 1612 482 1655 et
496 1620 535 1677 sq.

316 1713 423 1761 umida
433 1714 510 1774 exigui
519 1711 631 1760 formatus
640 1713 739 1774 imagine
749 1714 798 1760 saxi

346 1793 389 1855 Qui
397 1791 509 1854 pastorali
518 1792 608 1838 nomina
619 1791 696 1839 fronte
706 1794 779 1855 gerit:

137 1892 259 1969 loquitur
271 1893 305 1947 ‹te
317 1897 407 1948 Castro
422 1895 501 1963 Inui,
518 1892 620 1970 oppido
633 1894 663 1946 in
677 1891 769 1956 ltalia;
786 1897 866 1968 cujus
881 1893 975 1970 oppidi
989 1905 1099 1970 praestes
1116 1909 1174 1952 erat

137 1989 234 2054 luuus,
248 1984 317 2040 idem
334 1989 380 2062 qui
399 1991 453 2040 Pan
463 2009 469 2037 :
480 1988 539 2060 jam
555 1984 703 2059 veroquid
719 1996 760 2040 est
782 2004 896 2061 «gerere
914 1987 1025 2042 nomina
1044 1987 1172 2064 pastorali

137 2077 260 2134 fronte?·
276 2085 360 2154 Iege:

376 2192 422 2252 Qui
432 2191 545 2253 pastorali¹
551 2191 725 2238 cornualronte
734 2193 807 2254 perit:

137 2309 170 2360 ita
182 2311 254 2362 enirn
269 2307 425 2385 fingebatur
436 2317 490 2364 Pan
506 2309 550 2366 vel
565 2315 649 2366 inuus
661 2334 667 2362 s
681 2311 801 2365 Macrob.
818 2309 951 2366 saturnal.
969 2317 996 2381 l,
1013 2331 1061 2365 22:
1079 2337 1090 2359 ι
1101 2317 1172 2389 Ergo

136 2402 192 2455 luui
200 2419 302 2456 cornua
311 2401 456 2478 barbaeque
463 2400 567 2477 prolixa
575 2401 704 2457 demissio
711 2414 837 2457 naturam
846 2402 916 2458 lucis
923 2403 1087 2472 ostendunt,
1097 2415 1146 2459 etc.
1157 2430 1168 2452 υ

135 2495 237 2549 liemiui
250 2494 368 2550 dubium
381 2514 439 2552 esse
449 2507 554 2572 potest,
569 2497 637 2571 quin
654 2497 690 2551 ita
706 2496 844 2572 scripserit
858 2494 994 2551 Rutilius:
1015 2508 1042 2551 et
1061 2499 1082 2551 si
1098 2495 1171 2551 istud

135 2595 228 2645 Poeno
239 2590 363 2646 editum
376 2609 477 2660 essem«,
490 2593 549 2645 sinc
561 2590 730 2645 hesitatione
741 2592 769 2645 in
781 2595 946 2646 Contentum
957 2591 1107 2667 reciperem
1118 2611 1173 2645 cor·

134 2703 250 2760 saepto
260 2687 374 2738 nomina.
386 2687 428 2742 Sic
441 2700 555 2757 tempora
567 2695 593 2739 et
605 2705 713 2739 munna
726 2695 929 2740 commutantur
937 2683 1030 2740 Manil.
1044 2689 1089 2753 tv,
1103 2685 1171 2756 205,

133 2780 244 2831 nomina
257 2789 286 2832 et
300 2783 400 2850 premia
414 2778 495 2836 Ovid-
511 2783 580 2833 Fast.
594 2782 627 2848 V,
643 2779 711 2847 205,
725 2781 827 2857 purpite
840 2790 868 2833 et
882 2779 955 2832 litore
973 2776 1124 2834 Claudiano
1141 2781 1170 2832 in

133 2869 224 2926 llufin.
237 2875 263 2938 Ι,
278 2873 341 2939 1⁸6,
352 2879 434 2929 omine
443 2884 471 2928 et
479 2883 581 2949 pectore
590 2871 696 2928 Catullo
706 2871 740 2927 de
749 2877 831 2948 Nupt.
842 2872 894 2928 Pel.
906 2885 933 2928 et
941 2872 1020 2928 Thet.
1033 2871 1169 2927 adfinem.

133 2963 219 3020 valer.
233 2963 318 3020 Flaec.
330 2970 368 3036 fl,
381 2969 450 3035 324:

437 3104 442 3115 .
454 3101 475 3114 ..
486 3069 577 3114 ,Venus
587 3069 635 3130 ipsa
644 3066 724 3113 voleus
734 3067 773 3113 dat
781 3078 886 3126 tempora
893 3064 974 3126 jungi,

314 3139 373 3184 Dum
382 3139 443 3186 vires
452 3151 533 3196 utero,
542 3151 692 3201 maternaque
701 3137 786 3184 sufficit
793 3148 861 3182 etas:

132 3251 165 3306 de
182 3254 315 3307 manubiis
327 3250 467 3328 loquitur;
481 3251 556 3307 uude
572 3262 644 3329 patet
660 3269 723 3306 eum
738 3250 894 3326 scripsisse,
911 3251 957 3302 dat
964 3249 1065 3322 foedera
1072 3253 1168 3326 junqi:

133 3349 207 3422 eujus
221 3345 351 3422 phraseos
366 3347 429 3402 vide
441 3346 563 3424 exempla
576 3346 651 3426 apud
665 3344 705 3402 Cl.
719 3349 906 3400 Burmannum
917 3343 953 3398 ad
964 3344 1044 3400 ovid.
1059 3349 1169 3401 Metam.

132 3445 194 3512 vti,
209 3445 280 3514 403,
297 3455 324 3498 et
339 3441 444 3519 ubique
455 3445 582 3498 occurrit.
600 3449 709 3498 Possem
721 3441 787 3510 tibi,
803 3440 886 3498 credo
901 3441 967 3512 (uec
981 3457 1013 3494 ex
1025 3441 1111 3495 Poetis
1126 3461 1171 3496 so·

131 3535 214 3608 lumi,
229 3535 431 3614 quadringenta
448 3536 606 3613 hujusmodi
622 3538 805 3592 mutationum
819 3534 942 3611 exempla
957 3533 1096 3610 proferre:
1115 3534 1171 3591 hac

132 3645 217 3705 pauca
225 3629 338 3702 adduxi,
350 3651 386 3687 ne
396 3633 516 3686 nimium
525 3632 632 3688 mireris
642 3630 753 3706 quaudo
764 3633 793 3686 in
803 3633 935 3686 Contextu
947 3628 1029 3703 hujus
1038 3627 1171 3684 Editionis

131 3715 226 3794 legeris
238 3743 343 3777 numa
354 3741 409 3799 pro
422 3741 456 3778 eo
467 3721 545 3798 quod
557 3733 616 3777 erat
629 3722 753 3789 vulnera,
766 3722 839 3797 Epic.
854 3727 921 3776 Patr.
940 3721 990 3789 45,
1004 3718 1048 3776 vel
1062 3741 1171 3774 munera

131 3829 182 3886 pro
198 3819 310 3868 camina
329 3814 443 3892 npiced.
464 3821 539 3870 Puer.
560 3818 608 3884 14,
622 3813 666 3870 vel
684 3817 791 3869 onlnem
807 3833 859 3891 pro
872 3818 972 3888 funcra
990 3811 1055 3869 ibid.
1075 3816 1127 3882 46,
1146 3825 1171 3867 ct

131 3901 282 3978 hujusmodi
295 3904 441 3964 nonnulla.
455 3906 509 3963 Ubi
522 3910 594 3962 enim
606 3925 648 3963 res
660 3919 715 3963 erat
727 3905 877 3962 manifestae
887 3907 1009 3961 veritatis
1020 3917 1047 3960 et
1058 3921 1171 3960 summac
