2782 4486
188 305 255 369 638
367 301 503 366 NOTAE
527 299 576 362 IN
600 299 798 364 csRMEN
822 300 1052 368 TERTIUM

372 426 394 472 Si
404 423 473 470 modo
482 422 601 469 damantis
609 425 742 470 remearint
751 440 792 471 ora
801 425 883 488 puellae
888 460 896 482 ,

404 499 544 544 Concessum
554 493 615 542 nullu
626 494 676 557 lege
686 495 772 542 redibit
780 498 838 553 iter;

188 601 224 652 ita
243 597 384 668 legendum
397 607 477 666 puto,
492 611 547 646 non
562 595 719 646 revocaverit
733 613 810 656 αιινας
825 593 898 666 quod
912 594 947 646 ob
960 593 1089 650 foeditatis
1101 603 1234 670 suspicio-

188 697 248 730 nem
259 678 340 728 nimis
353 674 504 745 ambiguum
516 675 588 725 foret
598 693 605 722 s
617 672 690 725 vides
705 675 785 725 etiam
797 671 896 726 redibit.
909 674 999 740 Quare
1009 695 1072 730 sero
1084 679 1236 751 preciperet

188 759 297 812 ruditum
309 759 406 811 Statius
418 754 517 807 umbre
528 758 666 825 paternae?
677 755 779 825 Nempe
791 769 821 805 ut
830 752 930 806 videret
942 754 988 806 lilii
998 758 1140 827 pietatem,
1153 773 1179 810 et
1191 758 1235 813 bis

188 836 368 910 parentalibus
378 848 404 886 et
414 832 566 886 solennibus
581 834 606 883 in
619 835 676 902 ejus
688 831 817 884 honorem
828 834 954 886 institutis
967 835 1106 887 interesset
1120 858 1127 886 :
1141 840 1233 890 blaues

188 923 257 972 enlm
270 917 447 970 credebantur
460 914 500 966 his
514 913 672 985 spectaculis
687 913 800 965 libenter
811 913 920 976 adesse;
934 913 1005 966 unde
1018 916 1091 987 apud
1104 917 1149 969 Sil.
1163 917 1236 970 ltali-
1254 901 1266 910 ὁ

188 1019 264 1067 cum,
280 1001 346 1065 Xll,
365 999 431 1067 239,
449 995 579 1047 Pedianus
599 996 788 1047 interfecturus
807 993 935 1067 Cinybem
956 997 1000 1067 qui
1021 997 1097 1049 Pauli
1116 999 1234 1052 consulis

189 1082 270 1132 occisi
283 1077 384 1150 galeam
401 1077 529 1148 portavit,
548 1075 620 1143 prius
634 1076 739 1126 invocat
752 1073 874 1126 umbram
886 1075 974 1142 Pauli,
994 1089 1023 1127 ut
1037 1075 1121 1130 hostis
1136 1077 1233 1130 caedem

189 1171 334 1232 spectaret:
349 1159 452 1206 sVocat
461 1153 580 1206 indeviri
591 1153 625 1204 ad
635 1153 786 1225 spectacula
797 1155 904 1219 Manes,
912 1155 943 1206 lit
953 1155 1078 1225 fugientis
1089 1157 1143 1228 agit
1152 1159 1232 1208 costis

188 1236 353 1310 penetrabile
369 1233 460 1286 telum.
471 1257 482 1279 r
496 1234 535 1284 lta
554 1234 634 1284 etiam
653 1232 725 1303 apud
743 1233 801 1285 Vel.
815 1233 955 1301 Flaccum,
971 1235 1004 1299 V,
1021 1236 1070 1300 86,
1089 1251 1231 1306 postquam

188 1320 259 1370 lama
279 1314 451 1390 expeditionis
470 1315 655 1384 Argonautica
669 1313 760 1365 Manes
780 1329 925 1384 pervagata
943 1327 1025 1384 esset,
1046 1331 1138 1370 earm
1154 1329 1232 1388 poeta

188 1399 296 1452 umbras
311 1413 436 1450 accensas
451 1412 508 1448 esse
522 1393 625 1446 visendi
638 1392 782 1464 cupidine:

467 1535 472 1545 .
484 1535 489 1545 .
501 1533 506 1544 .
516 1535 521 1544 .
530 1497 619 1544 Ardent
628 1497 707 1544 aridos
715 1496 821 1544 attollere
829 1497 907 1546 vultus

373 1573 437 1632 Quos
445 1571 530 1633 pietat,
540 1568 577 1616 sel
586 1571 658 1631 tanqit
666 1569 743 1616 adhue
753 1585 811 1632 quos
820 1569 901 1616 semma
910 1571 989 1616 ruens.

375 1645 429 1688 Pata
439 1645 533 1690 immota
543 1653 651 1689 manent:
663 1658 735 1690 uuum
741 1678 749 1700 ,
759 1643 799 1705 qui
809 1641 875 1688 litore
884 1644 909 1688 iu
917 1640 957 1688 illo

374 1716 486 1764 Conditus
495 1749 502 1771 ,
513 1715 542 1762 ad
551 1729 609 1762 cane
618 1716 713 1762 mittunt
721 1714 851 1778 spectacula
859 1715 933 1762 mun
941 1733 949 1772 ς

375 1789 395 1833 Ιι
405 1786 541 1842 Sthenelus;

190 1887 245 1940 scil.
261 1885 377 1940 Stheneli
390 1887 481 1938 umbre
495 1908 504 1937 .-
517 1884 577 1938 vide
588 1883 720 1936 Thebaid.
732 1885 784 1950 XI,
797 1883 864 1950 qao,
876 1883 923 1935 ubi
932 1869 1007 1934 Pluto
1020 1883 1115 1935 emittit
1126 1883 1234 1936 umbras

189 1968 329 2020 Thebanae
344 1978 374 2018 ut
386 1967 508 2018 intersint
518 1963 655 2030 μοιομιχῖᾳ
671 1963 785 2016 Eteoclis
800 1977 827 2016 et
837 1963 977 2036 Polynicis.
990 1965 1031 2014 lta
1046 1963 1120 2034 apud
1133 1963 1233 2016 Lucan.

188 2049 299 2178 112th
311 2044 406 2138 umbra
420 2044 495 2096 Jultae
509 2047 625 2096 minatur
636 2043 780 2114 Pompeio,
791 2068 803 2091 ι
812 2048 934 2110 reniam,
948 2055 974 2094 te
987 2041 1058 2096 bella
1068 2058 1190 2114 gerente,
1203 2045 1234 2094 ln

188 2145 214 2178 m
260 2145 288 2177 as
303 2143 404 2176 actosa

223 2293 266 2344 61.
286 2292 372 2363 Atque
382 2291 427 2341 tibi
436 2307 569 2361 moresque
579 2299 635 2342 tuos
646 2289 754 2359 etfucta
763 2299 911 2354 canentem,
924 2303 975 2340 etc.
988 2291 1017 2340 ln
1029 2301 1086 2340 toto
1098 2291 1181 2343 Statio
1190 2293 1234 2344 six

188 2389 257 2424 unus
272 2385 298 2424 et
310 2371 375 2422 alter
388 2367 550 2439 inquinatior
562 2365 615 2418 hoc
630 2381 675 2418 aut
686 2367 820 2419 difficilior
834 2367 924 2432 locus;
939 2366 1025 2419 nullus
1037 2369 1105 2418 enim
1117 2368 1153 2420 sd
1165 2389 1235 2422 cou-

188 2453 360 2505 structionem
375 2445 545 2498 evolvendam
558 2445 645 2496 aditus
665 2459 719 2508 est3
735 2460 760 2497 et
775 2449 797 2498 si
811 2447 900 2518 aliqua
914 2449 1011 2499 intrare
1025 2458 1120 2514 tentes,
1140 2451 1233 2501 statim

188 2533 306 2585 occurrit
318 2547 392 2581 mora
405 2524 600 2597 insuperabilis.
614 2525 697 2577 Silent
706 2527 785 2577 etiam
797 2529 965 2598 interpretes,
979 2529 1026 2580 nisi
1038 2525 1109 2600 quod
1119 2527 1234 2599 Stepha-

188 2633 238 2666 nus
247 2626 322 2664 notat
333 2633 340 2662 r
355 2633 367 2657 ι
379 2609 452 2670 risu·
467 2609 494 2658 in
506 2607 635 2675 exsequiis
644 2607 713 2672 tuis,
726 2619 751 2657 et
761 2605 795 2657 ad
805 2607 933 2658 tumulum
943 2621 1025 2660 tuum.
1038 2631 1050 2654 ι
1064 2608 1234 2662 Tentandum

188 2708 276 2748 temen
290 2713 296 2743 e
309 2705 335 2743 et
348 2692 446 2763 primo,
461 2685 631 2760 querendum
642 2703 739 2738 nomen
753 2685 943 2738 substantivum
956 2687 1028 2758 quod
1033 2691 1161 2760 jungatur
1173 2707 1235 2742 cum

187 2777 222 2843 cii
234 2786 368 2827 canentem
383 2795 390 2823 .·
403 2770 456 2821 hoc
468 2786 531 2820 vero
544 2767 645 2818 nullum
660 2766 732 2818 aliud
747 2785 803 2819 esse
821 2782 910 2839 potest
925 2783 1018 2839 praeter
1031 2771 1093 2830 Me‚·
1108 2768 1141 2822 de
1154 2771 1235 2840 seipso

189 2857 258 2907 enirn
269 2855 390 2926 loquitur
402 2869 451 2923 per
468 2863 551 2900 totam
566 2847 637 2899 hanc
648 2848 823 2916 npeppansles.
843 2849 995 2920 Ubiiqitur,
1010 2851 1114 2921 inquis,
1128 2849 1180 2901 hoc
1191 2852 1236 2900 in·

188 2936 340 2986 veniemus?
354 2951 414 2985 ecce
433 2929 469 2981 ad
482 2945 604 2991 manum,
617 2951 628 2975 a
639 2929 735 2999 Meque
755 2927 802 2978 tibi
818 2946 957 2998 moresque
978 2942 1038 2980 tuos
1059 2943 1085 2980 et
1103 2930 1173 2979 facta
1189 2947 1237 2979 cs-

189 3027 312 3067 nentem:
327 3038 338 3060 ι
355 3017 381 3065 in
396 3011 467 3063 MSS.
482 3007 634 3075 codicibus,
649 3011 669 3060 si
681 3011 780 3073 nescis,
795 3012 880 3082 prima
896 3009 969 3060 litera
986 3009 1128 3079 cujuslibet
1143 3027 1235 3060 versus

189 3096 273 3164 spatio
288 3093 378 3164 aliquo
391 3103 418 3142 et
431 3091 516 3141 forma
528 3107 542 3138 a
557 3089 649 3140 ceteris
664 3087 758 3150 distat;
772 3088 835 3140 intle
847 3090 978 3140 innumeri
992 3107 1094 3140 errores
1106 3105 1236 3159 provene-

188 3189 264 3242 runt,
277 3173 341 3226 dum
355 3175 500 3243 exscriptor
512 3168 637 3222 indoctus
650 3181 696 3221 aut
708 3187 766 3221 eam
779 3171 867 3222 omisit
881 3183 926 3222 aut
940 3173 967 3221 in
979 3169 1058 3222 aliam
1068 3171 1192 3230 mutarim
1205 3181 1235 3219 ut

189 3256 215 3304 in
228 3253 279 3305 hoc
292 3252 364 3318 loco,
380 3253 401 3301 A
414 3269 462 3322 pro
477 3250 505 3300 Μ
517 3247 664 3302 substituta.
680 3249 720 3299 lte
732 3248 805 3319 upud
818 3250 996 3320 Propertium,
1011 3250 1059 3315 lV,
1077 3265 1108 3314 a,
1124 3247 1174 3313 ²3,
1187 3245 1235 3298 uhi

189 3333 349 3386 Vertumnus
361 3331 493 3402 loquitur:

372 3433 445 3482 Indue
457 3450 492 3482 ure
501 3435 566 3488 Cois;
576 3433 629 3476 liam
639 3447 685 3476 non
696 3431 755 3478 dura
764 3429 855 3496 puella;

404 3511 479 3569 Atque
489 3502 562 3551 sirum
572 3515 645 3550 sumta
655 3503 707 3565 quis
718 3518 788 3566 neget
798 3520 847 3550 esse
857 3505 928 3566 toqsl

189 3605 235 3660 ubi
247 3624 296 3676 pro
311 3615 387 3677 atque
397 3605 516 3676 quinque
529 3601 634 3653 codices
643 3599 743 3652 habent
752 3599 848 3673 Meque
855 3622 864 3662 ,·
879 3599 960 3672 idque
970 3599 1078 3650 omniuo
1090 3615 1195 3660 serum3
1207 3611 1234 3648 et

189 3687 224 3738 ita
239 3684 356 3737 editurus
375 3702 443 3735 sum.
457 3683 516 3733 lam
535 3681 640 3750 opinor,
653 3679 839 3752 crepusculum
858 3682 953 3745 sentis,
972 3679 1170 3730 constructione
1183 3676 1235 3730 ali-

190 3779 319 3841 quatenus
338 3765 474 3830 faciliore,
494 3761 546 3814 hoc
566 3760 646 3812 modo
663 3781 669 3812 :
688 3764 850 3832 «Pietasque
870 3761 940 3814 forte
960 3778 1014 3812 non
1032 3757 1235 3829 posthabuisset

189 3847 267 3898 etiam
286 3842 456 3914 magniloquo
473 3841 604 3903 Homero,
618 3852 643 3892 et
662 3838 781 3894 tenderet
794 3857 898 3910 equare
916 3852 990 3890 torvo
1004 3837 1111 3890 hlaroni
1125 3855 1168 3889 me
1187 3854 1232 3890 ea-

190 3941 296 3978 nentem
307 3939 446 3994 moresque
457 3935 516 3974 tuos
526 3933 554 3971 et
562 3921 642 3975 lacta.
653 3944 665 3980 ,ι
676 3921 732 3972 Hoc
742 3922 822 3990 igitur
836 3917 958 3990 intelligis
973 3941 980 3969 ι
992 3936 1061 3972 aune
1073 3917 1145 3971 istud
1154 3919 1229 3982 item,

191 4025 272 4077 quare
290 4005 338 4059 tibi
355 4003 510 4057 canentem?
526 4020 594 4069 non,
614 4003 727 4074 opinor=
742 4003 851 4054 omnino
870 4001 939 4053 eninr
958 4001 1120 4051 contrarium
1135 3997 1230 4049 dixisse
