<?xml version="1.0" encoding="UTF-8"?>
<!DOCTYPE html PUBLIC "-//W3C//DTD XHTML 1.0 Transitional//EN"
    "http://www.w3.org/TR/xhtml1/DTD/xhtml1-transitional.dtd">
<html xmlns="http://www.w3.org/1999/xhtml" xml:lang="en" lang="en">
 <head>
  <title>
</title>
<meta http-equiv="Content-Type" content="text/html;charset=utf-8" />
  <meta name='ocr-system' content='tesseract 3.04.00' />
  <meta name='ocr-capabilities' content='ocr_page ocr_carea ocr_par ocr_line ocrx_word'/>
</head>
<body>
  <div class='ocr_page' id='page_1' title='image "./quexstantomniao03lemagoog_0297.png"; bbox 0 0 2858 4492; ppageno 0'>
   <div class='ocr_carea' id='block_1_1' title="bbox 0 3640 7 4487">
    <p class='ocr_par' dir='ltr' id='par_1_1' title="bbox 0 3640 7 4487">
     <span class='ocr_line' id='line_1_1' title="bbox 0 3640 7 4487; baseline 0 0"><span class='ocrx_word' id='word_1_1' title='bbox 0 3640 7 4487; x_wconf 95' lang='lat' dir='ltr'> </span> 
     </span>
    </p>
   </div>
   <div class='ocr_carea' id='block_1_2' title="bbox 381 321 1211 396">
    <p class='ocr_par' dir='ltr' id='par_1_2' title="bbox 381 321 1211 396">
     <span class='ocr_line' id='line_1_2' title="bbox 381 321 1211 396; baseline 0.016 -12"><span class='ocrx_word' id='word_1_2' title='bbox 381 323 508 384; x_wconf 86' lang='lat' dir='ltr'>LIBRI</span> <span class='ocrx_word' id='word_1_3' title='bbox 533 321 740 386; x_wconf 85' lang='lat' dir='ltr'>SECUNDl</span> <span class='ocrx_word' id='word_1_4' title='bbox 765 323 1015 389; x_wconf 81' lang='lat' dir='ltr'>SlLVAllUM.</span> <span class='ocrx_word' id='word_1_5' title='bbox 1151 333 1211 396; x_wconf 77' lang='lat'>261</span> 
     </span>
    </p>
   </div>
   <div class='ocr_carea' id='block_1_3' title="bbox 100 444 1218 602">
    <p class='ocr_par' dir='ltr' id='par_1_3' title="bbox 100 444 1218 602">
     <span class='ocr_line' id='line_1_3' title="bbox 209 444 1218 522; baseline 0.012 -26"><span class='ocrx_word' id='word_1_6' title='bbox 209 449 252 518; x_wconf 81' lang='lat'>39.</span> <span class='ocrx_word' id='word_1_7' title='bbox 276 444 370 516; x_wconf 76' lang='lat' dir='ltr'>Quales</span> <span class='ocrx_word' id='word_1_8' title='bbox 380 445 465 497; x_wconf 71' lang='lat' dir='ltr'>dubio</span> <span class='ocrx_word' id='word_1_9' title='bbox 474 455 533 519; x_wconf 84' lang='lat' dir='ltr'>post</span> <span class='ocrx_word' id='word_1_10' title='bbox 542 445 757 518; x_wconf 78' lang='lat' dir='ltr'>crimimformoe</span> <span class='ocrx_word' id='word_1_11' title='bbox 766 448 805 498; x_wconf 86' lang='lat' dir='ltr'>De</span> <span class='ocrx_word' id='word_1_12' title='bbox 816 465 877 498; x_wconf 79' lang='lat' dir='ltr'>sexu</span> <span class='ocrx_word' id='word_1_13' title='bbox 888 450 994 501; x_wconf 81' lang='lat' dir='ltr'>transire</span> <span class='ocrx_word' id='word_1_14' title='bbox 996 452 1098 522; x_wconf 81' lang='lat' dir='ltr'>jubent.</span> <span class='ocrx_word' id='word_1_15' title='bbox 1110 454 1218 508; x_wconf 87' lang='lat' dir='ltr'>Nullum</span> 
     </span>
     <span class='ocr_line' id='line_1_4' title="bbox 100 525 1217 602; baseline 0.007 -21"><span class='ocrx_word' id='word_1_16' title='bbox 100 546 106 562; x_wconf 75' lang='grc'><strong><em>’</em></strong></span> <span class='ocrx_word' id='word_1_17' title='bbox 175 549 206 582; x_wconf 80' lang='lat' dir='ltr'>ex</span> <span class='ocrx_word' id='word_1_18' title='bbox 219 528 261 580; x_wconf 90' lang='lat' dir='ltr'>bis</span> <span class='ocrx_word' id='word_1_19' title='bbox 275 545 384 580; x_wconf 83' lang='lat' dir='ltr'>sensum</span> <span class='ocrx_word' id='word_1_20' title='bbox 398 525 502 578; x_wconf 77' lang='lat' dir='ltr'>efficere</span> <span class='ocrx_word' id='word_1_21' title='bbox 515 544 642 598; x_wconf 75' lang='lat' dir='ltr'>possum:</span> <span class='ocrx_word' id='word_1_22' title='bbox 661 548 671 572; x_wconf 76' lang='lat' dir='ltr'>s</span> <span class='ocrx_word' id='word_1_23' title='bbox 679 525 776 597; x_wconf 81' lang='lat' dir='ltr'>jubent</span> <span class='ocrx_word' id='word_1_24' title='bbox 789 526 823 579; x_wconf 89' lang='lat' dir='ltr'>de</span> <span class='ocrx_word' id='word_1_25' title='bbox 837 545 900 579; x_wconf 82' lang='lat' dir='ltr'>sexu</span> <span class='ocrx_word' id='word_1_26' title='bbox 915 532 1024 584; x_wconf 85' lang='lat' dir='ltr'>transire</span> <span class='ocrx_word' id='word_1_27' title='bbox 1035 548 1098 602; x_wconf 83' lang='lat' dir='ltr'>post</span> <span class='ocrx_word' id='word_1_28' title='bbox 1110 539 1217 589; x_wconf 84' lang='lat' dir='ltr'>crimina</span> 
     </span>
    </p>
   </div>
   <div class='ocr_carea' id='block_1_4' title="bbox 176 606 1222 842">
    <p class='ocr_par' dir='ltr' id='par_1_4' title="bbox 176 606 1222 842">
     <span class='ocr_line' id='line_1_5' title="bbox 176 606 1219 689; baseline 0.008 -27"><span class='ocrx_word' id='word_1_29' title='bbox 176 610 263 662; x_wconf 81' lang='lat' dir='ltr'>dubiae</span> <span class='ocrx_word' id='word_1_30' title='bbox 276 610 406 660; x_wconf 77' lang='lat' dir='ltr'>lormaezs</span> <span class='ocrx_word' id='word_1_31' title='bbox 424 609 470 680; x_wconf 89' lang='lat' dir='ltr'>qui</span> <span class='ocrx_word' id='word_1_32' title='bbox 479 606 592 678; x_wconf 83' lang='lat' dir='ltr'>jubent?</span> <span class='ocrx_word' id='word_1_33' title='bbox 610 607 684 659; x_wconf 81' lang='lat' dir='ltr'>deest</span> <span class='ocrx_word' id='word_1_34' title='bbox 698 610 769 660; x_wconf 86' lang='lat' dir='ltr'>enim</span> <span class='ocrx_word' id='word_1_35' title='bbox 783 627 859 660; x_wconf 86' lang='lat' dir='ltr'>casus</span> <span class='ocrx_word' id='word_1_36' title='bbox 873 623 970 662; x_wconf 82' lang='lat' dir='ltr'>rectus.</span> <span class='ocrx_word' id='word_1_37' title='bbox 984 611 1035 663; x_wconf 91' lang='lat' dir='ltr'>Sed</span> <span class='ocrx_word' id='word_1_38' title='bbox 1049 617 1133 685; x_wconf 85' lang='lat' dir='ltr'>majus</span> <span class='ocrx_word' id='word_1_39' title='bbox 1147 619 1219 689; x_wconf 83' lang='lat' dir='ltr'>quod</span> 
     </span>
     <span class='ocr_line' id='line_1_6' title="bbox 176 687 1222 766; baseline 0.002 -22"><span class='ocrx_word' id='word_1_40' title='bbox 176 691 304 762; x_wconf 82' lang='lat' dir='ltr'>sequitur,</span> <span class='ocrx_word' id='word_1_41' title='bbox 319 713 330 736; x_wconf 82' lang='grc' dir='ltr'>ι</span> <span class='ocrx_word' id='word_1_42' title='bbox 341 700 403 760; x_wconf 84' lang='lat' dir='ltr'>post</span> <span class='ocrx_word' id='word_1_43' title='bbox 412 689 521 739; x_wconf 86' lang='lat' dir='ltr'>crimina</span> <span class='ocrx_word' id='word_1_44' title='bbox 532 687 617 740; x_wconf 78' lang='lat' dir='ltr'>dubie</span> <span class='ocrx_word' id='word_1_45' title='bbox 627 689 731 739; x_wconf 74' lang='lat' dir='ltr'>formae:</span> <span class='ocrx_word' id='word_1_46' title='bbox 743 711 754 735; x_wconf 72' lang='lat' dir='ltr'>s</span> <span class='ocrx_word' id='word_1_47' title='bbox 770 706 890 758; x_wconf 78' lang='lat' dir='ltr'>quaenam</span> <span class='ocrx_word' id='word_1_48' title='bbox 900 688 957 740; x_wconf 81' lang='lat' dir='ltr'>baec</span> <span class='ocrx_word' id='word_1_49' title='bbox 967 691 1076 743; x_wconf 81' lang='lat' dir='ltr'>crimina</span> <span class='ocrx_word' id='word_1_50' title='bbox 1085 695 1222 766; x_wconf 70' lang='lat' dir='ltr'>intelligit?</span> 
     </span>
     <span class='ocr_line' id='line_1_7' title="bbox 177 768 550 842; baseline -0.013 -20"><span class='ocrx_word' id='word_1_51' title='bbox 177 769 312 842; x_wconf 79' lang='lat' dir='ltr'><strong>quodnam</strong></span> <span class='ocrx_word' id='word_1_52' title='bbox 324 771 351 819; x_wconf 92' lang='lat' dir='ltr'>in</span> <span class='ocrx_word' id='word_1_53' title='bbox 365 781 390 820; x_wconf 86' lang='lat' dir='ltr'>te</span> <span class='ocrx_word' id='word_1_54' title='bbox 402 768 500 819; x_wconf 80' lang='lat' dir='ltr'>crimen</span> <span class='ocrx_word' id='word_1_55' title='bbox 506 805 515 833; x_wconf 91' lang='lat'>,</span> <span class='ocrx_word' id='word_1_56' title='bbox 529 768 550 819; x_wconf 89' lang='lat' dir='ltr'>ai</span> 
     </span>
    </p>
   </div>
   <div class='ocr_carea' id='block_1_5' title="bbox 364 875 966 1010">
    <p class='ocr_par' dir='ltr' id='par_1_5' title="bbox 364 875 966 1010">
     <span class='ocr_line' id='line_1_8' title="bbox 364 875 966 939; baseline 0.002 -17"><span class='ocrx_word' id='word_1_57' title='bbox 364 879 426 922; x_wconf 85' lang='lat' dir='ltr'>Dum</span> <span class='ocrx_word' id='word_1_58' title='bbox 435 875 527 923; x_wconf 88' lang='lat' dir='ltr'>dubitat</span> <span class='ocrx_word' id='word_1_59' title='bbox 535 878 622 922; x_wconf 86' lang='lat' dir='ltr'>Natura</span> <span class='ocrx_word' id='word_1_60' title='bbox 631 891 719 922; x_wconf 85' lang='lat' dir='ltr'>suarem</span> <span class='ocrx_word' id='word_1_61' title='bbox 729 877 846 922; x_wconf 75' lang='lat' dir='ltr'>faceretne</span> <span class='ocrx_word' id='word_1_62' title='bbox 856 876 966 939; x_wconf 82' lang='lat' dir='ltr'>puellam,</span> 
     </span>
     <span class='ocr_line' id='line_1_9' title="bbox 395 945 886 1010; baseline 0.002 -18"><span class='ocrx_word' id='word_1_63' title='bbox 395 948 477 994; x_wconf 84' lang='lat' dir='ltr'>Factus</span> <span class='ocrx_word' id='word_1_64' title='bbox 486 962 509 993; x_wconf 83' lang='lat' dir='ltr'>es</span> <span class='ocrx_word' id='word_1_65' title='bbox 519 962 534 992; x_wconf 94' lang='lat' dir='ltr'>o</span> <span class='ocrx_word' id='word_1_66' title='bbox 542 945 639 1010; x_wconf 82' lang='lat' dir='ltr'>pulcher</span> <span class='ocrx_word' id='word_1_67' title='bbox 649 963 715 1008; x_wconf 79' lang='lat' dir='ltr'>paene</span> <span class='ocrx_word' id='word_1_68' title='bbox 724 946 801 1008; x_wconf 89' lang='lat' dir='ltr'>puella</span> <span class='ocrx_word' id='word_1_69' title='bbox 810 951 886 1009; x_wconf 76' lang='lat' dir='ltr'>puer?</span> 
     </span>
    </p>
   </div>
   <div class='ocr_carea' id='block_1_6' title="bbox 178 1045 1225 1202">
    <p class='ocr_par' dir='ltr' id='par_1_6' title="bbox 178 1045 1225 1202">
     <span class='ocr_line' id='line_1_10' title="bbox 179 1045 1221 1119; baseline 0 -17"><span class='ocrx_word' id='word_1_70' title='bbox 179 1064 207 1102; x_wconf 91' lang='lat' dir='ltr'>ut</span> <span class='ocrx_word' id='word_1_71' title='bbox 220 1047 354 1119; x_wconf 73' lang='lat' dir='ltr'>eleganter</span> <span class='ocrx_word' id='word_1_72' title='bbox 365 1047 514 1098; x_wconf 81' lang='lat' dir='ltr'>Ausonius:</span> <span class='ocrx_word' id='word_1_73' title='bbox 529 1064 585 1098; x_wconf 88' lang='lat' dir='ltr'>uon</span> <span class='ocrx_word' id='word_1_74' title='bbox 597 1055 671 1097; x_wconf 82' lang='lat' dir='ltr'>tuum</span> <span class='ocrx_word' id='word_1_75' title='bbox 682 1045 748 1110; x_wconf 81' lang='lat' dir='ltr'>boc,</span> <span class='ocrx_word' id='word_1_76' title='bbox 760 1045 807 1099; x_wconf 85' lang='lat' dir='ltr'>aed</span> <span class='ocrx_word' id='word_1_77' title='bbox 818 1049 941 1108; x_wconf 58' lang='lat' dir='ltr'>Natum</span> <span class='ocrx_word' id='word_1_78' title='bbox 955 1066 1005 1100; x_wconf 87' lang='lat' dir='ltr'>nec</span> <span class='ocrx_word' id='word_1_79' title='bbox 1018 1060 1105 1101; x_wconf 73' lang='lat' dir='ltr'>mutan</span> <span class='ocrx_word' id='word_1_80' title='bbox 1117 1051 1221 1102; x_wconf 69' lang='lat' dir='ltr'>eumen.</span> 
     </span>
     <span class='ocr_line' id='line_1_11' title="bbox 178 1125 1225 1202; baseline 0.002 -21"><span class='ocrx_word' id='word_1_81' title='bbox 178 1127 246 1181; x_wconf 84' lang='lat' dir='ltr'>Vide</span> <span class='ocrx_word' id='word_1_82' title='bbox 254 1147 334 1199; x_wconf 88' lang='lat' dir='ltr'>quam</span> <span class='ocrx_word' id='word_1_83' title='bbox 342 1126 393 1180; x_wconf 87' lang='lat' dir='ltr'>leci</span> <span class='ocrx_word' id='word_1_84' title='bbox 399 1129 546 1179; x_wconf 78' lang='lat' dir='ltr'>mutatione</span> <span class='ocrx_word' id='word_1_85' title='bbox 554 1139 714 1180; x_wconf 80' lang='lat' dir='ltr'>evanescunt</span> <span class='ocrx_word' id='word_1_86' title='bbox 723 1125 762 1178; x_wconf 78' lang='lat' dir='ltr'>bae</span> <span class='ocrx_word' id='word_1_87' title='bbox 771 1127 960 1190; x_wconf 79' lang='lat' dir='ltr'>absurditates3</span> <span class='ocrx_word' id='word_1_88' title='bbox 971 1126 1027 1198; x_wconf 74' lang='lat' dir='ltr'>lege</span> <span class='ocrx_word' id='word_1_89' title='bbox 1035 1129 1130 1195; x_wconf 88' lang='lat' dir='ltr'>modo,</span> <span class='ocrx_word' id='word_1_90' title='bbox 1142 1149 1225 1202; x_wconf 77' lang='lat' dir='ltr'>squa-</span> 
     </span>
    </p>
   </div>
   <div class='ocr_carea' id='block_1_7' title="bbox 179 1207 1226 1599">
    <p class='ocr_par' dir='ltr' id='par_1_7' title="bbox 179 1207 1226 1599">
     <span class='ocr_line' id='line_1_12' title="bbox 180 1207 1224 1278; baseline 0.003 -17"><span class='ocrx_word' id='word_1_91' title='bbox 180 1209 218 1261; x_wconf 87' lang='lat' dir='ltr'>les</span> <span class='ocrx_word' id='word_1_92' title='bbox 231 1208 318 1261; x_wconf 77' lang='lat' dir='ltr'>dubiae</span> <span class='ocrx_word' id='word_1_93' title='bbox 330 1207 482 1260; x_wconf 81' lang='lat' dir='ltr'>discrimina</span> <span class='ocrx_word' id='word_1_94' title='bbox 496 1208 587 1260; x_wconf 75' lang='lat' dir='ltr'>formae</span> <span class='ocrx_word' id='word_1_95' title='bbox 598 1207 638 1258; x_wconf 87' lang='lat' dir='ltr'>De</span> <span class='ocrx_word' id='word_1_96' title='bbox 650 1225 713 1258; x_wconf 84' lang='lat' dir='ltr'>sexa</span> <span class='ocrx_word' id='word_1_97' title='bbox 725 1209 835 1260; x_wconf 87' lang='lat' dir='ltr'>transire</span> <span class='ocrx_word' id='word_1_98' title='bbox 844 1207 974 1278; x_wconf 84' lang='lat' dir='ltr'>jubent;·</span> <span class='ocrx_word' id='word_1_99' title='bbox 992 1232 1003 1255; x_wconf 80' lang='grc' dir='ltr'>ι</span> <span class='ocrx_word' id='word_1_100' title='bbox 1013 1207 1162 1263; x_wconf 83' lang='lat' dir='ltr'>discrimina</span> <span class='ocrx_word' id='word_1_101' title='bbox 1175 1210 1224 1265; x_wconf 93' lang='lat' dir='ltr'>du-</span> 
     </span>
     <span class='ocr_line' id='line_1_13' title="bbox 179 1286 1225 1360; baseline 0.006 -20"><span class='ocrx_word' id='word_1_102' title='bbox 179 1289 228 1340; x_wconf 76' lang='lat' dir='ltr'>biae</span> <span class='ocrx_word' id='word_1_103' title='bbox 242 1288 331 1340; x_wconf 74' lang='lat' dir='ltr'>formae</span> <span class='ocrx_word' id='word_1_104' title='bbox 347 1287 380 1340; x_wconf 89' lang='lat' dir='ltr'>de</span> <span class='ocrx_word' id='word_1_105' title='bbox 394 1306 458 1340; x_wconf 87' lang='lat' dir='ltr'>sexa</span> <span class='ocrx_word' id='word_1_106' title='bbox 471 1290 581 1340; x_wconf 89' lang='lat' dir='ltr'>tranaire</span> <span class='ocrx_word' id='word_1_107' title='bbox 589 1286 698 1359; x_wconf 87' lang='lat' dir='ltr'>jubent:</span> <span class='ocrx_word' id='word_1_108' title='bbox 710 1310 721 1333; x_wconf 73' lang='grc' dir='ltr'><strong>ι</strong></span> <span class='ocrx_word' id='word_1_109' title='bbox 736 1301 830 1340; x_wconf 87' lang='lat' dir='ltr'>notum</span> <span class='ocrx_word' id='word_1_110' title='bbox 844 1289 914 1340; x_wconf 84' lang='lat' dir='ltr'>enim</span> <span class='ocrx_word' id='word_1_111' title='bbox 925 1307 1018 1360; x_wconf 85' lang='lat' dir='ltr'>pueros</span> <span class='ocrx_word' id='word_1_112' title='bbox 1025 1289 1225 1360; x_wconf 78' lang='lat' dir='ltr'>formosissimas</span> 
     </span>
     <span class='ocr_line' id='line_1_14' title="bbox 181 1366 1223 1440; baseline 0.003 -20"><span class='ocrx_word' id='word_1_113' title='bbox 181 1371 207 1420; x_wconf 86' lang='lat' dir='ltr'>in</span> <span class='ocrx_word' id='word_1_114' title='bbox 220 1367 292 1420; x_wconf 83' lang='lat' dir='ltr'>banc</span> <span class='ocrx_word' id='word_1_115' title='bbox 305 1386 362 1420; x_wconf 87' lang='lat' dir='ltr'>rem</span> <span class='ocrx_word' id='word_1_116' title='bbox 376 1367 436 1439; x_wconf 67' lang='lat' dir='ltr'>eligi</span> <span class='ocrx_word' id='word_1_117' title='bbox 450 1367 555 1430; x_wconf 83' lang='lat' dir='ltr'>solitos;</span> <span class='ocrx_word' id='word_1_118' title='bbox 572 1369 669 1440; x_wconf 85' lang='lat' dir='ltr'>quippe</span> <span class='ocrx_word' id='word_1_119' title='bbox 685 1366 808 1419; x_wconf 76' lang='lat' dir='ltr'>snullum</span> <span class='ocrx_word' id='word_1_120' title='bbox 821 1369 973 1421; x_wconf 81' lang='lat' dir='ltr'>Deformem</span> <span class='ocrx_word' id='word_1_121' title='bbox 985 1387 1051 1421; x_wconf 80' lang='lat' dir='ltr'>ateva</span> <span class='ocrx_word' id='word_1_122' title='bbox 1065 1374 1187 1423; x_wconf 79' lang='lat' dir='ltr'>castravit</span> <span class='ocrx_word' id='word_1_123' title='bbox 1198 1377 1223 1424; x_wconf 90' lang='lat' dir='ltr'>in</span> 
     </span>
     <span class='ocr_line' id='line_1_15' title="bbox 181 1445 1226 1520; baseline 0 -20"><span class='ocrx_word' id='word_1_124' title='bbox 181 1467 239 1500; x_wconf 88' lang='lat' dir='ltr'>arce</span> <span class='ocrx_word' id='word_1_125' title='bbox 253 1459 412 1520; x_wconf 74' lang='lat' dir='ltr'>tyrannus.»</span> <span class='ocrx_word' id='word_1_126' title='bbox 428 1451 497 1500; x_wconf 85' lang='lat' dir='ltr'>Beue</span> <span class='ocrx_word' id='word_1_127' title='bbox 508 1466 570 1499; x_wconf 86' lang='lat' dir='ltr'>vero</span> <span class='ocrx_word' id='word_1_128' title='bbox 579 1445 743 1499; x_wconf 81' lang='lat' dir='ltr'>discrimina:</span> <span class='ocrx_word' id='word_1_129' title='bbox 759 1447 896 1513; x_wconf 75' lang='lat' dir='ltr'>Horatius,</span> <span class='ocrx_word' id='word_1_130' title='bbox 911 1447 956 1499; x_wconf 92' lang='lat' dir='ltr'>lib.</span> <span class='ocrx_word' id='word_1_131' title='bbox 968 1451 1004 1513; x_wconf 94' lang='lat' dir='ltr'>ll,</span> <span class='ocrx_word' id='word_1_132' title='bbox 1018 1448 1069 1502; x_wconf 91' lang='lat' dir='ltr'>Od.</span> <span class='ocrx_word' id='word_1_133' title='bbox 1086 1449 1115 1518; x_wconf 77' lang='lat'>5,</span> <span class='ocrx_word' id='word_1_134' title='bbox 1131 1469 1177 1517; x_wconf 83' lang='lat' dir='ltr'>st,</span> <span class='ocrx_word' id='word_1_135' title='bbox 1192 1451 1226 1501; x_wconf 85' lang='lat' dir='ltr'>da</span> 
     </span>
     <span class='ocr_line' id='line_1_16' title="bbox 181 1527 414 1599; baseline -0.009 -19"><span class='ocrx_word' id='word_1_136' title='bbox 181 1545 264 1599; x_wconf 88' lang='lat' dir='ltr'>puero</span> <span class='ocrx_word' id='word_1_137' title='bbox 279 1527 414 1593; x_wconf 77' lang='lat' dir='ltr'>formoso,</span> 
     </span>
    </p>
   </div>
   <div class='ocr_carea' id='block_1_8' title="bbox 412 1612 957 1747">
    <p class='ocr_par' dir='ltr' id='par_1_8' title="bbox 412 1612 957 1747">
     <span class='ocr_line' id='line_1_17' title="bbox 412 1612 957 1676; baseline -0.002 -15"><span class='ocrx_word' id='word_1_138' title='bbox 412 1616 488 1675; x_wconf 84' lang='lat' dir='ltr'>Quem</span> <span class='ocrx_word' id='word_1_139' title='bbox 497 1613 655 1676; x_wconf 84' lang='lat' dir='ltr'>sipuellarutu</span> <span class='ocrx_word' id='word_1_140' title='bbox 663 1616 777 1660; x_wconf 85' lang='lat' dir='ltr'>insereres</span> <span class='ocrx_word' id='word_1_141' title='bbox 785 1612 870 1670; x_wconf 85' lang='lat' dir='ltr'>choro,</span> <span class='ocrx_word' id='word_1_142' title='bbox 950 1647 957 1665; x_wconf 84' lang='lat'>.</span> 
     </span>
     <span class='ocr_line' id='line_1_18' title="bbox 415 1683 787 1747; baseline 0 -16"><span class='ocrx_word' id='word_1_143' title='bbox 415 1686 474 1732; x_wconf 84' lang='lat' dir='ltr'>blire</span> <span class='ocrx_word' id='word_1_144' title='bbox 482 1701 575 1747; x_wconf 72' lang='lat' dir='ltr'>sagaces</span> <span class='ocrx_word' id='word_1_145' title='bbox 585 1683 675 1731; x_wconf 77' lang='lat' dir='ltr'>falleret</span> <span class='ocrx_word' id='word_1_146' title='bbox 683 1684 787 1747; x_wconf 81' lang='lat' dir='ltr'>hospites</span> 
     </span>
    </p>
   </div>
   <div class='ocr_carea' id='block_1_9' title="bbox 410 1756 818 1888">
    <p class='ocr_par' dir='ltr' id='par_1_9' title="bbox 410 1756 818 1888">
     <span class='ocr_line' id='line_1_19' title="bbox 410 1756 800 1818; baseline -0.003 -14"><span class='ocrx_word' id='word_1_147' title='bbox 410 1811 413 1818; x_wconf 34' lang='grc' dir='ltr'>Ι</span> <span class='ocrx_word' id='word_1_148' title='bbox 430 1760 560 1806; x_wconf 73' lang='lat' dir='ltr'>Discrinmu</span> <span class='ocrx_word' id='word_1_149' title='bbox 569 1758 707 1811; x_wconf 85' lang='lat' dir='ltr'>obscurum,</span> <span class='ocrx_word' id='word_1_150' title='bbox 718 1756 800 1803; x_wconf 90' lang='lat' dir='ltr'>solutis</span> 
     </span>
     <span class='ocr_line' id='line_1_20' title="bbox 444 1824 818 1888; baseline -0.008 -13"><span class='ocrx_word' id='word_1_151' title='bbox 444 1827 563 1882; x_wconf 85' lang='lat' dir='ltr'>Crinibus,</span> <span class='ocrx_word' id='word_1_152' title='bbox 574 1826 728 1888; x_wconf 75' lang='lat' dir='ltr'>ambiguoque</span> <span class='ocrx_word' id='word_1_153' title='bbox 737 1824 818 1882; x_wconf 78' lang='lat' dir='ltr'>t·altu;</span> 
     </span>
    </p>
   </div>
   <div class='ocr_carea' id='block_1_10' title="bbox 184 1922 1229 2470">
    <p class='ocr_par' dir='ltr' id='par_1_10' title="bbox 184 1922 1229 2156">
     <span class='ocr_line' id='line_1_21' title="bbox 185 1922 1226 2000; baseline -0.004 -18"><span class='ocrx_word' id='word_1_154' title='bbox 185 1947 262 2000; x_wconf 84' lang='lat' dir='ltr'>quarn</span> <span class='ocrx_word' id='word_1_155' title='bbox 272 1929 376 1981; x_wconf 82' lang='lat' dir='ltr'>Horatii</span> <span class='ocrx_word' id='word_1_156' title='bbox 385 1925 473 1978; x_wconf 88' lang='lat' dir='ltr'>locum</span> <span class='ocrx_word' id='word_1_157' title='bbox 483 1929 510 1977; x_wconf 92' lang='lat' dir='ltr'>in</span> <span class='ocrx_word' id='word_1_158' title='bbox 519 1926 608 1978; x_wconf 88' lang='lat' dir='ltr'>animo</span> <span class='ocrx_word' id='word_1_159' title='bbox 616 1922 720 1976; x_wconf 84' lang='lat' dir='ltr'>videtur</span> <span class='ocrx_word' id='word_1_160' title='bbox 728 1923 852 1976; x_wconf 84' lang='lat' dir='ltr'>babuisse</span> <span class='ocrx_word' id='word_1_161' title='bbox 862 1925 972 1990; x_wconf 83' lang='lat' dir='ltr'>Statius,</span> <span class='ocrx_word' id='word_1_162' title='bbox 981 1923 1119 1978; x_wconf 78' lang='lat' dir='ltr'>Achilleid,</span> <span class='ocrx_word' id='word_1_163' title='bbox 1128 1927 1226 1991; x_wconf 81' lang='lat' dir='ltr'>t‚332,</span> 
     </span>
     <span class='ocr_line' id='line_1_22' title="bbox 184 1999 1229 2060; baseline -0.004 0"><span class='ocrx_word' id='word_1_164' title='bbox 184 2009 228 2060; x_wconf 87' lang='lat' dir='ltr'>ubi</span> <span class='ocrx_word' id='word_1_165' title='bbox 242 2005 404 2060; x_wconf 67' lang='lat' dir='ltr'>describitur</span> <span class='ocrx_word' id='word_1_166' title='bbox 413 2003 504 2057; x_wconf 86' lang='lat' dir='ltr'>Thetis</span> <span class='ocrx_word' id='word_1_167' title='bbox 517 2017 610 2056; x_wconf 88' lang='lat' dir='ltr'>natum</span> <span class='ocrx_word' id='word_1_168' title='bbox 623 1999 697 2056; x_wconf 88' lang='lat' dir='ltr'>cultu</span> <span class='ocrx_word' id='word_1_169' title='bbox 711 2002 833 2056; x_wconf 89' lang='lat' dir='ltr'>muliebri</span> <span class='ocrx_word' id='word_1_170' title='bbox 847 2020 962 2056; x_wconf 88' lang='lat' dir='ltr'>ornans:</span> <span class='ocrx_word' id='word_1_171' title='bbox 977 2002 1073 2056; x_wconf 86' lang='lat' dir='ltr'>deinde</span> <span class='ocrx_word' id='word_1_172' title='bbox 1087 2002 1160 2057; x_wconf 80' lang='lat' dir='ltr'>addit</span> <span class='ocrx_word' id='word_1_173' title='bbox 1174 2005 1229 2056; x_wconf 81' lang='lat' dir='ltr'>els-</span> 
     </span>
     <span class='ocr_line' id='line_1_23' title="bbox 184 2076 420 2156; baseline -0.008 -18"><span class='ocrx_word' id='word_1_174' title='bbox 184 2088 337 2156; x_wconf 65' lang='lat' dir='ltr'>gannatura</span> <span class='ocrx_word' id='word_1_175' title='bbox 350 2076 420 2151; x_wconf 71' lang='lat' dir='ltr'>baec,</span> 
     </span>
    </p>

    <p class='ocr_par' dir='ltr' id='par_1_11' title="bbox 369 2189 838 2254">
     <span class='ocr_line' id='line_1_24' title="bbox 369 2189 838 2254; baseline 0 -18"><span class='ocrx_word' id='word_1_176' title='bbox 369 2189 474 2252; x_wconf 80' lang='lat' dir='ltr'>Qualiter</span> <span class='ocrx_word' id='word_1_177' title='bbox 482 2191 576 2238; x_wconf 77' lang='lat' dir='ltr'>artificis</span> <span class='ocrx_word' id='word_1_178' title='bbox 584 2193 677 2238; x_wconf 70' lang='lat' dir='ltr'>victure</span> <span class='ocrx_word' id='word_1_179' title='bbox 686 2190 769 2254; x_wconf 87' lang='lat' dir='ltr'>pollice</span> <span class='ocrx_word' id='word_1_180' title='bbox 779 2207 838 2239; x_wconf 71' lang='lat' dir='ltr'>cera</span> 
     </span>
    </p>

    <p class='ocr_par' dir='ltr' id='par_1_12' title="bbox 372 2265 1035 2329">
     <span class='ocr_line' id='line_1_25' title="bbox 372 2265 1035 2329; baseline 0.005 -20"><span class='ocrx_word' id='word_1_181' title='bbox 372 2265 495 2326; x_wconf 72' lang='lat' dir='ltr'>Accipiunt</span> <span class='ocrx_word' id='word_1_182' title='bbox 503 2265 600 2322; x_wconf 72' lang='lat' dir='ltr'>formas,</span> <span class='ocrx_word' id='word_1_183' title='bbox 611 2266 734 2328; x_wconf 68' lang='lat' dir='ltr'>ignemque</span> <span class='ocrx_word' id='word_1_184' title='bbox 744 2279 885 2327; x_wconf 87' lang='lat' dir='ltr'>manumque</span> <span class='ocrx_word' id='word_1_185' title='bbox 895 2277 1035 2329; x_wconf 78' lang='lat' dir='ltr'>sequuntur;</span> 
     </span>
    </p>

    <p class='ocr_par' dir='ltr' id='par_1_13' title="bbox 372 2334 861 2399">
     <span class='ocr_line' id='line_1_26' title="bbox 372 2334 861 2399; baseline 0.002 -18"><span class='ocrx_word' id='word_1_186' title='bbox 372 2334 434 2382; x_wconf 82' lang='lat' dir='ltr'>Talis</span> <span class='ocrx_word' id='word_1_187' title='bbox 442 2347 492 2382; x_wconf 85' lang='lat' dir='ltr'>erat</span> <span class='ocrx_word' id='word_1_188' title='bbox 500 2337 564 2382; x_wconf 78' lang='lat' dir='ltr'>Dirae</span> <span class='ocrx_word' id='word_1_189' title='bbox 574 2349 652 2382; x_wconf 85' lang='lat' dir='ltr'>natum</span> <span class='ocrx_word' id='word_1_190' title='bbox 661 2337 769 2383; x_wconf 84' lang='lat' dir='ltr'>mutantia</span> <span class='ocrx_word' id='word_1_191' title='bbox 778 2338 861 2399; x_wconf 75' lang='lat' dir='ltr'>imago.</span> 
     </span>
    </p>

    <p class='ocr_par' dir='ltr' id='par_1_14' title="bbox 372 2407 916 2470">
     <span class='ocr_line' id='line_1_27' title="bbox 372 2407 916 2470; baseline 0 -16"><span class='ocrx_word' id='word_1_192' title='bbox 372 2410 420 2456; x_wconf 82' lang='lat' dir='ltr'>Nec</span> <span class='ocrx_word' id='word_1_193' title='bbox 428 2407 512 2455; x_wconf 86' lang='lat' dir='ltr'>luctata</span> <span class='ocrx_word' id='word_1_194' title='bbox 521 2407 561 2454; x_wconf 90' lang='lat' dir='ltr'>diu</span> <span class='ocrx_word' id='word_1_195' title='bbox 572 2424 578 2454; x_wconf 78' lang='lat' dir='ltr'>s</span> <span class='ocrx_word' id='word_1_196' title='bbox 589 2421 694 2470; x_wconf 82' lang='lat' dir='ltr'>caperest</span> <span class='ocrx_word' id='word_1_197' title='bbox 702 2423 755 2454; x_wconf 84' lang='lat' dir='ltr'>nant</span> <span class='ocrx_word' id='word_1_198' title='bbox 763 2407 876 2470; x_wconf 85' lang='lat' dir='ltr'>plurimus</span> <span class='ocrx_word' id='word_1_199' title='bbox 884 2407 916 2454; x_wconf 89' lang='lat' dir='ltr'>illi</span> 
     </span>
    </p>
   </div>
   <div class='ocr_carea' id='block_1_11' title="bbox 372 2480 946 2614">
    <p class='ocr_par' dir='ltr' id='par_1_15' title="bbox 372 2480 946 2614">
     <span class='ocr_line' id='line_1_28' title="bbox 372 2480 855 2543; baseline 0.004 -19"><span class='ocrx_word' id='word_1_200' title='bbox 372 2481 458 2527; x_wconf 81' lang='lat' dir='ltr'>luvicts</span> <span class='ocrx_word' id='word_1_201' title='bbox 468 2481 551 2526; x_wconf 81' lang='lat' dir='ltr'>virtute</span> <span class='ocrx_word' id='word_1_202' title='bbox 558 2481 629 2528; x_wconf 87' lang='lat' dir='ltr'>decor</span> <span class='ocrx_word' id='word_1_203' title='bbox 634 2497 642 2537; x_wconf 87' lang='lat'>;</span> <span class='ocrx_word' id='word_1_204' title='bbox 651 2480 756 2543; x_wconf 79' lang='lat' dir='ltr'>fallitque</span> <span class='ocrx_word' id='word_1_205' title='bbox 765 2492 855 2527; x_wconf 83' lang='lat' dir='ltr'>tuentes</span> 
     </span>
     <span class='ocr_line' id='line_1_29' title="bbox 373 2550 946 2614; baseline 0 -18"><span class='ocrx_word' id='word_1_206' title='bbox 373 2551 513 2614; x_wconf 64' lang='lat' dir='ltr'>Ambiguus,</span> <span class='ocrx_word' id='word_1_207' title='bbox 524 2552 635 2612; x_wconf 87' lang='lat' dir='ltr'>tenuique</span> <span class='ocrx_word' id='word_1_208' title='bbox 644 2551 718 2597; x_wconf 85' lang='lat' dir='ltr'>latens</span> <span class='ocrx_word' id='word_1_209' title='bbox 727 2550 858 2596; x_wconf 72' lang='lat' dir='ltr'>discrimine</span> <span class='ocrx_word' id='word_1_210' title='bbox 868 2565 934 2596; x_wconf 79' lang='lat' dir='ltr'>sexus</span> <span class='ocrx_word' id='word_1_211' title='bbox 939 2567 946 2605; x_wconf 74' lang='lat'>3</span> 
     </span>
    </p>
   </div>
   <div class='ocr_carea' id='block_1_12' title="bbox 188 2656 1236 3282">
    <p class='ocr_par' dir='ltr' id='par_1_16' title="bbox 188 2656 1236 3208">
     <span class='ocr_line' id='line_1_30' title="bbox 188 2656 1232 2730; baseline 0.004 -20"><span class='ocrx_word' id='word_1_212' title='bbox 188 2676 266 2712; x_wconf 76' lang='lat' dir='ltr'>versu</span> <span class='ocrx_word' id='word_1_213' title='bbox 279 2659 386 2730; x_wconf 87' lang='lat' dir='ltr'>quinto,</span> <span class='ocrx_word' id='word_1_214' title='bbox 399 2675 449 2728; x_wconf 92' lang='lat' dir='ltr'>pro</span> <span class='ocrx_word' id='word_1_215' title='bbox 461 2656 564 2709; x_wconf 82' lang='lat' dir='ltr'>Inuicto</span> <span class='ocrx_word' id='word_1_216' title='bbox 579 2657 670 2710; x_wconf 77' lang='lat' dir='ltr'>virtute</span> <span class='ocrx_word' id='word_1_217' title='bbox 684 2657 741 2728; x_wconf 71' lang='lat' dir='ltr'>lege</span> <span class='ocrx_word' id='word_1_218' title='bbox 753 2657 841 2709; x_wconf 84' lang='lat' dir='ltr'>Invito</span> <span class='ocrx_word' id='word_1_219' title='bbox 855 2657 961 2718; x_wconf 84' lang='lat' dir='ltr'>virtute;</span> <span class='ocrx_word' id='word_1_220' title='bbox 973 2671 1003 2710; x_wconf 89' lang='lat' dir='ltr'>ut</span> <span class='ocrx_word' id='word_1_221' title='bbox 1014 2657 1088 2729; x_wconf 88' lang='lat' dir='ltr'>apud</span> <span class='ocrx_word' id='word_1_222' title='bbox 1098 2659 1232 2714; x_wconf 84' lang='lat' dir='ltr'>Sidonium</span> 
     </span>
     <span class='ocr_line' id='line_1_31' title="bbox 190 2733 1232 2809; baseline 0 -19"><span class='ocrx_word' id='word_1_223' title='bbox 190 2735 372 2809; x_wconf 76' lang='lat' dir='ltr'>Apollinarem</span> <span class='ocrx_word' id='word_1_224' title='bbox 385 2739 431 2807; x_wconf 90' lang='lat' dir='ltr'>qui</span> <span class='ocrx_word' id='word_1_225' title='bbox 442 2733 495 2787; x_wconf 90' lang='lat' dir='ltr'>boc</span> <span class='ocrx_word' id='word_1_226' title='bbox 508 2747 644 2788; x_wconf 75' lang='lat' dir='ltr'>mutuatus</span> <span class='ocrx_word' id='word_1_227' title='bbox 658 2748 698 2787; x_wconf 88' lang='lat' dir='ltr'>est</span> <span class='ocrx_word' id='word_1_228' title='bbox 711 2753 725 2786; x_wconf 86' lang='lat' dir='ltr'>a</span> <span class='ocrx_word' id='word_1_229' title='bbox 738 2734 834 2799; x_wconf 83' lang='lat' dir='ltr'>Statio,</span> <span class='ocrx_word' id='word_1_230' title='bbox 849 2751 929 2785; x_wconf 83' lang='lat' dir='ltr'>carm.</span> <span class='ocrx_word' id='word_1_231' title='bbox 942 2736 974 2800; x_wconf 88' lang='lat' dir='ltr'>V,</span> <span class='ocrx_word' id='word_1_232' title='bbox 988 2753 1055 2787; x_wconf 86' lang='lat' dir='ltr'>sera.</span> <span class='ocrx_word' id='word_1_233' title='bbox 1072 2753 1114 2805; x_wconf 78' lang='lat'>¹7²</span> <span class='ocrx_word' id='word_1_234' title='bbox 1131 2741 1232 2792; x_wconf 73' lang='lat' dir='ltr'>«Invita</span> 
     </span>
     <span class='ocr_line' id='line_1_32' title="bbox 191 2813 1234 2889; baseline 0.001 -20"><span class='ocrx_word' id='word_1_235' title='bbox 191 2827 303 2889; x_wconf 88' lang='lat' dir='ltr'>superat</span> <span class='ocrx_word' id='word_1_236' title='bbox 315 2816 408 2868; x_wconf 84' lang='lat' dir='ltr'>virtute</span> <span class='ocrx_word' id='word_1_237' title='bbox 419 2827 574 2868; x_wconf 68' lang='lat' dir='ltr'>venustae·</span> <span class='ocrx_word' id='word_1_238' title='bbox 589 2813 726 2867; x_wconf 88' lang='lat' dir='ltr'>Claudian.</span> <span class='ocrx_word' id='word_1_239' title='bbox 739 2814 773 2865; x_wconf 90' lang='lat' dir='ltr'>de</span> <span class='ocrx_word' id='word_1_240' title='bbox 784 2815 861 2884; x_wconf 86' lang='lat' dir='ltr'>Rapt.</span> <span class='ocrx_word' id='word_1_241' title='bbox 876 2814 996 2884; x_wconf 85' lang='lat' dir='ltr'>Proserp.</span> <span class='ocrx_word' id='word_1_242' title='bbox 1010 2815 1046 2878; x_wconf 87' lang='lat'>11,</span> <span class='ocrx_word' id='word_1_243' title='bbox 1061 2832 1110 2883; x_wconf 76' lang='lat'>²9²</span> <span class='ocrx_word' id='word_1_244' title='bbox 1126 2817 1234 2870; x_wconf 70' lang='lat' dir='ltr'>aeolus·</span> 
     </span>
     <span class='ocr_line' id='line_1_33' title="bbox 191 2891 1234 2968; baseline -0.002 -19"><span class='ocrx_word' id='word_1_245' title='bbox 191 2915 245 2968; x_wconf 85' lang='lat' dir='ltr'>que</span> <span class='ocrx_word' id='word_1_246' title='bbox 260 2893 342 2948; x_wconf 82' lang='lat' dir='ltr'>dabat</span> <span class='ocrx_word' id='word_1_247' title='bbox 356 2893 503 2948; x_wconf 84' lang='lat' dir='ltr'>discrimina</span> <span class='ocrx_word' id='word_1_248' title='bbox 517 2913 627 2948; x_wconf 77' lang='lat' dir='ltr'>sesua·</span> <span class='ocrx_word' id='word_1_249' title='bbox 643 2893 720 2946; x_wconf 86' lang='lat' dir='ltr'>Ovid.</span> <span class='ocrx_word' id='word_1_250' title='bbox 737 2893 801 2945; x_wconf 87' lang='lat' dir='ltr'>Met.</span> <span class='ocrx_word' id='word_1_251' title='bbox 816 2895 859 2957; x_wconf 86' lang='lat' dir='ltr'>lV,</span> <span class='ocrx_word' id='word_1_252' title='bbox 878 2893 944 2944; x_wconf 76' lang='lat'>280:</span> <span class='ocrx_word' id='word_1_253' title='bbox 962 2916 973 2938; x_wconf 77' lang='grc' dir='ltr'>ι</span> <span class='ocrx_word' id='word_1_254' title='bbox 983 2891 1127 2962; x_wconf 73' lang='lat' dir='ltr'>Ambiguae</span> <span class='ocrx_word' id='word_1_255' title='bbox 1142 2896 1234 2959; x_wconf 86' lang='lat' dir='ltr'>luerit,</span> 
     </span>
     <span class='ocr_line' id='line_1_34' title="bbox 190 2971 1236 3048; baseline 0 -18"><span class='ocrx_word' id='word_1_256' title='bbox 190 2976 273 3030; x_wconf 87' lang='lat' dir='ltr'>ruodo</span> <span class='ocrx_word' id='word_1_257' title='bbox 290 2979 339 3045; x_wconf 84' lang='lat' dir='ltr'>vir,</span> <span class='ocrx_word' id='word_1_258' title='bbox 353 2977 433 3031; x_wconf 87' lang='lat' dir='ltr'>modo</span> <span class='ocrx_word' id='word_1_259' title='bbox 446 2978 558 3041; x_wconf 86' lang='lat' dir='ltr'>femina,</span> <span class='ocrx_word' id='word_1_260' title='bbox 576 2973 727 3048; x_wconf 48' lang='lat' dir='ltr'>Scythen„</span> <span class='ocrx_word' id='word_1_261' title='bbox 741 2975 846 3039; x_wconf 87' lang='lat' dir='ltr'>Noster,</span> <span class='ocrx_word' id='word_1_262' title='bbox 860 2971 945 3026; x_wconf 86' lang='lat' dir='ltr'>Theb.</span> <span class='ocrx_word' id='word_1_263' title='bbox 958 2976 990 3039; x_wconf 86' lang='lat' dir='ltr'>V,</span> <span class='ocrx_word' id='word_1_264' title='bbox 1005 2972 1150 3045; x_wconf 67' lang='lat' dir='ltr'>«ambiguo</span> <span class='ocrx_word' id='word_1_265' title='bbox 1164 2979 1236 3030; x_wconf 80' lang='lat' dir='ltr'>visus</span> 
     </span>
     <span class='ocr_line' id='line_1_35' title="bbox 191 3052 1234 3129; baseline -0.001 -19"><span class='ocrx_word' id='word_1_266' title='bbox 191 3075 281 3110; x_wconf 88' lang='lat' dir='ltr'>errore</span> <span class='ocrx_word' id='word_1_267' title='bbox 292 3055 427 3110; x_wconf 79' lang='lat' dir='ltr'>lacessunt</span> <span class='ocrx_word' id='word_1_268' title='bbox 438 3055 574 3110; x_wconf 81' lang='lat' dir='ltr'>OEbalidn</span> <span class='ocrx_word' id='word_1_269' title='bbox 589 3057 720 3126; x_wconf 55' lang='lat' dir='ltr'>gemiane</span> <span class='ocrx_word' id='word_1_270' title='bbox 735 3055 851 3129; x_wconf 69' lang='lat' dir='ltr'>ambipui</span> <span class='ocrx_word' id='word_1_271' title='bbox 862 3071 944 3106; x_wconf 82' lang='lat' dir='ltr'>mares</span> <span class='ocrx_word' id='word_1_272' title='bbox 954 3052 988 3106; x_wconf 88' lang='lat' dir='ltr'>de</span> <span class='ocrx_word' id='word_1_273' title='bbox 1002 3052 1130 3108; x_wconf 85' lang='lat' dir='ltr'>eunuchis</span> <span class='ocrx_word' id='word_1_274' title='bbox 1143 3055 1234 3109; x_wconf 83' lang='lat' dir='ltr'>Claud.</span> 
     </span>
     <span class='ocr_line' id='line_1_36' title="bbox 191 3133 1234 3208; baseline 0.002 -20"><span class='ocrx_word' id='word_1_275' title='bbox 191 3137 218 3188; x_wconf 89' lang='lat' dir='ltr'>in</span> <span class='ocrx_word' id='word_1_276' title='bbox 229 3135 341 3207; x_wconf 84' lang='lat' dir='ltr'>Eutrop.</span> <span class='ocrx_word' id='word_1_277' title='bbox 355 3135 503 3203; x_wconf 81' lang='lat' dir='ltr'>Ausonius,</span> <span class='ocrx_word' id='word_1_278' title='bbox 518 3137 600 3208; x_wconf 71' lang='lat' dir='ltr'>epigr.</span> <span class='ocrx_word' id='word_1_279' title='bbox 614 3135 663 3204; x_wconf 77' lang='lat'>69:</span> <span class='ocrx_word' id='word_1_280' title='bbox 680 3133 885 3206; x_wconf 64' lang='lat' dir='ltr'>silmbiguoque</span> <span class='ocrx_word' id='word_1_281' title='bbox 897 3134 948 3184; x_wconf 82' lang='lat' dir='ltr'>tuit</span> <span class='ocrx_word' id='word_1_282' title='bbox 961 3151 1074 3204; x_wconf 87' lang='lat' dir='ltr'>corpore</span> <span class='ocrx_word' id='word_1_283' title='bbox 1086 3135 1212 3200; x_wconf 85' lang='lat' dir='ltr'>Tiresias;</span> <span class='ocrx_word' id='word_1_284' title='bbox 1223 3162 1234 3184; x_wconf 81' lang='grc' dir='ltr'>ι</span> 
     </span>
    </p>

    <p class='ocr_par' dir='ltr' id='par_1_17' title="bbox 191 3214 466 3282">
     <span class='ocr_line' id='line_1_37' title="bbox 191 3214 466 3282; baseline 0 -16"><span class='ocrx_word' id='word_1_285' title='bbox 191 3214 312 3268; x_wconf 79' lang='lat' dir='ltr'>Juvenal.</span> <span class='ocrx_word' id='word_1_286' title='bbox 328 3215 386 3282; x_wconf 84' lang='lat' dir='ltr'>XV,</span> <span class='ocrx_word' id='word_1_287' title='bbox 401 3214 466 3267; x_wconf 76' lang='lat'>135:</span> 
     </span>
    </p>
   </div>
   <div class='ocr_carea' id='block_1_13' title="bbox 380 3301 940 3507">
    <p class='ocr_par' dir='ltr' id='par_1_18' title="bbox 380 3301 940 3507">
     <span class='ocr_line' id='line_1_38' title="bbox 596 3301 940 3366; baseline -0.003 -18"><span class='ocrx_word' id='word_1_288' title='bbox 596 3303 714 3366; x_wconf 81' lang='lat' dir='ltr'>Pupillum</span> <span class='ocrx_word' id='word_1_289' title='bbox 722 3301 754 3349; x_wconf 91' lang='lat' dir='ltr'>ad</span> <span class='ocrx_word' id='word_1_290' title='bbox 759 3303 812 3364; x_wconf 88' lang='lat' dir='ltr'>jura</span> <span class='ocrx_word' id='word_1_291' title='bbox 821 3313 940 3349; x_wconf 80' lang='lat' dir='ltr'>vocantem</span> 
     </span>
     <span class='ocr_line' id='line_1_39' title="bbox 380 3371 886 3436; baseline -0.004 -16"><span class='ocrx_word' id='word_1_292' title='bbox 380 3374 619 3436; x_wconf 69' lang='lat' dir='ltr'>circumscriptorem,</span> <span class='ocrx_word' id='word_1_293' title='bbox 630 3375 696 3436; x_wconf 83' lang='lat' dir='ltr'>cujus</span> <span class='ocrx_word' id='word_1_294' title='bbox 705 3374 820 3419; x_wconf 84' lang='lat' dir='ltr'>manantia</span> <span class='ocrx_word' id='word_1_295' title='bbox 830 3371 886 3418; x_wconf 86' lang='lat' dir='ltr'>lletu</span> 
     </span>
     <span class='ocr_line' id='line_1_40' title="bbox 380 3442 837 3507; baseline -0.002 -17"><span class='ocrx_word' id='word_1_296' title='bbox 380 3446 425 3490; x_wconf 82' lang='lat' dir='ltr'>Ora</span> <span class='ocrx_word' id='word_1_297' title='bbox 436 3442 551 3507; x_wconf 85' lang='lat' dir='ltr'>puellares</span> <span class='ocrx_word' id='word_1_298' title='bbox 560 3445 647 3491; x_wconf 79' lang='lat' dir='ltr'>iaciunt</span> <span class='ocrx_word' id='word_1_299' title='bbox 656 3446 743 3492; x_wconf 87' lang='lat' dir='ltr'>incerta</span> <span class='ocrx_word' id='word_1_300' title='bbox 753 3442 837 3505; x_wconf 85' lang='lat' dir='ltr'>capilli.</span> 
     </span>
    </p>
   </div>
   <div class='ocr_carea' id='block_1_14' title="bbox 195 3548 1244 3864">
    <p class='ocr_par' dir='ltr' id='par_1_19' title="bbox 195 3548 1244 3864">
     <span class='ocr_line' id='line_1_41' title="bbox 196 3548 1242 3622; baseline 0 -20"><span class='ocrx_word' id='word_1_301' title='bbox 196 3550 288 3602; x_wconf 81' lang='lat' dir='ltr'>Senec.</span> <span class='ocrx_word' id='word_1_302' title='bbox 303 3548 337 3601; x_wconf 90' lang='lat' dir='ltr'>de</span> <span class='ocrx_word' id='word_1_303' title='bbox 351 3549 455 3602; x_wconf 86' lang='lat' dir='ltr'>Protid.</span> <span class='ocrx_word' id='word_1_304' title='bbox 469 3569 528 3621; x_wconf 89' lang='lat' dir='ltr'>cap.</span> <span class='ocrx_word' id='word_1_305' title='bbox 544 3549 575 3601; x_wconf 85' lang='lat'>3:</span> <span class='ocrx_word' id='word_1_306' title='bbox 595 3551 740 3604; x_wconf 75' lang='lat' dir='ltr'>sExoletus</span> <span class='ocrx_word' id='word_1_307' title='bbox 753 3553 841 3602; x_wconf 84' lang='lat' dir='ltr'>onmia</span> <span class='ocrx_word' id='word_1_308' title='bbox 856 3551 912 3622; x_wconf 88' lang='lat' dir='ltr'>pati</span> <span class='ocrx_word' id='word_1_309' title='bbox 923 3549 1031 3616; x_wconf 84' lang='lat' dir='ltr'>doctus,</span> <span class='ocrx_word' id='word_1_310' title='bbox 1043 3563 1152 3602; x_wconf 82' lang='lat' dir='ltr'>exsectae</span> <span class='ocrx_word' id='word_1_311' title='bbox 1163 3551 1242 3604; x_wconf 80' lang='lat' dir='ltr'>virili-</span> 
     </span>
     <span class='ocr_line' id='line_1_42' title="bbox 198 3627 1242 3704; baseline 0.001 -24"><span class='ocrx_word' id='word_1_312' title='bbox 198 3631 255 3681; x_wconf 81' lang='lat' dir='ltr'>tatis</span> <span class='ocrx_word' id='word_1_313' title='bbox 268 3642 315 3681; x_wconf 84' lang='lat' dir='ltr'>aut</span> <span class='ocrx_word' id='word_1_314' title='bbox 326 3627 422 3681; x_wconf 77' lang='lat' dir='ltr'>dubie.</span> <span class='ocrx_word' id='word_1_315' title='bbox 433 3651 445 3676; x_wconf 72' lang='lat' dir='ltr'>n</span> <span class='ocrx_word' id='word_1_316' title='bbox 459 3630 539 3682; x_wconf 87' lang='lat' dir='ltr'>Recte</span> <span class='ocrx_word' id='word_1_317' title='bbox 549 3649 625 3694; x_wconf 81' lang='lat' dir='ltr'>vero,</span> <span class='ocrx_word' id='word_1_318' title='bbox 635 3629 784 3683; x_wconf 79' lang='lat' dir='ltr'>discrimina</span> <span class='ocrx_word' id='word_1_319' title='bbox 792 3631 895 3700; x_wconf 75' lang='lat' dir='ltr'>jubent,</span> <span class='ocrx_word' id='word_1_320' title='bbox 907 3629 934 3681; x_wconf 92' lang='lat' dir='ltr'>i‹l</span> <span class='ocrx_word' id='word_1_321' title='bbox 944 3629 1112 3701; x_wconf 81' lang='lat' dir='ltr'>eatfocs&#39;unt:</span> <span class='ocrx_word' id='word_1_322' title='bbox 1125 3632 1161 3682; x_wconf 88' lang='lat' dir='ltr'>ita</span> <span class='ocrx_word' id='word_1_323' title='bbox 1172 3630 1242 3704; x_wconf 75' lang='lat' dir='ltr'>aputl</span> 
     </span>
     <span class='ocr_line' id='line_1_43' title="bbox 195 3708 1244 3782; baseline 0.002 -24"><span class='ocrx_word' id='word_1_324' title='bbox 195 3708 316 3762; x_wconf 83' lang='lat' dir='ltr'>Juvenal.</span> <span class='ocrx_word' id='word_1_325' title='bbox 328 3709 377 3774; x_wconf 89' lang='lat' dir='ltr'>Vl,</span> <span class='ocrx_word' id='word_1_326' title='bbox 390 3709 458 3762; x_wconf 78' lang='lat'><strong>620:</strong></span> <span class='ocrx_word' id='word_1_327' title='bbox 474 3731 485 3756; x_wconf 75' lang='grc' dir='ltr'>ι</span> <span class='ocrx_word' id='word_1_328' title='bbox 495 3709 601 3762; x_wconf 81' lang='lat' dir='ltr'>boletus</span> <span class='ocrx_word' id='word_1_329' title='bbox 611 3710 750 3763; x_wconf 84' lang='lat' dir='ltr'>tremulum</span> <span class='ocrx_word' id='word_1_330' title='bbox 760 3709 897 3782; x_wconf 82' lang='lat' dir='ltr'>(Claudii)</span> <span class='ocrx_word' id='word_1_331' title='bbox 908 3723 990 3782; x_wconf 87' lang='lat' dir='ltr'>caput</span> <span class='ocrx_word' id='word_1_332' title='bbox 998 3711 1025 3762; x_wconf 89' lang='lat' dir='ltr'>in</span> <span class='ocrx_word' id='word_1_333' title='bbox 1035 3709 1127 3762; x_wconf 75' lang='lat' dir='ltr'>caelum</span> <span class='ocrx_word' id='word_1_334' title='bbox 1137 3709 1244 3763; x_wconf 86' lang='lat' dir='ltr'>descen·</span> 
     </span>
     <span class='ocr_line' id='line_1_44' title="bbox 197 3787 1017 3864; baseline 0.006 -26"><span class='ocrx_word' id='word_1_335' title='bbox 197 3787 258 3841; x_wconf 86' lang='lat' dir='ltr'>dere</span> <span class='ocrx_word' id='word_1_336' title='bbox 267 3791 385 3862; x_wconf 61' lang='lat' dir='ltr'>justin·</span> <span class='ocrx_word' id='word_1_337' title='bbox 400 3789 427 3841; x_wconf 90' lang='lat' dir='ltr'>id</span> <span class='ocrx_word' id='word_1_338' title='bbox 437 3803 490 3856; x_wconf 87' lang='lat' dir='ltr'>est,</span> <span class='ocrx_word' id='word_1_339' title='bbox 496 3791 573 3862; x_wconf 84' lang='lat' dir='ltr'>fecit.</span> <span class='ocrx_word' id='word_1_340' title='bbox 586 3793 685 3844; x_wconf 83' lang='lat' dir='ltr'>Passim</span> <span class='ocrx_word' id='word_1_341' title='bbox 700 3789 771 3862; x_wconf 89' lang='lat' dir='ltr'>apud</span> <span class='ocrx_word' id='word_1_342' title='bbox 785 3804 878 3864; x_wconf 88' lang='lat' dir='ltr'>poetas</span> <span class='ocrx_word' id='word_1_343' title='bbox 890 3793 1017 3843; x_wconf 87' lang='lat' dir='ltr'>invenies.</span> 
     </span>
    </p>
   </div>
   <div class='ocr_carea' id='block_1_15' title="bbox 197 3945 1249 4100">
    <p class='ocr_par' dir='ltr' id='par_1_20' title="bbox 197 3945 1249 4100">
     <span class='ocr_line' id='line_1_45' title="bbox 236 3945 1246 4023; baseline -0.004 -22"><span class='ocrx_word' id='word_1_344' title='bbox 236 3948 276 4016; x_wconf 80' lang='grc'>54.</span> <span class='ocrx_word' id='word_1_345' title='bbox 296 3949 400 4022; x_wconf 63' lang='lat' dir='ltr'>Dignus</span> <span class='ocrx_word' id='word_1_346' title='bbox 411 3961 436 4002; x_wconf 85' lang='lat' dir='ltr'>et</span> <span class='ocrx_word' id='word_1_347' title='bbox 448 3951 601 4002; x_wconf 83' lang='lat' dir='ltr'>AEmonium</span> <span class='ocrx_word' id='word_1_348' title='bbox 612 3949 730 4020; x_wconf 62' lang='lat' dir='ltr'>Pylum</span> <span class='ocrx_word' id='word_1_349' title='bbox 741 3950 883 4023; x_wconf 76' lang='lat' dir='ltr'>precedere</span> <span class='ocrx_word' id='word_1_350' title='bbox 890 3949 977 4020; x_wconf 81' lang='lat' dir='ltr'>foma.</span> <span class='ocrx_word' id='word_1_351' title='bbox 990 3951 1112 4000; x_wconf 82' lang='lat' dir='ltr'>lleinsiue</span> <span class='ocrx_word' id='word_1_352' title='bbox 1126 3945 1158 3998; x_wconf 88' lang='lat' dir='ltr'>ad</span> <span class='ocrx_word' id='word_1_353' title='bbox 1170 3945 1246 3998; x_wconf 82' lang='lat' dir='ltr'>Ovid.</span> 
     </span>
     <span class='ocr_line' id='line_1_46' title="bbox 197 4026 1249 4100; baseline -0.004 -20"><span class='ocrx_word' id='word_1_354' title='bbox 197 4031 276 4081; x_wconf 88' lang='lat' dir='ltr'>Trist.</span> <span class='ocrx_word' id='word_1_355' title='bbox 289 4031 316 4096; x_wconf 90' lang='lat' dir='ltr'>l,</span> <span class='ocrx_word' id='word_1_356' title='bbox 330 4049 362 4100; x_wconf 86' lang='lat'>9,</span> <span class='ocrx_word' id='word_1_357' title='bbox 375 4049 398 4081; x_wconf 82' lang='lat' dir='ltr'>v.</span> <span class='ocrx_word' id='word_1_358' title='bbox 414 4047 457 4100; x_wconf 72' lang='grc' dir='ltr'>η,</span> <span class='ocrx_word' id='word_1_359' title='bbox 471 4031 527 4084; x_wconf 78' lang='lat' dir='ltr'>haec</span> <span class='ocrx_word' id='word_1_360' title='bbox 538 4045 629 4082; x_wconf 88' lang='lat' dir='ltr'>notat:</span> <span class='ocrx_word' id='word_1_361' title='bbox 648 4031 838 4082; x_wconf 69' lang='lat' dir='ltr'>«flamonium</span> <span class='ocrx_word' id='word_1_362' title='bbox 853 4028 965 4099; x_wconf 71' lang='lat' dir='ltr'>Pyladen</span> <span class='ocrx_word' id='word_1_363' title='bbox 978 4030 1041 4079; x_wconf 86' lang='lat' dir='ltr'>facit</span> <span class='ocrx_word' id='word_1_364' title='bbox 1053 4027 1149 4077; x_wconf 86' lang='lat' dir='ltr'>Statius</span> <span class='ocrx_word' id='word_1_365' title='bbox 1161 4027 1188 4076; x_wconf 84' lang='lat' dir='ltr'>in</span> <span class='ocrx_word' id='word_1_366' title='bbox 1200 4026 1249 4078; x_wconf 84' lang='lat' dir='ltr'>Sil·</span> 
     </span>
    </p>
   </div>
   <div class='ocr_carea' id='block_1_16' title="bbox 0 0 1462 4492">
    <p class='ocr_par' dir='ltr' id='par_1_21' title="bbox 0 0 1462 4492">
     <span class='ocr_line' id='line_1_47' title="bbox 0 0 1462 4492; baseline 0 0"><span class='ocrx_word' id='word_1_367' title='bbox 0 0 1462 4492; x_wconf 95' lang='lat' dir='ltr'> </span> 
     </span>
    </p>
   </div>
  </div>
 </body>
</html>
