2782 4486
435 335 576 402 LIBER
601 339 649 414 V,
672 338 870 402 CARMEN
895 341 962 404 111.
1152 341 1218 408 613

222 466 473 557 Stamine,quae
483 461 599 555 tepido
611 463 753 555 genitrix
765 485 867 556 super
878 487 999 556 aggere
1010 472 1080 536 nati
1185 481 1219 534 65

223 574 313 642 Orba
324 573 435 643 sedet?
445 571 499 641 vel
511 597 588 667 quae
599 574 751 666 primaevi
762 571 916 667 conjugis
926 577 1040 668 ignem

222 684 386 776 Adspicit,
398 684 638 778 obstantesque
648 705 789 764 manus,
802 684 1004 779 turbamque
1017 701 1186 756 tenentem

222 796 347 878 Vincit,
360 783 397 862 in'
406 793 594 877 ardentem,
607 791 720 877 lioeet,
732 796 895 862 moriture
907 797 1087 864 maritum?

223 903 332 1000 Major
343 922 433 976 certe
444 905 510 974 illis
522 909 667 999 Superos
678 921 713 975 et
723 910 862 975 Tartara
874 907 1008 999 pulsem

223 1015 530 1086 Invidinzexternis
543 1018 644 1084 etiam
654 1016 845 1086 miserabile
856 1019 932 1085 visu
1189 1048 1222 1101 70

223 1131 339 1196 Funus
351 1143 432 1196 erat.
446 1125 510 1196 Sed
521 1149 584 1196 nec
594 1125 696 1196 modo
709 1151 745 1196 se
757 1131 883 1196 Natura
895 1126 1036 1209 dolenti,
1114 1163 1118 1174 ·

223 1240 293 1305 Nec
303 1241 411 1308 Pietas
422 1237 549 1334 injusta
560 1239 671 1308 dedit:
685 1237 769 1307 mihi
781 1239 897 1308 limine
908 1241 1019 1332 primo

223 1352 444 1433 Fatorum,et
455 1351 724 1444 viridigenitor,
735 1375 799 1421 ceu
809 1368 927 1446 raptus
938 1351 981 1420 ab
993 1374 1080 1432 oevo,

222 1464 362 1528 Tartara
372 1461 459 1530 dure
470 1462 580 1546 subis,
593 1486 656 1531 nec
668 1465 759 1531 euim
770 1461 983 1532 Marathonia
994 1465 1088 1554 virgo

222 1573 359 1640 Porcius
371 1575 574 1641 exstinctum
585 1597 753 1642 sevorum
765 1577 905 1641 crimine
915 1589 1086 1667 agrestum
1189 1585 1229 1654 7⁵·

223 1679 367 1750 Fleverit
378 1684 538 1765 Icarium,
551 1683 694 1777 Phrygis
706 1707 811 1778 quem
820 1698 914 1752 turre
924 1681 1100 1750 cadentem

222 1795 425 1886 Astyanacta
435 1816 557 1885 putens
569 1819 577 1860 :
590 1792 712 1893 laqueo
724 1795 807 1888 quin
819 1791 876 1862 ille
887 1817 1063 1886 supremos

223 1903 364 1973 inclusit
375 1907 518 1998 gemitus
531 1933 538 1972 :
551 1921 587 1974 at
597 1922 646 1990 te,
659 1921 737 2000 post
746 1897 866 1974 funera
877 1909 990 1999 magni

223 2015 391 2096 Hectoris,
404 2018 580 2084 Haemonio
590 2015 701 2108 pudor
711 2032 763 2084 est
774 2018 915 2085 servisse
925 2018 1057 2085 marito.

223 2128 299 2194 Non
311 2149 373 2219 ego
385 2151 470 2221 ques
481 2128 541 2197 fati
552 2144 664 2197 certus
675 2125 739 2197 eibi
750 2152 831 2196 voce
843 2153 965 2198 canora

223 2237 365 2307 Inferias·
373 2244 547 2333 praemittit
558 2239 644 2326 olor-3
656 2264 721 2309 nee
730 2265 815 2334 rupe
826 2240 918 2335 quod
929 2257 1001 2309 eon

222 2347 407 2443 Tyrrhenae
418 2352 571 2422 volucres
581 2353 694 2421 nautis
706 2350 876 2446 praedulce
887 2354 1060 2418 minentur

175 2551 260 2588 toeoa:
273 2536 678 2596 meliusietnd.Ciand.XXX111
757 2558 799 2610 7¹·
814 2545 865 2593 Pro
878 2540 966 2604 modo,
979 2536 1041 2590 edit.
1051 2555 1092 2608 pr.
1103 2535 1182 2596 mihi,
1196 2550 1222 2588 ct

176 2613 254 2685 Rept.
264 2617 336 2669 Proe.
346 2619 371 2685 1,
380 2618 470 2686 53,de
477 2622 579 2689 Parcis,
589 2644 600 2668 ι
609 2623 678 2672 Lon-
722 2622 759 2674 sic
775 2623 854 2673 etiam
871 2619 943 2690 opud
957 2617 1017 2670 cod.
1030 2617 1111 2668 Paris.
1128 2617 1172 2686 qui
1187 2613 1222 2666 ad

175 2709 264 2763 gnqne
271 2693 374 2748 ferretis
382 2697 506 2750 evolvunt
514 2698 607 2752 secula
615 2717 679 2770 pen·
721 2716 805 2769 marg.
812 2697 898 2750 modo.
905 2698 945 2749 cf.
954 2709 1010 2748 not.
1020 2694 1053 2747 ed
1059 2714 1084 2746 v.
1090 2694 1125 2763 69
1135 2695 1180 2745 fin.
1187 2695 1220 2745 A.

177 2769 283 2833 sia;.td
291 2776 676 2841 est,aenisstamtntbm,·0vid.
758 2791 800 2844 7²⁴
819 2776 899 2826 Forte
912 2771 1068 2846 legendum,
1085 2769 1154 2822 midi
1166 2779 1220 2823 rta-

176 2851 285 2906 Metam.
308 2855 366 2922 XV,
386 2858 452 2925 781,
472 2869 551 2908 vocet
572 2857 676 2910 «ferree
721 2851 793 2908 mine
802 2851 888 2924 primo
899 2851 1031 2908 Fatorum.
1044 2847 1110 2902 Vide
1121 2861 1178 2899 not.

177 2927 283 2984 decreta
297 2931 439 2986 Sororum:
450 2959 462 2982 ι
469 2935 557 3006 ferrea
561 2937 627 3008 jura
630 2933 678 3006 fa·
758 2947 800 3002 77.
819 2933 870 2982 Pro
881 2947 1025 3003 supremos,
1040 2938 1120 3000 prout
1133 2925 1222 2979 edide-

176 3019 263 3062 torum
273 3011 429 3079 Quintilian.
439 3013 514 3066 Deci.
524 3016 563 3081 X,
574 3033 634 3087 cap.
648 3015 677 3076 83
720 3023 783 3062 runt
796 3009 933 3062 Gevertius
947 3020 974 3059 et
984 3005 1151 3070 Gronovius,
1167 3022 1222 3056 otn-
1236 3046 1243 3053 .

170 3088 261 3162 ferrea
271 3091 363 3145 Clotho
372 3091 457 3146 Theb.
470 3094 519 3156 111,
529 3093 595 3157 556;
607 3108 634 3146 et
642 3095 677 3146 ei·
720 3107 768 3142 nee
778 3086 878 3140 hebent
888 3106 1018 3162 terpremo,
1029 3083 1104 3157 quod
1115 3082 1241 3136 defendit

176 3167 248 3224 milia
261 3172 370 3241 passim.
389 3173 419 3223 ln
436 3171 491 3225 MS.
505 3170 593 3224 Rhod.
610 3173 679 3226 Gro·
722 3168 912 3241 fecilepotestr
924 3167 972 3221 sod
981 3164 1074 3222 melius
1083 3179 1220 3233 supremos.

175 3248 272 3300 novius
279 3249 586 3320 invenitoeqwoarven.
596 3247 684 3301 hebet.
721 3277 758 3288 -
771 3245 836 3299 Cod.
851 3249 910 3300 Per.
925 3246 966 3300 ed.
982 3264 1021 3317 pr.
1038 3261 1098 3298 enni
1110 3243 1235 3307 oeterie„

176 3341 288 3397 quera.
302 3355 337 3364 -
352 3325 417 3378 Ced.
435 3327 516 3378 Paris.
530 3323 573 3376 ed.
590 3326 676 3398 princ.
721 3343 849 3398 werno.
868 3326 901 3380 A.

175 3421 250 3456 τινα.
269 3405 301 3456 Α.
757 3405 800 3473 78.
818 3407 869 3457 Pro
881 3413 911 3456 at
920 3412 956 3468 te,
968 3402 1035 3454 Ven·
1047 3403 1130 3452 Parni.
1144 3399 1234 3455 Rom..

212 3481 257 3538 65.
276 3482 344 3536 cod.
359 3485 439 3538 Puris.
455 3481 497 3536 ed.
515 3502 557 3556 pr.
577 3483 685 3556 trepido.
722 3495 748 3536 et
760 3499 852 3534 omnes
863 3493 890 3533 et
901 3492 932 3532 te.
943 3511 978 3520 —
987 3478 1035 3533 Ed.
1047 3479 1133 3549 princ.
1147 3487 1173 3528 et
1183 3489 1222 3539 te,-

176 3579 227 3634 pro
240 3563 337 3634 tepido.
352 3564 384 3614 Δ.
721 3573 751 3611 ut
770 3572 796 3612 et
809 3558 870 3611 cod.
885 3559 967 3612 Paris.
983 3558 1028 3630 qui
1045 3555 1080 3607 ed
1094 3573 1175 3625 marg.
1194 3565 1222 3607 tu

212 3641 256 3712 69.
275 3643 325 3692 Pro
340 3640 406 3706 illis,
417 3641 496 3713 vulgo
507 3641 580 3705 atii„
596 3643 677 3694 etiem
720 3656 771 3711 pro
782 3649 814 3691 te.
833 3642 864 3692 A.

178 3719 250 3792 epod
264 3719 325 3771 cod.
342 3721 423 3772 Paris.
440 3720 542 3772 eredit.
556 3740 596 3792 pr.
610 3719 676 3772 Vide
757 3735 799 3788 79.
818 3721 869 3770 Pro
882 3717 998 3783 senritse,
1010 3714 1072 3768 cod.
1084 3717 1142 3766 Per.
1155 3711 1219 3766 edit.

178 3810 235 3851 not.
257 3797 323 3850 Cod.
344 3798 425 3850 Paris.
442 3819 492 3871 pro
509 3813 589 3864 certe,
604 3797 678 3871 quod
721 3817 762 3870 pr.
774 3799 874 3852 servire.
891 3798 923 3850 A.

178 3877 260 3930 hehet
270 3879 296 3928 in
307 3890 444 3946 contextu,
456 3877 491 3930 ad
500 3896 582 3948 marg.
589 3877 676 3950 sorte,
758 3876 800 3931 eo.
819 3878 870 3929 Pro
884 3893 945 3928 ooee
958 3891 1068 3936 canoro,
1080 3874 1147 3923 Ven.
1160 3870 1221 3919 rar-

179 3970 206 4011 οι
218 3975 234 4008 e
246 3954 364 4010 secunda
375 3974 456 4008 menn
465 3955 550 4028 pubet
560 3975 611 4028 pro
620 3953 679 4027 pui-
722 3973 805 4008 ment.
818 3955 893 4007 Rom.
905 3953 951 4024 (nt
961 3967 988 4006 et
1000 3949 1060 4004 eod.
1073 3952 1130 4000 Par.
1141 3960 1166 3999 et
1177 3946 1219 3998 ed.

178 4055 238 4090 rem.
258 4037 289 4088 Δ.
722 4053 761 4106 pr.
775 4032 823 4104 A.)
834 4045 916 4087 morte
926 4049 1030 4086 canora.
