2844 4484
410 326 541 391 LIBRI
565 327 741 408 QUINTI
767 331 1019 394 SILVARUM.
1167 333 1232 398 603

192 454 300 518 Noster,
311 449 440 504 Thebaid.
453 452 493 516 X,
507 450 574 520 491:
593 471 603 496 a
614 453 647 504 Ni
662 453 803 522 Megareus
818 450 927 522 specula
938 451 1005 504 citus
1019 455 1188 509 exclamasset
1200 458 1234 510 ab

192 533 259 596 aits,
273 530 386 596 Claude,
398 530 477 599 vigih
488 531 602 584 subeunt
613 530 703 584 hostes
713 553 720 594 ;
731 555 742 577 ι
758 531 790 598 Q.
804 531 926 598 Curtius,
938 533 990 598 IX,
1001 550 1033 602 9:
1051 538 1131 590 atton
1146 550 1234 592 tamen

191 613 318 663 invictum
334 613 452 662 animum
468 627 537 662 cnrae
551 611 683 676 obruunt,
699 612 762 682 quin
778 623 834 662 tota
846 624 923 662 nocte
934 609 1084 682 presideret
1098 617 1125 665 in
1137 633 1233 686 specu-

191 690 260 753 lis;·
275 690 418 762 Apuleius,
429 691 535 742 Metam.
546 692 591 755 IV,
606 694 682 743 «Nee
691 694 767 763 juxta
780 690 938 761 quidquam,
949 707 1028 759 quam
1040 708 1119 761 parva
1128 695 1234 763 caenia,

192 771 311 825 cannulis
323 786 420 826 temere
433 783 568 834 contecta;
581 791 634 843 quo
647 771 827 842 speculatores
840 791 854 824 e
866 789 976 824 numero
988 769 1136 840 latronum,
1149 788 1179 825 ut
1190 794 1236 846 po·

192 867 247 906 stes
265 854 400 925 comperi,
419 867 488 908 sorte
507 852 582 904 ducti
599 852 723 906 noctibus
742 850 940 906 excubabant·
960 849 1037 904 Clare
1055 851 1128 905 vides
1146 854 1235 928 oiqiles

191 929 316 1002 speculas.
329 930 378 983 Vei
393 933 455 1003 quia
469 931 570 1004 ionibus
585 931 716 1004 perpetuis
728 932 865 984 nocturnis
883 932 1018 984 instructis
1035 945 1109 983 erant
1122 930 1162 983 hae
1179 952 1236 1004 spe·

191 1009 270 1072 culm
283 1012 329 1082 qui
341 1012 415 1080 ignes
428 1009 519 1085 viqiles
530 1010 666 1077 dicuutur,
678 1025 772 1084 utpote
784 1013 831 1083 qui
841 1029 978 1083 nunquam
989 1012 1124 1083 sopiuntur
1134 1029 1182 1064 seu
1194 1029 1236 1063 ex·

192 1093 375 1162 stinguuntur3
386 1090 465 1144 Ovid.
475 1091 496 1142 1²
498 1103 544 1143 ast
554 1094 604 1159 VI,
614 1093 663 1162 267
674 1115 680 1144 :
695 1097 794 1146 «Vesta
805 1092 897 1146 eudem
908 1105 960 1157 est,
973 1111 1031 1164 que
1039 1093 1134 1154 Terre;
1147 1092 1237 1144 subest

191 1170 253 1240 vigil
267 1171 335 1240 ignis
349 1171 492 1241 utrique„
508 1169 605 1239 idest,
620 1190 757 1243 nunquam
774 1175 920 1226 exstinctio.
935 1172 1050 1238 Statius,
1063 1169 1146 1224 Theb.
1161 1173 1236 1238 VIII,

194 1250 259 1302 266:
279 1273 291 1297 s
301 1253 460 1322 Incertoque
471 1252 560 1318 faces,
576 1253 663 1322 etjam
676 1253 745 1306 maie
756 1253 866 1324 pervigii
880 1253 946 1323 ignis
956 1274 985 1315 3·
1002 1251 1029 1304 id
1042 1265 1095 1320 est,
1107 1271 1183 1325 pone
1193 1271 1237 1305 ex·

191 1331 303 1385 stinctus.
318 1331 360 1383 Sic
371 1331 437 1404 viqii
445 1333 557 1386 custodio
567 1332 659 1386 Ciuud.
669 1336 743 1400 VIII,
755 1333 823 1399 324,
833 1332 865 1384 de
875 1333 909 1385 tv
919 1333 998 1386 Coos.
1012 1335 1113 1386 Houor.
1125 1347 1150 1386 ct
1159 1332 1235 1388 Ovid.

191 1413 300 1464 Metam.
311 1414 375 1481 XII,
389 1413 453 1479 148,
465 1424 605 1484 perpetuo,
617 1431 673 1485 qute
686 1433 739 1466 noo
749 1424 827 1468 cessat
832 1435 842 1473 ,-
851 1426 877 1465 et
886 1414 978 1466 similia
989 1416 1079 1466 muita.
1089 1416 1166 1488 Ignes
1174 1433 1236 1466 vero

192 1510 208 1542 e
217 1490 325 1561 speculis
337 1492 421 1545 elatos
435 1511 508 1558 esse,
523 1495 704 1546 notissimum:
720 1497 828 1560 Noster,
840 1492 926 1546 Theb.
941 1495 1005 1562 XII,
1020 1495 1086 1547 251:

377 1589 471 1644 Cernit,
480 1601 507 1635 ut
516 1591 622 1650 ingentes
630 1605 750 1635 murorum
759 1590 863 1651 porrigat
872 1588 965 1634 umbros

378 1662 490 1723 Campos,
500 1673 524 1708 et
532 1677 546 1708 e
555 1661 654 1724 speculis
663 1663 766 1710 moriens
776 1661 906 1708 intermicet
915 1662 988 1724 ignIs;

192 1759 291 1810 Lucan.
305 1759 356 1824 VI,
368 1775 433 1827 279:
449 1759 520 1810 «Vix
533 1759 621 1829 praeiit
635 1759 723 1812 Cesar
736 1760 872 1824 Senserat,
888 1757 969 1810 elatus
982 1757 1091 1832 specula
1104 1775 1160 1828 qnae
1173 1776 1237 1828 pro-

193 1837 259 1889 didit
272 1839 348 1910 ignis.
360 1861 371 1884 ι
387 1839 494 1890 Utrovis
508 1839 588 1908 igitur
601 1857 680 1891 sensu
697 1857 802 1906 sumas,
816 1838 981 1890 verissimum
996 1850 1035 1889 est
1049 1836 1138 1912 uiqiies
1150 1855 1237 1909 specu·

193 1915 238 1969 Ios.
254 1915 335 1984 Quod
347 1935 408 1968 vero
420 1919 548 1989 sequitur,
561 1917 717 1992 castellaque
728 1917 805 1994 Ιἱοηςο
816 1918 922 1990 aspicis,
937 1919 1000 1970 satis
1012 1917 1169 1969 ridiculum:
1182 1935 1237 1968 non

192 1997 263 2047 enim
280 1995 357 2069 lonqe
373 1995 474 2068 aliquid
490 1998 642 2068 aspicimus,
659 1997 706 2051 sed
714 1999 901 2070 prospicimus:
915 1997 1159 2071 caswiicqoe‘ionqe
1172 1997 1238 2048 Pro·

192 2075 280 2146 spicis;
295 2092 417 2128 exsensu
430 2075 531 2128 scilicet
544 2081 696 2145 communi,
712 2090 737 2130 et
748 2078 874 2148 Virgilio,
888 2082 945 2132 AEu.
961 2079 1013 2145 XI,
1027 2094 1094 2148 909:

376 2184 409 2228 dc
418 2181 488 2228 simui
497 2181 578 2230 AEneas
588 2183 703 2230 fumantes
712 2181 807 2248 pulvere
817 2199 910 2246 campos

378 2253 498 2316 Prospexit
507 2253 771 2317 ionge‚.hureutiaque
780 2255 870 2316 agmins
880 2255 951 2312 vIdit3

192 2351 267 2402 Nost.
276 2349 360 2402 Theb.
368 2352 400 2417 V,
409 2349 475 2420 589:
486 2374 498 2398 ι
508 2353 614 2405 modico
622 2372 702 2425 super
711 2373 805 2425 aggere
812 2353 891 2426 Iongc
901 2351 1000 2406 Paiiida
1011 2353 1160 2424 sanguineis
1170 2353 1237 2404 inie-

192 2442 248 2481 ctas
255 2431 357 2482 roribus
364 2429 593 2504 herbasProspicit
600 2455 610 2494 ‚·
618 2457 629 2480 n
638 2437 729 2485 Horat.
736 2436 785 2504 Ep.
792 2436 817 2500 I,
826 2451 867 2499 to,
875 2433 920 2499 23,
929 2455 940 2480 ι
948 2432 1134 2502 Laudaturque
1142 2429 1236 2482 domus

191 2509 286 2580 longos
299 2530 356 2582 quse
367 2513 497 2584 prospicit
510 2531 622 2582 agros„
636 2513 721 2566 Tacit.
734 2515 800 2564 Hist.
811 2517 844 2578 V,
856 2511 888 2564 6:
904 2536 915 2558 ι
925 2513 966 2563 Ab
980 2529 1091 2579 occasu,
1100 2511 1236 2564 Phoenices

191 2602 217 2643 et
226 2609 312 2642 mare:
325 2593 539 2662 septemtrionem
550 2611 565 2644 e
576 2591 658 2644 latere
670 2593 746 2664 Syriae
758 2591 836 2662 ionge
849 2605 1053 2662 prospectant.»
1068 2592 1108 2642 De
1120 2607 1237 2642 commu·

192 2671 292 2721 tatione
307 2669 400 2721 harum
412 2689 507 2722 vocum
524 2670 578 2721 diri
593 2672 678 2722 fusius
693 2669 728 2720 :sd
741 2672 779 2736 II,
795 2687 827 2736 2,
841 2689 865 2721 v.
879 2669 930 2734 453
944 2682 971 2720 et
981 2663 1040 2722 vide
1052 2669 1188 2720 Heinsium
1202 2667 1236 2719 ad
1316 2687 1322 2696 ·

192 2746 328 2800 Claudiam.
341 2749 380 2798 Pr.
394 2749 474 2802 Coos.
486 2747 587 2802 Stilich.
600 2749 639 2814 II,
652 2749 712 2801 253.
725 2750 802 2799 I‘otes
814 2752 893 2800 etiarn
902 2747 990 2818 quere
1002 2747 1080 2818 Ionqo
1089 2765 1137 2818 pro
1150 2745 1235 2818 Ionqc.

192 2829 330 2899 Sequitur:
346 2826 393 2879 ttte
409 2828 495 2880 dedit.-
512 2845 562 2898 pro
576 2845 632 2898 quo
646 2828 785 2893 IIeinsius,
799 2827 832 2879 ad
847 2825 948 2880 dictum
958 2825 1017 2878 vat.
1031 2827 1119 2878 FIacci
1132 2826 1236 2891 iocum,

191 2909 312 2979 reponit,
329 2907 463 2974 «insedit,
477 2909 610 2980 cinxitque
623 2907 679 2959 haec
693 2907 788 2958 moenia
803 2908 875 2959 fossa
884 2929 913 2968 μ
928 2925 1027 2978 quum,
1044 2907 1145 2977 inquit,
1160 2903 1235 2957 nihili

192 2989 225 3040 sit
239 2987 286 3040 itte
299 2988 377 3041 dedit.
393 2991 477 3048 Immo
493 3006 554 3040 vero
567 2988 714 3059 optimum,
730 3001 756 3038 et
770 2989 860 3040 sensui
873 2987 1060 3040 necessarium.
1076 2988 1236 3038 Moustrntor

192 3067 329 3122 Britannus
335 3069 456 3140 Crispino
465 3082 601 3122 enumerat
610 3067 740 3120 beneficia
747 3069 829 3138 patris
840 3071 897 3140 ejus
904 3065 997 3120 Bolani
1007 3068 1032 3118 io
1041 3055 1086 3120 cos
1094 3087 1099 3116 ι
1108 3064 1236 3133 Videsne,

191 3149 291 3220 inquit,
308 3151 370 3202 istas
382 3149 520 3222 specuias,
533 3150 581 3202 ista
594 3147 719 3202 castella?
738 3147 798 3216 itte,
812 3163 888 3221 pater
900 3160 976 3215 tuus,
995 3148 1071 3200 nobis
1088 3150 1137 3198 ista
1150 3145 1236 3210 dedit,

192 3241 219 3280 et
235 3231 317 3282 cinxit
334 3243 425 3284 nostra
440 3230 495 3283 haec
510 3232 605 3282 moenie
619 3231 706 3298 fosse,
725 3247 779 3301 quo
796 3229 829 3282 ab
845 3232 953 3282 incursu
967 3227 1084 3282 hostium
1101 3227 1152 3278 tuti
1166 3245 1235 3278 esse·

192 3327 258 3362 tuus.
271 3309 343 3364 Nihil
356 3311 471 3383 planius.
484 3309 564 3364 Dedit
576 3311 694 3378 castello,
707 3323 737 3363 ut
747 3311 839 3382 Virgii.
852 3313 910 3363 AEn.
923 3313 963 3377 X,
977 3327 1041 3364 eoo:
1060 3309 1133 3376 «Qui
1145 3327 1234 3362 muros

192 3395 334 3465 matrisque
347 3393 421 3447 dedit
434 3393 499 3459 tibi,
510 3395 637 3461 Mantua,
650 3411 787 3460 nomen51
804 3394 880 3446 Ovid.
893 3394 957 3446 Met.
972 3393 1041 3459 XIV,
1059 3409 1121 3462 172:

375 3499 444 3560 Quod
453 3499 549 3562 quuor,
560 3512 583 3546 et
592 3501 667 3563 spiro,
679 3499 805 3561 caelumque
814 3509 839 3546 et
847 3499 923 3547 sIdere
931 3496 985 3546 solit

376 3572 497 3688 gpspliectilq,
509 3573 639 3633 (possintne
650 3571 753 3630 ingratus
764 3583 787 3617 et
795 3572 917 3617 inmemor
926 3570 1008 3631 esaei)

404 3658 416 3687 e
479 3653 502 3696 t;

192 3736 304 3787 Martini.
319 3737 371 3804 IX,
385 3753 437 3805 cst,
451 3757 480 3790 21
492 3762 498 3790 :
515 3740 646 3811 n'I'cmpla
655 3741 730 3804 Deo,
742 3758 828 3791 mores
844 3739 951 3812 populis
964 3736 1051 3799 dedit,
1065 3739 1118 3788 otia
1131 3737 1231 3788 forro.-

192 3814 264 3866 Nihii
276 3818 355 3886 igitur
367 3820 529 3904 mutapdum.

229 3961 287 4026 148.
306 3961 387 4012 Hunc
401 3962 453 4034 ipse
467 3963 617 4014 vocantibus
633 3964 711 4014 annis
726 3963 824 4014 Induit.
841 3963 911 4016 Idem
928 3965 1050 4016 Heinsius
1064 3961 1097 4014 nd
1111 3958 1231 4012 cumdem

192 4041 278 4093 Iocum
293 4040 379 4093 Vuicr.
394 4041 497 4106 Flacci,
508 4047 541 4106 V,
555 4043 622 4110 536,
634 4042 710 4112 Iegit,
728 4043 819 4094 altune
832 4046 902 4114 ipse,
917 4042 1072 4096 vocantibus
1085 4043 1179 4105 armIs,
1191 4041 1233 4092 Io·
