2776 4484
176 280 237 358 rol
349 275 484 340 NOTAE
509 275 557 337 ΙΝ
582 272 779 338 GARMEN
804 272 1035 340 TERTIUM

170 423 226 456 nou
238 413 353 456 servum:
367 415 393 453 et
406 404 442 452 ita
455 399 561 473 quidem
574 399 642 452 bene
653 400 788 470 scripsisse
802 400 903 470 potuit,
917 413 943 450 et
955 402 1064 453 minime
1077 414 1117 454 est
1127 415 1214 454 sunts-

170 487 221 550 tio,
233 503 263 536 es
275 492 365 536 eruant
373 483 462 534 facere
474 491 568 534 ornant
573 501 582 541 ,·
595 478 642 532 sed
654 498 708 531 nou
717 497 785 550 opus
797 491 849 540 est;
862 479 988 551 quicquid
1001 482 1070 533 enim
1082 482 1109 534 iu
1122 481 1215 553 aliquo

169 564 231 616 loco
240 565 414 634 posituruest‚
422 560 622 612 diciturservare
630 560 708 610 istum
717 557 813 611 locum.
826 561 900 610 Nost.
910 558 993 611 Theb.
1001 561 1051 627 IX,
1062 561 1123 631 467,
1137 579 1216 613 «car-

169 647 209 714 pit
218 656 309 715 putres
320 643 449 694 servantia
461 641 531 710 ripas
543 637 664 690 Arbusta.
676 662 687 685 ι
700 641 772 709 Virg.
782 640 877 710 Georg.
890 639 935 706 IV,
947 639 1012 708 458,
1026 640 1060 693 de
1072 641 1215 715 Eurydice:

355 738 481 782 lmnanesn
490 747 543 782 ante
552 735 625 795 pedes
634 733 732 799 hydrunt
743 735 853 780 moritura
862 733 941 796 puelle

355 809 487 854 Servsnsem
496 807 558 868 ripas
567 805 611 852 alta
621 821 669 851 uon
678 805 735 851 vidit
744 805 768 850 in
778 804 850 851 herba
856 823 863 862 ;

171 914 196 952 et
210 902 246 951 ita
258 900 357 970 passim
370 897 501 951 omnibus.
512 927 548 938 —
559 899 684 948 Praeterea
699 895 834 949 notandus
845 895 948 948 videtur
959 914 1022 949 usus
1033 898 1107 950 verbi
1119 896 1218 950 alumi

171 998 221 1051 pro
235 979 310 1030 ambo
322 991 348 1031 et
361 990 476 1050 utenroe,
494 978 605 1028 maxime
621 976 694 1047 apud
709 978 871 1030 recentiores
884 978 1025 1048 scriptores
1040 976 1147 1042 obvius,
1162 995 1217 1031 uec

172 1074 261 1112 tamen
273 1077 288 1112 a
300 1061 360 1111 siris
373 1058 458 1110 doctis
470 1059 532 1110 satis
543 1069 706 1129 perspectus.
726 1059 808 1109 Hsrn.

208 1219 249 1271 ²9·
269 1201 321 1252 Hic
340 1211 436 1251 eterna
454 1199 536 1269 quies,
560 1210 609 1248 etc.
632 1197 709 1248 Hunc
728 1199 806 1248 etiam
827 1195 918 1249 locum
938 1197 1060 1250 exscribit
1078 1198 1216 1251 Ausonius

173 1280 283 1333 Mosella
297 1299 321 1330 v.
339 1295 403 1348 292:

354 1378 410 1423 Non
418 1375 456 1422 bic
465 1374 515 1421 dira
525 1375 578 1422 freti
588 1375 676 1431 rabies,
686 1390 734 1421 nou
744 1391 801 1421 sarra
812 1375 930 1422 furentum

356 1445 434 1492 Ptelia
445 1447 588 1492 caurorum:
599 1444 651 1490 licet
659 1443 698 1490 bic
708 1448 844 1492 commercia
853 1447 937 1508 bagnae

358 1519 473 1578 iungere,
483 1527 507 1563 et
515 1515 604 1562 alterno
613 1530 745 1562 sermonem
754 1528 832 1562 texere
842 1515 918 1579 pulsu.

358 1587 442 1634 blanda
452 1585 583 1634 salutiferas
591 1587 733 1648 permiscent
741 1585 807 1632 litora
817 1601 897 1642 voces,

359 1661 387 1704 Et
396 1673 465 1706 voces
474 1669 498 1704 et
506 1672 573 1720 pune
583 1672 673 1704 manus.

173 1749 283 1819 Egregie
296 1747 416 1819 quidem,
430 1748 452 1797 si
463 1747 520 1796 eine
532 1742 641 1797 mendis.
655 1747 726 1815 Lege
737 1744 889 1818 salrrtiqeras
900 1765 984 1813 voca,
996 1761 1025 1800 ut
1037 1749 1121 1818 Epist.
1133 1747 1218 1812 XXV,

174 1828 315 1902 Salutiqeri
329 1825 412 1878 libelli
417 1847 426 1886 ‚-
441 1823 491 1876 alia
505 1841 547 1876 res
560 1836 599 1876 est
610 1824 764 1896 salutiferas.
779 1825 898 1894 Deinde,
909 1837 935 1878 et
948 1828 1028 1894 υἰςιιε,
1042 1839 1068 1880 et
1074 1847 1150 1901 poene
1160 1847 1220 1878 mu·

175 1927 237 1975 nus,
253 1919 327 1979 patet
343 1925 374 1958 ex
391 1922 470 1956 sensu
484 1917 511 1956 et
524 1905 644 1956 locorum
659 1908 866 1976 comparatione.
878 1907 935 1958 Nec
947 1907 1015 1960 male
1027 1909 1049 1959 si
1060 1925 1109 1979 pro
1119 1909 1220 1979 penni-

175 1998 245 2040 scerst
256 1987 333 2039 litora
345 2003 430 2052 voces,
442 1982 513 2054 legas
523 1985 694 2055 pemittant,
707 2004 738 2036 ex
750 1985 867 2037 Statiano
880 1985 963 2040 datter.

211 2142 254 2194 31.
273 2139 318 2194 Sic
333 2138 562 2216 Chalcidaflucttrs
575 2139 808 2219 expelluntfluvt‘i.
822 2141 1015 2193 Tenebricosus
1029 2139 1119 2208 locus,
1133 2145 1222 2213 inquit
1286 2141 1293 2152 “

176 2223 343 2286 Bernartius,
358 2233 384 2272 et
399 2218 527 2272 addubito
541 2239 606 2272 num
621 2238 709 2274 sanus.
727 2223 812 2290 Pergit
828 2217 939 2286 deinde,
955 2233 982 2271 et
995 2220 1136 2272 confundit
1149 2221 1222 2272 hanc

179 2300 304 2354 Chalcida
317 2300 420 2353 Euboeoe
433 2299 538 2366 urbem,
550 2319 611 2352 cum
624 2299 784 2354 Chalcedone
797 2298 830 2352 ud
842 2303 987 2371 bosporum
999 2299 1142 2352 Thracium
1153 2318 1169 2351 e
1181 2319 1223 2354 re·

177 2384 256 2453 gione
270 2383 398 2452 Byzantii:
413 2381 507 2432 merito
520 2381 555 2432 ob
566 2380 619 2433 boc
630 2393 737 2434 notatus
750 2380 897 2432 sGesartio
910 2380 981 2433 Lect.
994 2381 1084 2451 Papiri.
1098 2397 1157 2452 cap.
1171 2383 1222 2448 2⁵,

177 2464 223 2533 qui
232 2474 320 2513 tamen
329 2459 362 2513 de
374 2459 470 2512 mendo
482 2479 537 2511 non
550 2462 676 2532 suspicari
687 2461 798 2527 videtur,
811 2473 838 2512 et
847 2459 1075 2537 explicat,fluctus
1085 2459 1224 2532 eapellunt

180 2540 316 2604 Chalcida,
331 2539 359 2590 id
373 2553 429 2606 est,
445 2540 574 2592 divellunt
587 2554 613 2593 et
625 2541 793 2612 disjungunt:
809 2555 848 2608 et,
853 2542 953 2618 fluctus
967 2539 1011 2592 hic
1025 2539 1154 2610 adjective
1160 2541 1222 2617 flu-

179 2622 232 2673 rior
242 2618 371 2691 appellat,
384 2617 410 2670 id
422 2633 475 2686 est,
487 2622 532 2690 qui
545 2623 640 2693 septies
654 2621 687 2674 de
698 2621 741 2674 die
755 2641 785 2674 ac
796 2636 875 2675 nocte
887 2621 972 2674 fluunt
983 2619 1158 2692 refluumque.
1169 2619 1223 2673 Sed

178 2701 306 2770 primurn,
319 2697 447 2769 expellere
459 2719 513 2751 non
526 2713 567 2752 est
577 2701 701 2754 divellere
714 2715 740 2754 ct
750 2702 916 2775 disjungere,
927 2700 974 2753 sed
985 2703 1115 2773 proJicere
1125 2715 1152 2752 et
1162 2720 1225 2772 pro-

178 2778 294 2830 trudere.
305 2777 371 2829 Plin.
382 2781 448 2830 Hist.
459 2779 520 2831 Nat.
531 2783 575 2846 IV,
589 2798 634 2847 ra,
647 2780 767 2836 decreta
777 2783 905 2855 inquens:
921 2780 977 2833 aad
987 2781 1151 2833 occidentem
1160 2783 1224 2834 Criu

179 2872 305 2930 metopon
316 2857 397 2928 (lipsi
405 2854 529 2930 pierres)
540 2861 655 2934 Cyrenas
664 2881 756 2915 sersus
767 2862 887 2935 expellit3
898 2886 908 2910 ι
921 2863 1011 2930 idest,
1022 2863 1142 2934 projicit,
1152 2864 1225 2914 eruit·

180 2939 224 3002 tit3
239 2957 307 3003 non,
322 2952 440 3009 separat:
456 2953 482 2990 ct
496 2942 531 2990 ita
545 2945 645 3012 passim
659 2943 685 2994 in
700 2942 891 3015 Geographicis
904 2942 1009 2995 Plinius.
1022 2943 1151 3013 Projicere
1161 2961 1224 2993 vero

182 3017 307 3070 Chalcida
321 3036 374 3069 non
389 3032 565 3089 congruenter
577 3021 629 3074 dici
643 3035 733 3093 potest
743 3026 833 3075 sensui
844 3023 923 3092 hujus
936 3022 1002 3086 loci,
1015 3019 1061 3070 ubi
1072 3019 1105 3072 de
1118 3039 1226 3090 separa-

179 3099 252 3147 tione
264 3093 385 3148 locorum
399 3099 548 3152 interventu
562 3119 692 3173 aquarum
706 3119 792 3153 sermo
807 3115 855 3153 est.
871 3103 926 3152 Nec
939 3099 1031 3150 melius
1044 3098 1181 3150 Gerartius
1194 3102 1223 3151 in

181 3173 263 3227 altera
272 3177 445 3253 vocc‚fluvii.
456 3179 522 3248 Quis
533 3183 602 3234 enim
612 3199 730 3252 unquam
739 3182 876 3250 usurpavit
886 3176 1086 3252 vocenrfluvius
1095 3177 1225 3247 adjective

181 3268 208 3306 ct
219 3273 268 3326 pro
281 3255 414 3327 epitheto?
424 3271 450 3309 et
462 3261 483 3311 si
496 3261 613 3332 exempla
625 3259 736 3329 hujusce
749 3277 811 3310 usus
824 3259 967 3329 proferret,
980 3273 1057 3307 sures
1067 3269 1153 3306 tumen
1164 3274 1224 3310 eru·

181 3334 241 3386 ditae
253 3353 306 3388 non
319 3337 416 3389 ferrent
427 3341 504 3391 istam
516 3341 746 3410 conjunctionem,
749 3337 831 3413 fluvii
835 3339 944 3414 fhrctus.
956 3335 1040 3386 Sensit
1051 3332 1103 3384 boc
1116 3334 1226 3404 praecla-

181 3415 296 3467 rissimus
315 3417 348 3468 N.
364 3419 501 3486 Heinsius,
522 3421 566 3490 qui
580 3417 614 3470 ed
630 3416 768 3471 Claudias.
782 3435 843 3488 pag.
859 3413 907 3483 43,
922 3415 1000 3485 legit,
1017 3413 1080 3466 asic
1097 3413 1225 3467 Chalcida

181 3491 276 3546 fluctus
291 3496 450 3568 Dispescunt
465 3496 574 3560 reflui3s
591 3496 705 3569 probum
719 3493 824 3566 quidem
836 3492 902 3560 hoc,
918 3506 944 3545 et
958 3493 1064 3544 nornine
1078 3493 1224 3546 Heinsiano

181 3573 304 3645 dignum
317 3575 378 3630 licet
389 3593 450 3630 ante
462 3597 521 3630 curn
534 3578 652 3630 Cruceus
664 3579 809 3647 conjecerit
821 3576 902 3648 reflui.
916 3575 1067 3645 Dispescunt
1082 3590 1135 3638 est,
1148 3593 1225 3646 seps·

181 3669 249 3707 rant.
262 3655 326 3709 Plin.
339 3659 404 3710 Hist.
418 3661 479 3710 Nat.
490 3659 523 3722 V,
534 3674 565 3725 9,
580 3656 613 3708 de
624 3655 701 3708 Nilo:
719 3655 802 3708 elude
815 3658 930 3709 Africam
942 3655 976 3707 ab
989 3652 1120 3727 AEtbiopiu
1133 3655 1224 3728 dispe·

181 3754 273 3804 scens,
282 3752 332 3791 etc.
344 3761 354 3783 ι
368 3739 460 3788 Festus
471 3737 561 3788 Avien.
573 3738 637 3792 0rb.
651 3735 740 3788 Descr.
752 3756 776 3786 v.
793 3738 873 3807 1295,
889 3737 922 3791 de
934 3736 999 3790 Indo
1012 3735 1128 3790 flumine.
1140 3737 1225 3814 fl⁰fl¹¹⁶

173 3815 286 3890 fluctus,
299 3818 333 3868 ita
345 3812 430 3866 Theb.
441 3813 502 3877 Vll,
514 3813 580 3880 3343
593 3815 726 3867 Ausonius
738 3815 871 3886 Epigram.
882 3816 925 3869 111.
938 3817 970 3868 Ει
980 3829 1081 3879 tamen,
1094 3830 1122 3867 ut
1133 3833 1224 3866 rerum

183 3895 280 3962 fatear,
299 3895 332 3945 de
351 3906 462 3964 utraque
482 3909 559 3964 parte
579 3897 727 3948 Heinsianu
746 3894 934 3949 emendationis
951 3895 1088 3958 addubito.
1111 3897 1225 3946 Primum

183 3977 252 4026 enirn
268 3974 349 4026 levior
363 3969 427 4024 nihi
442 3973 546 4028 videtur
560 3975 702 4044 medicina,
721 3979 757 4042 si,
777 3978 871 4029 minori
888 3976 1046 4042 mutatione,
1060 3973 1144 4043 legas,
1161 3996 1172 4018 ι
1182 3971 1223 4024 Sic
