2858 4492
173 331 239 398 270
366 305 502 370 nonu
528 306 577 368 tu
601 291 800 372 clutton
824 307 1027 374 snxruu

171 433 284 503 genitrix
297 449 405 496 omno,
421 447 452 482 ex
465 431 618 501 Propertio,
631 429 667 495 11,
682 445 713 498 9:

356 529 405 576 Neo
415 543 463 574 non
474 521 601 574 ennimem
610 527 755 590 amplectens
762 527 846 575 briseis
854 525 967 575 Achillem

388 598 492 647 Candida
500 613 587 647 sessos
595 599 844 646 verbex-xtoexmeott:

173 699 265 753 Senee.
277 700 355 751 Herc.
368 697 430 750 OEt.
444 715 468 748 ι.
485 697 566 767 ι930,
578 697 624 749 ubi
635 695 764 749 Alcmena
774 695 808 750 de
821 699 906 770 seipse
919 696 1053 770 loquitur:

420 792 510 849 Pallor,
522 793 604 850 fallor,
614 809 698 839 reeens
708 809 808 858 parens,

421 867 471 912 Nec
480 877 503 911 te
512 880 593 913 menes
602 865 737 929 umbraeque
746 865 840 922 timent,
851 876 896 912 etc.

172 965 206 1018 Et
216 964 270 1016 boe
279 965 350 1032 ¹forte
361 963 462 1028 verius,
473 975 585 1033 propter
596 975 752 1033 perpetuom
765 961 821 1014 fere
832 962 1008 1014 mutationem
1018 963 1155 1020 literanum
1166 969 1186 1020 B
1198 983 1226 1021 et

172 1043 217 1094 V:
233 1043 362 1107 tivuceva,
382 1059 431 1112 pro
451 1041 498 1092 tibi
512 1058 594 1106 sceva,
612 1059 708 1112 purum
720 1039 812 1092 differt
826 1057 841 1092 u
856 1059 958 1094 vesana.
979 1043 1019 1096 lte
1037 1063 1101 1098 uerte
1117 1047 1227 1100 merenti

171 1141 221 1194 pro
236 1123 298 1176 bene
303 1162 312 1190 ,
329 1119 658 1193 spudlleiuee.1usoript.
678 1139 706 1192 p.
724 1119 793 1188 543,
812 1121 877 1172 bixit
893 1133 921 1172 et
936 1119 1032 1195 bipints’
1047 1126 1181 1195 prostitit
1198 1140 1225 1180 et

172 1203 280 1276 viqinti,
296 1222 323 1274 p.
337 1218 398 1272 901.

207 1347 251 1418 93.
269 1347 322 1399 Sed
336 1358 361 1398 et
378 1347 430 1418 ipse
442 1347 525 1416 juvat.
542 1347 604 1397 Hoc
618 1344 716 1412 verba,
735 1364 846 1417 quorum
863 1365 968 1399 sensum
984 1362 1009 1399 et
1026 1351 1222 1404 connexionem

172 1447 233 1480 cum
242 1423 453 1499 precedentibus
466 1437 512 1476 aut
521 1423 744 1496 subsequentibus
754 1424 907 1478 nullatenus
917 1425 1008 1494 video,
1021 1430 1223 1500 corruptissima

171 1521 247 1580 puto.
263 1507 376 1557 Fruatur
387 1505 418 1556 iis
433 1505 565 1570 Croesus,
582 1503 628 1576 qui
643 1522 694 1576 pro
699 1508 780 1576 juvat
793 1502 856 1575 legit
862 1506 947 1576 juvo.-
961 1519 987 1556 et
999 1503 1085 1572 addit,
1100 1531 1111 1553 ι
1122 1508 1223 1562 Sensus

171 1603 294 1662 opertus:
311 1585 378 1638 nihil
395 1585 501 1658 quidem
518 1587 653 1658 acceptius
669 1585 771 1638 umbris
788 1604 866 1657 quem
883 1589 1012 1657 gemitus,
1027 1588 1073 1640 sed
1087 1602 1175 1641 tumen
1191 1605 1222 1643 tu

171 1689 228 1737 eas,
241 1671 322 1734 Urse,
338 1684 388 1738 pro
403 1665 470 1717 virili
477 1668 562 1738 juva,
580 1667 600 1716 i.
618 1684 640 1716 e.
662 1663 785 1730 subleva,
805 1662 891 1718 dolori
905 1664 1067 1734 resistendo,
1082 1687 1116 1720 ne
1133 1687 1224 1722 cerum

171 1747 247 1802 Pileti
263 1747 384 1800 umbram
403 1745 485 1796 nimio
504 1743 578 1797 luctu
597 1744 728 1796 offendes.
744 1745 812 1795 Huic
833 1743 943 1797 lectioni
960 1746 1051 1797 levent
1069 1750 1225 1819 sequentia,

173 1829 242 1899 Quid
259 1840 329 1899 terqo
343 1823 442 1889 dolori,
461 1823 534 1888 Urse,
552 1825 659 1876 doinus?
675 1837 749 1876 etc.»
765 1822 854 1876 Nihilo
873 1824 967 1878 melius
986 1826 1075 1878 adbuc
1093 1827 1223 1899 intelligo.

170 1911 223 1961 Diu
240 1927 283 1960 me
302 1907 379 1958 torsit
391 1903 435 1956 bic
450 1902 541 1970 locus,
560 1915 587 1955 et
600 1901 815 1975 desperaveram
830 1903 878 1956 sed
891 1907 948 1975 jam
964 1925 1057 1960 verum
1071 1909 1177 1976 inveni,
1193 1923 1225 1960 ut

172 1989 276 2062 opinor.
291 1983 434 2038 Procedit:

355 2082 385 2128 Et
393 2078 482 2126 domini
491 2076 560 2124 fletos
569 2093 575 2123 τ
584 2077 629 2125 bos
638 2089 728 2125 tantum
736 2077 836 2127 beurere
845 2079 941 2138 larissn,

355 2153 405 2200 llos
413 2150 472 2198 bibit
481 2165 555 2214 usque
565 2165 647 2214 rogum
658 2167 702 2198 nec
711 2151 775 2215 quod
786 2153 828 2197 tihi
838 2153 898 2200 Setia
908 2168 978 2201 oenoe

355 2223 468 2268 Rettinxit
477 2221 579 2276 cineres,
589 2221 677 2283 gremio
687 2235 730 2266 nec
739 2220 843 2268 lubricos
852 2237 902 2268 ossa

357 2294 426 2356 Quod
438 2290 528 2339 reflavit
537 2307 609 2355 onyx,
621 2294 710 2338 miseris
720 2295 837 2354 acceptius
847 2292 943 2339 umbris.

170 2399 229 2450 Huc
240 2414 325 2468 usqne
336 2394 438 2448 luctum
450 2405 477 2446 et
488 2391 617 2464 lacrymas
626 2393 686 2444 Ursi
697 2389 838 2446 deton'bit:
849 2391 973 2448 bortatur
982 2393 1078 2448 debinc
1090 2395 1179 2466 illum,
1192 2411 1222 2452 ut

171 2479 291 2549 seipsum
304 2477 387 2548 erigut
402 2487 428 2526 et
442 2472 562 2526 dolorem
576 2473 706 2529 excutintt

355 2575 420 2636 Quin
428 2574 526 2635 fluibus
534 2571 626 2620 sedxsee
636 2570 688 2632 (rel
696 2571 792 2630 sedere)
799 2573 880 2634 juset?
887 2573 946 2637 qnid
955 2587 1020 2637 teme
1028 2575 1118 2634 dolon,

355 2644 536 2766 3332,in
544 2644 603 2708 quid
611 2643 695 2694 damus
705 2645 784 2694 lova?
794 2659 818 2692 et
824 2659 921 2709 plectere
929 2649 1012 2712 iniquo

172 2809 243 2880 Quin
256 2819 296 2862 est
313 2807 440 2862 hortantis
455 2825 516 2862 cum
530 2808 751 2880 interrogatione,
766 2808 837 2864 idem
851 2808 926 2881 quod
938 2819 1106 2878 atrorem,
1121 2809 1160 2864 vel
1172 2829 1223 2866 oter

170 2907 234 2942 ιιοιι.
249 2889 323 2960 V'ng.
338 2886 386 2942 eol.
402 2888 439 2952 11,
454 2904 500 2956 7¹²

356 2983 418 3042 Quin
428 2993 453 3027 tu
462 2979 550 3044 aliquid
559 2979 652 3040 saltem,
661 2986 736 3046 potior
743 2999 842 3046 quorum
852 2984 942 3047 intliget
950 2999 1018 3042 uu,

357 3052 488 3100 viminibus
496 3049 609 3114 mollique
618 3067 687 3116 pares
696 3052 805 3100 detexere
812 3055 902 3116 juneo?

170 3153 208 3202 lto
226 3149 365 3220 legendum
380 3162 447 3221 puto
464 3166 512 3220 pro
528 3147 622 3219 potita.
635 3147 749 3215 Gellius,
763 3151 797 3202 N.
810 3150 842 3201 A.
855 3153 891 3216 11,
909 3168 956 3204 ot:
974 3153 1080 3220 eQuin,
1095 3152 1220 3225 inquom,

170 3249 231 3296 soe,
241 3232 334 3300 Opici,
346 3229 433 3284 dicitis
446 3229 526 3296 mibi,
540 3247 640 3299 quare,
654 3242 704 3282 etc.
715 3253 727 3277 ι
740 3233 776 3282 ito
789 3229 944 3303 legendum,
958 3233 1054 3305 vulgo:
1071 3233 1151 3304 Quid,
1165 3246 1218 3286 etc.

171 3311 239 3382 Quint
249 3311 334 3364 dicitis
343 3325 383 3364 est
391 3329 440 3365 cur
447 3331 499 3364 non
511 3310 609 3378 dicitis,
619 3311 830 3382 exprobratoriet
842 3314 889 3368 sed
898 3313 1044 3370 admodum
1053 3314 1218 3388 probabilem

169 3389 234 3442 feeit
243 3389 313 3444 hone
322 3393 501 3462 conjecturum
511 3390 587 3444 loeus
596 3389 689 3444 similis
699 3393 726 3442 in
736 3390 846 3445 Glaucia
855 3394 918 3448 ttel.
931 3413 956 3445 ιι.
968 3395 1034 3461 208,
1047 3395 1074 3446 in
1084 3415 1112 3448 re
1121 3412 1219 3464 nempe

169 3465 264 3520 simili:
284 3467 376 3534 «Quin
393 3481 421 3518 to
434 3471 490 3539 jorn
506 3467 616 3520 vulnere
631 3468 718 3536 sedas,
734 3471 768 3520 Et
784 3470 856 3524 tollis
873 3490 989 3524 mersum
1005 3473 1080 3527 luctu
1097 3477 1216 3546 eaput?-

168 3549 264 3602 Omnie
275 3547 330 3600 fere
343 3546 436 3599 eedem
447 3547 531 3601 vides.

202 3680 246 3751 95.
269 3679 319 3730 Ubi
330 3689 392 3731 nota
403 3680 450 3731 reis
457 3679 590 3751 facundia
604 3679 701 3750 raptis?
711 3681 775 3732 Non
789 3681 923 3753 explicent
934 3685 1095 3756 interpretes
1108 3687 1218 3758 quintum

167 3763 220 3814 sint
229 3759 257 3812 bi
269 3759 307 3810 rei
315 3757 398 3830 rupti,
407 3757 539 3829 intelliges
549 3777 611 3810 vero
622 3777 653 3810 ex
662 3759 723 3812 loco
733 3758 837 3812 Seneca
847 3761 881 3814 de
892 3765 1017 3816 brevitet.
1029 3765 1102 3832 rito,
1114 3783 1173 3836 cop.
1185 3765 1220 3832 6,
1315 3777 1320 3786 “

167 3845 201 3900 tle
211 3846 285 3900 Livio
299 3844 402 3896 Drosor
418 3846 526 3896 ιΔιιιιιι
542 3844 612 3894 enim
626 3855 652 3893 et
665 3843 783 3915 pupillus
797 3845 885 3900 etlhuo
899 3862 927 3902 et
939 3863 1111 3921 pretextatus
1119 3849 1223 3920 judici-

167 3924 216 3978 bus
227 3941 288 3976 reos
297 3921 495 3987 commendere,
506 3935 534 3973 et
542 3921 650 3991 pretim
660 3939 736 3975 susm
747 3925 807 3976 foro
817 3927 988 3997 interponere
999 3941 1052 3980 tem
1062 3929 1222 3996 efficaciter,

166 4017 196 4056 stt
206 4000 326 4076 qaedam
337 3999 435 4071 judicie
446 4013 549 4053 constet
561 3997 595 4050 eb
604 3997 651 4052 illo
663 4016 747 4074 raptu.
759 4027 771 4054 s
785 4007 821 4059 Ut
824 4005 942 4078 perdicio,
955 4009 992 4062 itu
1006 4009 1043 4060 rei
1054 4009 1114 4078 tupi
1123 4007 1223 4062 ‹liutm-
