2804 4490
214 325 273 410 178
457 319 491 376 ι).
518 315 552 374 r.
579 309 732 376 srtrn
758 309 1002 374 srnvnnun

252 445 471 537 Brachioque,
484 457 518 509 et
529 459 705 531 nunquam
715 434 844 504 domini
858 437 930 506 siue
941 435 1092 528 pondere
1104 441 1233 506 cervix?

251 567 281 628 0
292 560 350 628 ubi
361 570 512 623 venturae
524 575 603 644 spes
614 573 683 617 non
695 548 880 643 longinqua
888 544 1053 639 juvente,

250 680 360 766 Atque
371 670 465 761 genis
477 681 612 758 optatus
625 664 750 746 honos,
759 661 939 754 jurataque
951 658 1098 726 multum

250 780 447 849 Barbatibi?
458 792 578 844 cuncus
591 777 625 841 in
637 777 765 841 cineres
778 775 887 864 gravis
899 771 1015 838 intulit
1026 770 1126 852 hora,

250 890 456 985 Hostilisque
468 885 667 955 dieszuobis
679 885 873 952 meminisse
885 881 1048 950 relictum.
1217 893 1247 946 55

296 1006 378 1088 Quis
391 1018 449 1067 tua
461 998 635 1091 colloquiis
647 995 762 1063 hilaris
774 993 936 1064 mulcebit
948 995 1065 1060 emetis

251 1118 406 1184 Pectora?
418 1115 493 1206 quis
505 1133 619 1192 curas,
633 1111 822 1202 mentisque
834 1129 956 1173 arcane
968 1107 1134 1172 remittet?

192 1227 196 1232 ’
250 1230 438 1293 Aooensum
452 1223 527 1314 quis
538 1217 605 1289 bile
616 1219 702 1301 fera,
715 1214 919 1310 famulisque
930 1211 1115 1282 tumentem

251 1340 380 1419 Leniet,
393 1334 591 1427 ardentique
604 1335 638 1398 in
650 1355 687 1398 se
699 1330 854 1398 deflectet
867 1328 909 1396 ab
921 1332 990 1396 ire?

251 1452 404 1537 lnceptas
417 1445 493 1537 quis
506 1442 548 1509 ab
560 1463 618 1509 o1e
629 1441 750 1532 dapes,
763 1439 934 1533 libataque
946 1441 1025 1507 uiue
1217 1449 1249 1500 do

250 1555 402 1636 Auferet,
416 1571 449 1621 et
461 1551 551 1620 dulci
564 1551 711 1619 turbabit
723 1569 844 1624 cuncte
857 1554 994 1644 rapine?

250 1668 332 1751 Quis
344 1667 527 1731 matutinos
540 1664 719 1754 abrumpet
730 1685 906 1728 murmure
918 1681 1055 1729 somnos

252 1777 434 1868 impositus
447 1777 574 1850 suetis,
587 1773 766 1867 abitusque
778 1773 966 1840 morabitur
975 1772 1074 1836 arctis

251 1883 515 1976 Nexibus‚'eque
527 1887 601 1974 ipso
613 1882 783 1950 revocabit
795 1884 836 1951 ad
849 1881 962 1951 oscula
976 1885 1090 1974 poste?

206 2114 322 2174 affirmo,
341 2115 385 2166 ubi
402 2113 484 2166 lacten
504 2097 587 2176 colla,·
603 2116 705 2179 qlumin
751 2116 843 2172 tudine
853 2121 896 2167 est
907 2136 923 2166 a
933 2128 959 2167 et
971 2125 1008 2180 et,
1022 2131 1080 2183 que
1089 2111 1182 2163 eodem
1195 2111 1252 2162 fere

204 2193 256 2244 hoc
272 2212 302 2244 ex
318 2194 349 2244 iis
369 2211 428 2263 quac
446 2191 600 2266 precedunt
618 2208 644 2246 et
663 2211 705 2264 ser
750 2198 831 2250 modo
844 2196 1009 2257 scribuntur;
1021 2193 1157 2266 bilefera,
1170 2205 1200 2246 ut
1213 2212 1254 2242 ra·

205 2285 334 2344 quuntur:
346 2271 707 2344 rubicundorsullususpur·
750 2276 793 2328 bie
801 2275 862 2346 fera
876 2272 995 2338 Catullo,
1011 2274 1127 2323 carmine
1139 2271 1172 2322 de
1187 2275 1253 2343 eq,

204 2372 288 2424 puteo
301 2353 568 2424 sanquinelubinnm
583 2371 629 2405 orn
643 2372 706 2425 que·
751 2375 774 2406 v.
785 2355 827 2425 57.
837 2353 903 2420 sed,
913 2349 985 2423 quod
994 2369 1124 2401 summum
1134 2363 1187 2416 est,
1198 2369 1255 2402 mu·

205 2433 265 2486 relis
279 2433 388 2504 argute?
402 2432 449 2483 ubi
463 2432 547 2486 lactea
561 2432 646 2486 colle?
659 2433 706 2494 ubi
751 2447 839 2488 tuatns
847 2445 887 2486 est
896 2431 948 2486 hoo
956 2428 1093 2501 epitheton
1103 2447 1135 2482 ex
1142 2429 1253 2481 Homer.

204 2528 263 2580 spes
270 2511 421 2580 juventaein
435 2541 469 2550 —
479 2510 544 2562 Cod.
553 2515 635 2564 Paris.
645 2510 703 2562 edd·
750 2511 823 2565 lliud.
837 2525 867 2578 Δ,
879 2513 926 2564 23:
939 2515 1046 2560 ΧΟΛΟΣ
1056 2507 1081 2559 tt
1090 2529 1130 2574 μιν
1140 2515 1255 2562 ΑΓΡῙΟΣ

203 2609 244 2661 pr.
257 2588 317 2640 Ald.
328 2591 435 2642 Gersrt.
449 2591 506 2641 heu.
527 2593 557 2642 A.
750 2589 807 2660 q'pu,
818 2593 857 2642 io
875 2587 1008 2641 rabiesseu
1017 2586 1203 2660 bilisferneam
1215 2609 1255 2640 oe

238 2668 281 2722 51.
300 2669 348 2721 Ed.
360 2689 401 2741 pr.
417 2672 515 2722 omittit
526 2684 552 2723 et
563 2685 624 2723 unte
637 2689 704 2722 nun·
749 2672 863 2744 oupauit.
876 2672 952 2721 lieno
964 2667 1176 2722 emendationem
1188 2685 1256 2718 con·

203 2767 293 2822 qoam.
313 2752 344 2801 A.
749 2751 836 2802 firmet
846 2749 1007 2814 Parmensis,
1019 2746 1255 2820 qurehnbetferut.

239 2831 281 2884 52.
300 2833 350 2882 Pro
359 2849 478 2903 spesnon
489 2833 647 2905 lonqinquo,
661 2829 702 2883 ed.
749 2861 786 2872 -
798 2832 864 2885 Cod.
882 2833 962 2886 Paris.
978 2829 1053 2884 editt.
1070 2829 1129 2881 Ald.
1144 2827 1252 2880 Gevert.

202 2929 243 2982 pr.
257 2912 351 2983 species
365 2909 516 2986 lonqinquo.
536 2914 567 2962 A.
743 2911 823 2982 feret.
839 2909 887 2964 Ed.
903 2929 943 2981 pr.
960 2911 1092 2964 Accessum
1104 2927 1129 2980 q.
1146 2907 1168 2956 b.
1178 2907 1255 2978 forat

239 2989 281 3042 56.
301 2993 351 3040 Pro
363 2991 457 3042 ematis
468 2991 510 3043 od.
524 2995 608 3042 Parm.
622 2989 704 3041 hebet
743 2989 770 3060 Ι.
786 2992 934 3050 timentem
950 3004 974 3039 et
989 3009 1012 3040 v.
1026 2995 1049 3040 si
1062 2989 1187 3064 deflectat.
1210 2990 1243 3038 A.

204 3069 302 3118 nmutir
318 3079 363 3118 tua
376 3079 480 3138 pectora
499 3069 594 3135 ornati,
610 3079 639 3119 ut
656 3087 704 3118 no-
785 3069 828 3134 64.
841 3069 891 3118 Pro
901 3066 1255 3139 aqueipso,plurimesedi-

202 3153 265 3196 snos
275 3143 364 3196 vidisti
379 3145 464 3199 dentis
479 3147 589 3202 ocellos.
751 3151 835 3199 tiones
854 3145 951 3197 insedit
968 3159 1045 3218 atque
1063 3149 1139 3218 ipso:
1156 3164 1256 3217 petum

238 3221 280 3274 68.
296 3222 437 3276 Acecnsum
448 3224 706 3298 quisbileferetlfn·
749 3227 859 3286 betine;
878 3221 1027 3274 emendavit
1047 3225 1162 3274 beroart.
1185 3241 1257 3295 aque

202 3301 704 3373 malisquetumentemlenietll‘essirna
749 3316 779 3354 ut
791 3300 862 3376 opud
874 3301 951 3351 Orid.
968 3301 1074 3351 Heroid.
1093 3300 1166 3364 xxi,
1185 3306 1254 3355 180:

202 3381 257 3432 sivo
271 3379 346 3432 nulla
360 3385 450 3451 potius
470 3384 617 3436 connexio:
637 3384 704 3448 Quis
753 3385 849 3454 adque
863 3393 910 3433 tuo
924 3393 963 3431 est
982 3391 1074 3432 nostro,
1091 3391 1183 3449 spreta
1202 3401 1256 3452 pe-

196 3457 284 3528 sem?
296 3457 387 3511 famuli
397 3461 501 3531 serent,·
515 3462 568 3512 sive
580 3462 656 3530 justis
671 3460 704 3512 de
749 3475 823 3514 rente
837 3462 969 3530 parens?-
986 3471 1012 3509 et
1023 3459 1158 3510 Ponticor.
1179 3463 1204 3525 l,
1218 3479 1253 3531 9³

201 3538 304 3602 causis,
324 3539 378 3590 eive
397 3541 487 3610 inique
507 3543 602 3590 iratum
622 3537 704 3591 domi·
752 3563 763 3584 ιι
773 3543 848 3612 Aque
865 3543 916 3591 tuis
934 3551 990 3591 toto
1008 3537 1110 3591 dividor
1126 3539 1192 3590 orbe
1208 3561 1255 3592 ro-

202 3633 263 3666 nunt
271 3653 278 3683 ‚
281 3616 476 3687 serenttumen.
486 3619 588 3668 Dixisse
596 3616 702 3685 debuit,
748 3623 800 3692 qis3
811 3645 823 3668 ι
839 3621 930 3672 Menil.
946 3621 979 3687 V,
993 3620 1058 3687 did:
1075 3622 1147 3670 «Pur
1163 3639 1194 3672 on
1210 3621 1255 3672 ell-

201 3696 260 3765 quis
275 3698 416 3770 mitigyabit,
434 3697 476 3747 vel
491 3696 555 3768 quid
569 3696 635 3760 tale3
656 3697 702 3748 sed
747 3717 824 3752 verso
836 3699 966 3762 studium
983 3717 1008 3752 et
1020 3702 1138 3752 societur
1150 3712 1254 3750 utrum-

200 3772 252 3825 hoc
278 3773 512 3845 comprehenditur
537 3777 702 3848 insequenti
749 3781 841 3850 queln
859 3797 957 3852 genus,
973 3797 1041 3851 aque
1061 3797 1115 3832 uno
1132 3779 1254 3852 digestus

200 3872 264 3906 voce
271 3853 357 3905 leniet.
364 3856 702 3926 Legeigitur‚·Accensum
748 3861 846 3912 semine
860 3862 950 3932 surgit.
962 3883 973 3905 κ
991 3863 1029 3912 lta
1044 3858 1186 3931 legendum
1202 3877 1254 3930 pu·

202 3936 260 4002 quis
272 3933 325 3985 bile
338 3935 410 3999 sere,
427 3935 586 4007 famulisque
598 3951 703 3991 tumen·
747 3953 793 4002 to;
819 3939 899 4012 vulgo
922 3943 1006 3992 studet
1015 3963 1023 4002 ,·
1047 3953 1073 3992 et
1095 3951 1172 4012 atque
1196 3957 1253 3992 uno

200 4025 252 4064 tem
262 4013 390 4065 teniores
401 4028 478 4068 nutus
490 4035 563 4069 error
573 4019 701 4071 exsimili-
747 4020 880 4094 diqestum.
895 4051 929 4060 -
943 4019 1002 4072 Ald.
1016 4022 1171 4092 atqueipso;
1184 4015 1251 4068 edit.
