2782 4486
146 247 211 312 668
327 243 465 311 NOTAE
490 242 538 306 IN
562 242 757 310 CARMEN
780 240 1008 306 TERTIUM

143 371 244 446 judico.
256 395 266 418 ι
281 372 412 424 Crueeum
422 363 550 436 intelligit.
564 365 596 416 Et
606 364 713 438 quidem
724 363 822 418 unllnu
836 383 878 416 me
887 365 982 418 Crucei
995 382 1053 419 esse
1064 365 1196 428 similem

146 469 195 502 nee
209 462 297 502 tamen
316 446 436 500 Salmasii
454 447 537 498 minas
556 458 660 512 metuo,
680 463 762 516 quum
781 445 881 515 optimc
899 445 981 498 seiam
999 443 1109 498 Statium
1124 451 1197 500 scri-

146 531 229 601 psisse
243 538 372 600 spectatur
384 546 438 578 non
451 537 583 596 spectator.

184 725 243 778 2³1.
263 726 333 778 Nam
348 725 420 797 qued
429 741 471 776 me
482 725 564 776 mata
575 741 680 795 quereus
692 741 745 775 non
755 723 847 794 pressit
856 722 940 787 olion,
953 722 1071 797 Ειριςίῑ
1079 732 1195 794 pmcn

149 807 242 871 honos,
259 824 341 877 quum
358 804 434 857 dolce
449 806 564 876 parentis
579 804 675 856 Invida
692 805 800 876 Tarpeii
814 816 917 856 caneret
933 815 958 856 te
970 816 1058 856 nostm
1071 805 1195 878 mepistru

150 885 266 940 Thebais.
280 885 412 959 Urpebant
420 887 564 957 priscorum
575 883 681 937 mordis
692 897 796 950 comm,
810 885 852 936 Tu
862 895 954 938 cantus
963 883 1098 937 stimulus
1108 901 1192 949 meos,

149 977 192 1033 tu,
205 979 256 1018 etc.
271 967 357 1018 Locus
370 964 495 1018 notabilis
510 963 545 1017 ob
561 983 663 1018 errores
677 964 818 1017 doctorum
832 966 961 1030 virorum,
976 983 1043 1037 quos
1061 963 1193 1035 (Scalige-

149 1065 208 1099 rum
221 1045 334 1113 scilicet,
347 1045 548 1110 casaubonum,
563 1046 699 1097 Patavium
713 1059 740 1097 et
756 1045 920 1114 Domitium)
938 1043 1074 1115 redarguit
1085 1043 1193 1096 Grouo*

148 1128 220 1192 rius,
233 1126 315 1180 Diatr.
330 1143 388 1194 cup.
404 1123 446 1178 58.
459 1128 519 1195 ipse
533 1127 560 1176 in
574 1124 606 1176 iis
620 1143 678 1196 quse
692 1143 724 1177 eo
739 1124 792 1176 loci
805 1123 893 1177 adfert
906 1123 985 1194 (alibi
999 1125 1069 1176 euim
1084 1121 1193 1190 melius)

150 1223 204 1262 non
218 1206 304 1258 minus
319 1203 525 1276 redarguendus.
541 1204 636 1257 Scribit
649 1206 729 1276 igitur
744 1217 829 1258 totum
843 1205 931 1257 iocum
945 1206 1000 1256 sic:

564 1341 569 1351 .
581 1341 585 1350 .
597 1342 602 1352 .
614 1340 619 1351 .
629 1322 701 1369 quum
711 1306 779 1354 dulce
788 1309 879 1370 parenti

333 1376 412 1422 lurida
421 1378 523 1439 Tarpeio
532 1389 627 1423 canem
635 1389 659 1421 te
669 1389 748 1423 nostru
758 1376 868 1438 mapstro

334 1446 435 1494 Thebais
443 1447 570 1508 (urgebant
579 1449 709 1510 priscorum
719 1447 813 1494 crmdia
823 1445 924 1505 vetusti),

334 1520 370 1566 Tu
379 1530 460 1564 cautus
469 1517 586 1564 stimulare
596 1531 673 1571 nteos;

152 1635 265 1690 quorum
278 1615 418 1668 verborum
434 1615 596 1668 constructio
610 1613 666 1666 haee
680 1626 737 1666 est:
756 1631 874 1685 «quum,
888 1627 915 1665 te
929 1616 1054 1684 magistro
1058 1655 1068 1683 ,
1081 1614 1194 1668 'l'hebais

151 1709 241 1748 nostra
255 1695 345 1748 invida
358 1694 482 1766 (exordia
497 1695 644 1764 priscorum
659 1705 747 1746 ratum
759 1692 907 1763 urgebant)
921 1707 1027 1746 caneret
1040 1694 1120 1748 dulce
1132 1698 1196 1748 Tar·

151 1777 213 1848 peio
223 1779 335 1847 parenti.
346 1799 357 1823 u
371 1774 423 1827 Ubi
436 1792 540 1845 quaero,
553 1792 634 1844 quare
643 1772 759 1826 Thebais
770 1772 859 1824 invida
870 1785 989 1838 vocatur,
1002 1787 1029 1824 et
1040 1775 1083 1826 cni
1093 1774 1196 1826 invide?

154 1857 274 1909 Vctenem
291 1869 426 1928 poetarum
444 1854 549 1928 piot-ise,
568 1855 655 1926 inquit
667 1853 725 1916 ille;
743 1866 843 1924 «atque
857 1852 909 1904 hoc
926 1853 1041 1925 explicat
1059 1855 1155 1908 Statius
1169 1857 1196 1906 in

152 1935 305 2008 parenthesi
319 1934 377 2002 iiia,
391 1936 517 2007 serpebant
531 1935 674 2004 priscumne
686 1933 790 1988 exordia
803 1945 906 1999 vatum,
920 1932 948 1984 id
962 1947 1016 2000 est,
1029 1935 1197 2004 exagitabant

152 2015 289 2069 Thebaida
301 2017 372 2067 fama
384 2033 445 2078 sua,
458 2033 538 2085 quam
552 2013 598 2066 ilia
610 2033 701 2086 parem
711 2013 848 2084 sperabat,
861 2026 888 2065 et
898 2027 960 2085 apta
972 2028 1021 2066 est.
1031 2015 1113 2068 Addit
1122 2015 1199 2068 derlee

152 2109 232 2166 poeta
248 2105 409 2165 propterea,
428 2095 490 2164 quia
508 2095 632 2145 conscius
646 2112 698 2146 eure
712 2094 814 2146 virtutis
826 2092 1031 2165 gloriosissimus
1044 2109 1132 2160 rates,
1149 2095 1198 2152 da-

153 2174 261 2227 mnabat
277 2192 340 2226 suos
350 2173 469 2244 judices,
484 2193 630 2245 eorumque
643 2193 784 2227 censuram
798 2173 1002 2246 dedignabatur,
1016 2190 1042 2227 et
1055 2176 1095 2227 rei
1110 2177 1199 2228 invitis

153 2252 204 2306 illis
216 2253 285 2305 bene
297 2273 325 2306 se
337 2267 363 2305 et
375 2254 510 2326 scripsisse
523 2266 549 2306 et
560 2256 684 2306 recitasse
695 2255 865 2311 confirmat.»
880 2255 963 2326 Atqui
974 2259 1100 2326 primm,
1112 2257 1133 2307 si
1145 2255 1198 2306 hoc

154 2333 238 2387 voluit
255 2334 368 2401 Statius,
385 2331 552 2405 parenthesis
571 2331 617 2386 ilia
636 2335 701 2404 poni
719 2332 813 2386 debuit
830 2347 892 2405 post
909 2353 1001 2386 rocem
1016 2335 1123 2393 Inutile.-
1141 2353 1197 2386 non

155 2413 241 2467 media
255 2412 299 2466 illa
313 2414 438 2486 (Tarpeio
450 2426 552 2466 caneret
565 2423 589 2465 te
602 2425 688 2467 nostra
700 2416 822 2488 maqistro
836 2413 960 2485 Thebais)
974 2432 1028 2485 que
1042 2425 1122 2464 totam
1135 2431 1197 2464 sen-

156 2495 264 2546 tentiam
280 2491 454 2564 pendentem,
472 2490 619 2559 turbatam,
639 2505 665 2544 et
680 2493 818 2546 confusam
835 2491 968 2557 reddunt,
984 2493 1136 2563 interposita
1150 2491 1200 2544 ad·

156 2573 268 2624 mittere.
280 2572 337 2623 Nec
349 2568 442 2622 melior
451 2573 581 2644 interpres
591 2572 739 2624 Gronovius
752 2573 862 2639 inistis,
874 2570 950 2623 dulce
958 2573 1061 2645 parenti
1073 2571 1199 2642 Tameia,-

156 2651 317 2723 impossibile
335 2653 405 2704 euim
420 2665 459 2706 est
473 2652 585 2704 Statium
604 2651 737 2705 dicturum
750 2653 849 2719 fuisse,
865 2671 908 2718 se,
921 2651 962 2704 vel
975 2650 1112 2708 Thebaida
1126 2669 1201 2704 suam

156 2733 274 2786 cecinisse
285 2731 360 2784 dulce
367 2735 472 2804 paterni
484 2734 608 2806 Tarpeio,
621 2741 703 2805 quum
716 2737 743 2785 in
753 2736 803 2786 iste
814 2751 900 2804 agone
910 2733 991 2785 uictus
999 2733 1089 2799 (uerit,
1102 2745 1129 2784 et
1139 2752 1203 2804 pro-

156 2825 248 2883 pterea
261 2812 353 2864 iovem
366 2825 443 2865 vocet
456 2830 551 2865 soeuum
566 2826 592 2864 et
607 2815 755 2888 inpiatum,
775 2812 809 2865 atl
823 2816 903 2866 Uxor.
917 2831 955 2864 rs·
971 2813 1019 2881 31,
1038 2811 1070 2863 de
1088 2811 1139 2872 hac
1157 2831 1200 2864 re:

161 2892 235 2958 ·Tu,
248 2909 329 2962 quum
339 2891 470 2964 Capitolia
482 2905 577 2945 nostrae
588 2893 707 2945 inficiata
719 2893 794 2966 lyrae,
807 2912 918 2958 sevum,
930 2893 1117 2962 ingratumque
1128 2891 1203 2944 dole-

158 2969 220 3039 bas,
237 2971 343 3023 Mecum
356 2973 442 3038 victa,
455 2975 556 3025 Jovem.
568 2997 580 3020 a
596 2973 659 3026 Non
677 2976 756 3044 igitur
773 2972 849 3025 dulce
860 2975 922 3034 Iovi
933 2975 1040 3039 cecinit,
1054 2971 1102 3025 sed
1115 2974 1203 3024 omnia

158 3063 265 3114 contra;
279 3070 328 3104 nec
343 3066 397 3104 tam
412 3051 542 3106 absurdm
560 3053 639 3106 fuerit
654 3054 752 3106 Statius
768 3067 798 3104 ut
811 3053 863 3105 hoc
876 3053 1026 3106 affirmaret.
1038 3053 1116 3104 Mitto
1130 3053 1205 3124 quod

159 3149 249 3182 vocem
265 3131 353 3184 invida
368 3130 441 3204 (quse
455 3129 586 3185 malitium
601 3147 627 3186 et
641 3135 734 3186 vitium
752 3131 925 3205 pienunque,
939 3131 1023 3185 Statio
1037 3150 1144 3203 semper
1156 3130 1205 3183 de-

159 3222 248 3276 notat,
267 3213 369 3282 aceepit
382 3213 530 3266 Gronovius
544 3212 578 3265 sle
598 3213 702 3265 honesta
716 3211 761 3264 ilia
772 3211 938 3265 aemulatione
951 3231 1011 3284 quse
1024 3211 1071 3264 alit
1089 3213 1203 3282 ingenia.

159 3285 209 3339 Sed
222 3290 331 3359 etipse,
345 3289 440 3357 credo,
454 3293 611 3345 seutentiam
623 3291 656 3344 tle
667 3291 721 3344 hoc
733 3289 794 3344 loco
810 3294 934 3355 mutarit;
947 3293 1046 3365 quippe
1058 3293 1085 3342 in
1097 3289 1207 3360 reliquis

161 3365 194 3417 od
207 3365 288 3419 Silvas
299 3367 354 3422 hec
368 3371 490 3422 inuenio:
508 3393 519 3417 s
532 3372 618 3442 Quum
630 3371 706 3427 dulce
716 3373 838 3444 parentis.
852 3374 941 3425 Potuit
954 3373 1105 3442 scripsisse:

345 3477 403 3524 Nam
412 3479 468 3541 quid
479 3495 516 3526 me
526 3481 595 3526 mista
605 3495 705 3541 quereus
714 3495 762 3526 non
771 3481 854 3541 pressit
863 3480 922 3526 oliva

345 3549 374 3594 Et
382 3547 442 3610 fugit
450 3563 556 3612 speratus
564 3549 652 3605 bonos,
664 3567 735 3614 quum
745 3551 796 3598 luce
806 3553 908 3612 patentis

346 3619 411 3664 Irrita
420 3621 513 3682 Tarpeii
523 3637 630 3668 canerem
638 3625 649 3668 ἲ
657 3623 691 3668 'l'e
701 3633 780 3672 nosue
790 3623 897 3685 magistro

347 3687 447 3736 Thebais
456 3693 554 3752 urgebat
562 3693 692 3754 priscorum
703 3693 798 3740 exordia
807 3705 884 3739 vatum
892 3711 899 3748 ;

345 3759 381 3804 Tu
390 3773 471 3808 cautus
480 3762 597 3809 stimulare
606 3779 684 3818 meos,
693 3775 719 3808 tu
729 3763 831 3826 paudere
841 3764 913 3818 facta,
924 3777 968 3811 cte.

164 3853 219 3905 inco
229 3857 342 3925 protentis
355 3857 472 3930 Tarpeii,
487 3859 530 3910 die
543 3861 589 3930 qui
600 3861 684 3912 festus
697 3875 753 3914 erat
764 3863 823 3913 Jovi
834 3863 1003 3933 Capitolino,
1017 3880 1126 3934 qunque
1139 3879 1210 3932 agon

164 3934 187 3981 ri
203 3935 434 3990 committebatur:
450 3938 522 3990 irrito
537 3957 677 4006 canerem,
693 3941 772 4011 quia,
788 3954 817 3991 ut
832 3943 867 3994 ait
882 3941 915 3993 ad
931 3945 1062 4006 Uxorem,
1079 3939 1211 4009 Capitolia
