2776 4484
405 311 534 373 LIBRI
559 311 700 374 PRlMl
726 309 977 377 SlLVARUM.
1148 341 1207 404 ¹07

350 437 417 496 Saepc
425 433 472 482 leti
480 449 586 482 tomnuut
596 435 703 483 suadebit
713 438 774 482 inire
784 452 885 484 murro.
920 421 922 424 Ι

162 529 249 595 Quem
267 525 358 578 locum
376 527 509 578 excutiunt
522 525 600 579 selim
615 527 715 598 Virgilii
729 541 874 589 amatores3
892 544 941 598 ego
958 531 1028 582 cutim
1041 549 1091 582 neo
1105 549 1212 585 sensum

165 625 214 660 nec
232 607 458 659 constructionem
474 607 554 678 primi
570 625 659 660 versus
676 607 804 678 intelligo.
818 606 921 660 Turbst
937 611 1026 680 inepta
1040 630 1091 663 vox
1104 630 1211 684 smper,

165 687 281 760 subque
297 684 362 738 latet
376 683 607 758 verbum-aliquod
622 685 826 740 substantivum.
843 687 946 742 Servius
962 701 1053 755 notat,
1070 708 1139 764 sepes
1153 693 1214 744 sub·

164 763 316 838 oudi‚fiet;
328 783 379 818 nec
390 763 478 818 adhuc
487 765 614 836 intelligo.
625 765 677 820 Sed
688 785 779 838 pergo.
792 767 853 820 Sine
862 766 946 820 dubio
957 769 1037 840 igitur
1047 771 1143 824 Statius
1153 773 1216 822 scri·

167 849 221 920 psit
233 847 354 898 invitant.
367 848 512 898 Pessimum
524 864 585 900 vero
599 861 624 898 et
636 846 699 898 mali
712 849 807 900 ominis
819 847 958 919 epitheton
969 847 1040 901 istud
1053 849 1139 922 uigens
1148 867 1216 901 tom·

167 946 233 980 nos:
249 927 402 1000 uiperenim
413 944 517 979 somnus
529 939 567 978 est
580 945 661 979 mors.
674 927 718 980 Sil.
731 925 790 979 ltul.
804 929 862 994 Vll,
875 928 936 980 632.
949 931 1005 982 Neo
1016 928 1100 981 multo
1109 929 1216 995 melius,

169 1009 192 1059 si
202 1007 274 1078 legas
283 1006 372 1081 piqros
385 1023 446 1058 cum
460 1007 583 1058 Heinsio:
600 1009 684 1058 somni
699 1008 769 1059 enirn
780 1007 851 1081 piqri
861 1019 923 1062 suut
934 1007 1138 1075 desidiosorum,
1153 1023 1180 1062 ct
1190 1011 1217 1063 in

170 1088 236 1138 uitio
248 1083 374 1157 ponendi.
386 1087 581 1154 vereremini,

358 1185 386 1230 Et
395 1196 489 1232 moeros
496 1185 594 1232 inritant
603 1199 719 1230 murmure
730 1199 831 1233 somnos.

171 1285 257 1337 Prima
268 1282 371 1356 syllaba
381 1285 409 1334 in
418 1301 484 1337 voce
496 1294 594 1336 teuertu
605 1285 700 1337 amissa
712 1286 806 1336 eratin
818 1285 982 1356 putcedente
994 1295 1033 1337 et.-
1047 1283 1119 1336 uude
1131 1303 1163 1338 ex
1175 1303 1219 1337 ue·

172 1383 213 1418 ros
223 1365 347 1418 iecerunt
360 1362 454 1435 uiqros.
469 1367 550 1417 Recte
563 1381 627 1416 vero
642 1375 740 1416 teneros
750 1383 872 1433 somnos,
886 1377 916 1416 ut
926 1364 1056 1419 Thebaid.
1068 1361 1094 1434 l,
1106 1366 1166 1419 388.
1180 1365 1221 1416 lte

172 1443 315 1514 legendnm
325 1457 407 1515 puto,
419 1457 445 1495 ct
457 1444 493 1495 ita
505 1446 569 1496 citat
581 1443 731 1496 Gronovius
743 1439 778 1496 nd
792 1443 863 1497 hunc
875 1443 979 1512 locum,
991 1444 1024 1496 de
1038 1464 1091 1516 quo
1106 1448 1220 1517 agiuius,

175 1527 229 1576 sive
243 1525 282 1574 sic
296 1521 436 1594 legendnm
452 1523 581 1594 putabet,
600 1527 653 1576 sire
673 1541 761 1576 errore
777 1526 923 1590 memoriae3
942 1523 1020 1596 vulgo
1040 1526 1109 1576 enim
1127 1535 1220 1575 tennes.

174 1605 317 1675 Oppositin
335 1615 424 1656 antem
437 1603 541 1656 ridetur
556 1603 694 1676 postulare
711 1615 826 1656 teneros:
846 1605 939 1656 invitst
956 1617 1053 1658 teneros
1068 1621 1175 1655 somnos
1190 1601 1223 1654 etl

176 1685 241 1736 duro
255 1682 364 1735 cubilis.
376 1682 515 1738 Clondico.
527 1684 561 1737 de
572 1684 645 1737 Bello
657 1683 764 1736 Gildon.
777 1703 801 1734 v.
815 1684 881 1745 328;
896 1681 1022 1749 Ovidius,
1037 1681 1145 1735 Heroid.
1160 1681 1224 1748 xil,

182 1779 242 1832 ¹7⁰³
257 1765 365 1828 Noster,
378 1763 463 1816 Theb.
478 1765 517 1832 X,
532 1765 595 1816 116:

532 1863 683 1924 Teucrosque
693 1859 809 1909 hortantia
818 1876 912 1908 somnos

365 1932 482 1995 languida
492 1931 608 1979 succiduis
617 1933 733 1994 exspirant
742 1931 829 1978 lumina
838 1932 943 1979 flammis.

178 2036 217 2086 lta
235 2047 262 2087 et
281 2033 320 2086 ibi
336 2031 478 2104 legendum
496 2031 591 2096 eredo;
609 2031 689 2103 vulgo
711 2034 767 2084 sine
782 2050 860 2086 sensu
879 2033 1034 2105 primosque.
1051 2031 1161 2084 Teucros
1175 2030 1225 2084 lios

181 2132 289 2166 somnos
297 2112 394 2185 faciles
404 2125 481 2166 vocat
492 2114 616 2165 Horatius
628 2113 732 2180 cam,
746 2115 794 2180 111,
804 2131 828 2164 s.
843 2131 884 2176 αις
896 2110 1000 2179 molles,
1010 2110 1101 2183 Virgil.
1112 2112 1226 2182 Georsp,

182 2193 229 2244 lib.
250 2195 287 2260 ll,
307 2207 375 2246 vers.
393 2193 460 2264 470,
476 2206 503 2246 et
523 2192 576 2244 ulii.
596 2192 646 2244 ssd
664 2191 752 2244 adhuc
772 2205 853 2245 restat
871 2193 1012 2266 scrupulus
1030 2191 1064 2244 de
1081 2190 1134 2244 hoe
1150 2191 1226 2254 loco;

184 2271 244 2324 ride
256 2274 340 2324 cuim:

366 2353 418 2412 Qum
426 2353 469 2400 tibi
478 2364 528 2400 tota
536 2353 617 2416 quies,
627 2351 764 2415 offensaque
774 2351 867 2398 turbine
877 2352 940 2400 nullo

290 2421 295 2435 '
368 2423 420 2470 Nox
430 2422 493 2480 silet,
503 2435 527 2470 et
535 2435 627 2471 teneor
636 2424 734 2470 inritant
742 2439 860 2484 murmura
869 2438 970 2471 somnos.

184 2523 237 2575 Ubi
249 2524 354 2594 egregie
365 2521 516 2576 Gronovius
529 2535 619 2575 tuetur
631 2531 686 2575 tota
701 2523 774 2596 quies
787 2536 878 2576 contra
893 2521 1031 2576 Behotium
1045 2534 1071 2574 et
1083 2521 1230 2572 Picoartum

186 2600 374 2655 substituentes
388 2611 452 2654 tuta.
465 2604 525 2654 Jam
540 2620 619 2669 vero,
635 2605 658 2654 si
673 2605 748 2675 quies
765 2613 818 2656 toto
830 2616 857 2655 et
871 2605 971 2678 iuteqra
986 2615 1039 2668 est,
1057 2613 1083 2652 et
1095 2619 1148 2653 uox
1158 2598 1231 2664 silet,

188 2679 262 2732 nullu
270 2699 302 2732 ex
313 2695 386 2752 parte
394 2681 435 2733 tel
447 2683 623 2735 minutissimo
632 2683 771 2735 turbarum
781 2685 891 2755 strepitu
901 2686 1061 2754 interrupte,
1073 2693 1153 2753 prout
1162 2679 1232 2732 hanc

191 2777 287 2811 vocem
301 2759 369 2813 bene
381 2760 495 2835 explicat
509 2764 677 2829 Gronovius,
697 2781 786 2833 quero
804 2779 882 2834 quem
896 2763 986 2815 locum
1004 2759 1104 2813 habere
1120 2770 1233 2831 possunt

192 2842 347 2891 munuera?
361 2840 413 2895 boc
427 2844 499 2895 enim
512 2843 717 2895 contradictoria
730 2841 867 2908 videntur,
884 2855 991 2895 noctem
1004 2860 1036 2893 ex
1051 2851 1103 2891 ιοιο
1121 2838 1195 2890 silere
1208 2849 1235 2888 et

190 2919 272 2972 simul
285 2937 414 2974 munuum
428 2941 536 2975 somnos
548 2925 672 2976 invitare:
686 2935 713 2975 et
726 2921 768 2973 vel
782 2921 924 2975 dicendum
937 2935 977 2974 est
990 2937 1124 2973 murmura
1135 2915 1235 2988 (flumi-

187 3003 232 3054 nis
244 3013 310 3073 puta
321 3002 363 3054 rel
376 3003 499 3057 silvarum
510 3001 721 3074 subjacentium)
735 3019 789 3053 nou
800 3003 933 3055 numerari
944 3002 1013 3052 inter
1025 3018 1081 3063 res,
1097 3016 1153 3070 quae
1165 2996 1236 3069 quie·

186 3095 244 3134 tom
262 3082 386 3152 turbant,
405 3098 431 3137 et
444 3083 504 3137 idco
521 3085 632 3136 Statium
651 3082 827 3150 adderentur,
844 3083 1023 3153 roffensaque
1041 3077 1146 3132 turbine
1161 3075 1236 3129 nullo

184 3185 244 3218 nox
254 3164 327 3228 silet;
337 3189 350 3213 ι
363 3163 406 3217 rel
418 3167 440 3217 si
450 3165 503 3218 hoc
515 3185 569 3218 non
582 3163 776 3218 admittendum
790 3165 822 3216 sit
833 3163 876 3234 (et
887 3180 974 3215 revera
988 3157 1122 3235 quomodo
1135 3157 1237 3211 admitti

186 3259 280 3320 potest
291 3245 336 3295 rix
347 3243 489 3316 concipio)
497 3246 605 3297 omuino
615 3244 756 3316 legendum
767 3257 820 3312 est,
833 3257 879 3296 net
888 3257 994 3296 teneros
1003 3244 1115 3296 invitant
1122 3239 1237 3294 carmina

185 3343 314 3388 somnos;
329 3347 341 3371 n
355 3339 385 3376 ut
401 3343 479 3396 supra
497 3345 522 3377 r.
536 3327 621 3391 23‚'et
641 3326 761 3378 lubentes
779 3326 896 3377 cannino
914 3341 1029 3389 somnos,
1049 3339 1095 3375 seu
1107 3329 1198 3372 noctes.
1211 3317 1239 3370 si

186 3408 262 3476 legas
272 3417 320 3456 aut
330 3423 380 3476 pro
394 3415 432 3472 et,
449 3415 588 3457 evanescet
601 3406 685 3456 omnis
698 3403 777 3475 liujus
789 3403 842 3456 loci
854 3401 1004 3456 difficultas.
1021 3403 1078 3454 Hoc
1092 3402 1119 3452 in
1133 3409 1238 3450 contex-

186 3501 248 3538 tum
259 3497 321 3538 tuto
336 3483 469 3536 admittas.
478 3515 514 3524 -
525 3483 585 3535 vid.
595 3487 657 3536 Vur.
666 3484 728 3536 lect.

222 3635 268 3704 43·
289 3635 335 3687 An
349 3651 407 3709 Μ
421 3636 556 3710 prumiaco
569 3645 683 3707 occepta
698 3635 829 3708 crepidine
840 3636 952 3706 firmant
965 3633 1065 3685 balnea.
1077 3633 1155 3684 llune
1172 3647 1238 3701 quo·

184 3739 239 3791 que
252 3717 346 3770 locum
360 3715 484 3768 exscribit
494 3715 628 3768 Ausonius
639 3713 763 3782 Mosella,
775 3735 798 3766 ιι.
813 3715 880 3785 337:

383 3813 446 3932 Ωιῖιέ
455 3831 506 3878 quse
516 3813 641 3876 sulphurea
650 3813 778 3862 substructa
788 3814 907 3878 crepidine
916 3813 1005 3860 firmem

381 3887 414 3931 u·
441 3901 468 3931 ca
476 3889 486 3931 i

185 3986 241 4040 l'bi
250 4022 259 4050 ‚
269 4001 323 4056 pro
333 3981 489 4056 utlpburea,
500 3982 579 4036 editio
587 3984 692 4054 Ugoleti
699 3981 779 4036 habet
789 3979 940 4052 fulminea:
955 3977 1025 4030 uncle
1031 3975 1165 4051 fluminea
1173 3981 1243 4022 recto
