2782 4486
433 326 576 413 LIBER
601 326 645 403 V,
669 327 865 391 GARMEN
892 329 959 392 111.
1152 331 1217 396 615

221 455 263 517 Et
274 447 397 544 quibus
409 447 548 516 Arcadio
561 471 698 518 carmen
708 448 877 517 testudine
889 456 1014 520 mensis

220 562 307 626 Cura
319 557 407 652 lyre,
420 573 613 652 nomenque
625 558 706 641 luit,
720 582 873 653 quosque
884 560 965 628 orbe
978 562 1042 630 sub
1054 568 1146 632 omni

220 669 334 738 Ardua
345 667 484 762 septeno
495 686 651 738 numerat
662 656 831 762 Sapientia
840 671 948 754 famen
1188 687 1221 756 9⁵

219 782 284 867 Qui
295 780 416 862 furias,
427 804 613 876 regumque
627 780 738 866 dolos,
751 763 936 877 eversoque
948 782 1030 850 caelo

219 889 333 958 Sidera
343 889 490 958 terrifico
501 914 604 984 super
615 894 792 960 intonuere
803 893 984 976 cothurno;

220 1005 261 1068 Et
273 1000 483 1096 quis'lesciva
496 1004 584 1071 vires
596 1019 736 1072 tenuere
748 1001 867 1074 Thalia

219 1109 340 1194 Dulce,
352 1111 405 1179 vel
417 1113 538 1181 heroos
551 1137 668 1208 gressu
680 1131 836 1183 truncare
849 1130 991 1182 tenores.

220 1224 1223 1321 Omnienarnqueenimocomplexus,etomnibussuctorroo

218 1339 292 1422 Qua
305 1334 397 1403 fandi
409 1341 460 1404 viu
472 1337 539 1404 lata
550 1354 662 1430 petet:
676 1341 746 1407 sive
758 1363 834 1406 orsa
846 1336 971 1407 libebat
1032 1417 1036 1426 .
1067 1427 1070 1436 1

219 1449 333 1516 Aoniis
345 1449 472 1517 vincire
483 1448 611 1534 modis,
624 1473 685 1520 seu
696 1475 778 1521 voce
790 1449 901 1518 solute

219 1563 397 1650 Spargere,
411 1575 445 1627 et
456 1559 584 1628 effreno
597 1561 729 1629 nimbos
742 1585 876 1656 aequare
889 1561 1034 1653 profatu.

265 1671 389 1736 Exsere
401 1671 578 1737 semirutos
591 1670 701 1738 subito
713 1669 755 1738 de
767 1669 906 1763 pulvere
918 1665 1047 1752 vultus,

172 1886 252 1940 eodd.
266 1887 376 1940 Domitii
389 1886 473 1959 (utet
486 1887 547 1940 ood.
560 1891 618 1942 Par.
632 1889 674 1943 ed.
720 1889 839 1962 plegm-
854 1889 927 1944 coni.
946 1902 972 1940 et
988 1889 1110 1954 Grotius,
1125 1889 1223 1960 Cyneg.

171 1984 212 2038 pr.
226 1966 276 2038 A.)
290 1969 335 2036 qui
349 1981 420 2020 recte
434 1967 592 2020 emendavit.
633 1993 636 1998 ·
720 1983 759 2020 vs.
778 1969 828 2022 218
847 1981 872 2021 et
889 1968 955 2038 3573
977 1967 1069 2020 Senec.
1088 1966 1222 2040 Hippolyt.

207 2045 251 2114 94.
271 2046 323 2096 Pro
342 2047 410 2098 Cura
426 2045 494 2117 lym,
508 2044 588 2118 vulgo
604 2049 675 2119 Cyda
720 2064 744 2098 v.
764 2063 845 2117 12093
864 2046 1003 2114 Sedoliue,
1023 2043 1137 2110 libili,
1155 2062 1222 2115 ²²93

172 2122 259 2186 labor,-
270 2137 301 2178 ut
314 2139 340 2177 et
354 2123 415 2178 eod.
427 2128 486 2178 Par.
500 2124 541 2178 ed.
555 2146 595 2200 pr.
607 2127 674 2181 vid·
719 2125 843 2195 Avienus,
851 2127 1056 2192 Oremeritirna,
1065 2141 1105 2177 vs.
1117 2125 1168 2196 697
1180 2145 1220 2197 sq.

171 2215 227 2253 not.
242 2201 277 2254 nd
288 2221 326 2256 rs.
339 2203 382 2274 93.
402 2205 433 2256 Δ.
719 2205 832 2272 Seuere,
846 2205 879 2258 de
893 2209 947 2273 lrs,
961 2207 1011 2271 111,
1025 2203 1072 2272 3⁴5,
1088 2205 1162 2256 «lter
1175 2221 1222 2256 an-

93 2291 99 2304 '
207 2280 252 2350 96.
274 2281 325 2334 Pro
348 2281 437 2350 dolos,
460 2281 540 2353 vulgo
564 2281 672 2351 domos,
717 2299 825 2356 gustum
845 2286 913 2337 rixae
934 2285 1130 2337 transeuntium
1152 2301 1218 2335 con-

172 2359 251 2412 etiam
268 2360 339 2432 apud
353 2361 412 2414 cod.
428 2364 510 2415 Paris.
528 2373 555 2414 et
571 2361 613 2415 ed.
630 2382 672 2435 pr.
719 2366 798 2416 citet:
813 2363 911 2417 diflusa
923 2379 949 2416 st
961 2364 1014 2416 late
1026 2378 1121 2434 patens
1131 2363 1174 2414 vin
1187 2381 1221 2414 ne

171 2436 238 2491 vide
252 2451 309 2493 not.
328 2441 358 2492 A.
717 2443 835 2514 populos
851 2443 959 2514 quidem
973 2441 1106 2495 collidit.»
1122 2443 1222 2493 Passim

207 2521 251 2588 98.
265 2522 316 2571 Pro
332 2521 368 2573 Et
382 2519 451 2594 quis,
464 2522 550 2572 Psrm.
567 2517 672 2592 Atqui}
719 2521 839 2592 exempla
856 2523 988 2573 iuvenies.
1017 2522 1076 2589 Qua
1097 2529 1172 2590 patet
1193 2533 1223 2570 ut

173 2609 199 2648 et
209 2608 314 2652 tenuere
323 2617 373 2668 pro
385 2597 605 2652 tenuare-Com
617 2601 672 2650 Per.
718 2599 791 2670 apud
801 2601 963 2667 Ausonium,
972 2599 1062 2670 Epigr.
1077 2598 1141 2649 128:
1155 2597 1223 2650 «Me-

173 2675 216 2727 ed.
228 2695 269 2746 pr.
282 2675 416 2748 vulgatam
428 2689 544 2726 tuentur.
565 2677 595 2726 Δ.
719 2677 845 2749 diumque
866 2679 946 2730 fossae
968 2679 1034 2728 rima
1056 2695 1108 2748 quo
1130 2689 1223 2750 petet,

208 2771 251 2823 99.
273 2753 323 2808 Vel
343 2753 433 2807 boreos
449 2771 535 2825 qressu
556 2765 675 2805 intueare
719 2755 1016 2819 callem,rdicitesse;
1029 2773 1090 2806 nam
1103 2753 1223 2807 trifissilis

172 2845 278 2888 tenores.
294 2837 401 2906 Optima
420 2833 477 2886 baee
494 2833 642 2886 emendatio
659 2853 674 2886 e
718 2835 806 2887 forme
817 2847 892 2898 est;»
907 2837 945 2887 ite
956 2833 1098 2905 legendnm
1108 2853 1115 2894 ς
1127 2833 1222 2902 vulgo,

172 2915 290 2968 Domitio
304 2927 358 2981 est,
375 2916 420 2986 qui
435 2915 463 2965 in
480 2916 534 2965 suis
548 2912 621 2966 libris
634 2915 675 2965 in-
712 2913 773 2987 flssi
785 2917 865 2978 rima,·
881 2915 959 2968 Silius
969 2915 1089 2980 italicus,
1102 2915 1142 2980 X,
1155 2917 1221 2982 412,

172 2996 258 3062 venit,
275 3018 287 3042 ι
297 2995 338 3048 rel
351 3013 431 3046 oreos
443 3011 535 3065 gressu
551 3005 675 3046 truncare
724 2995 858 3065 :Quaque
872 3007 946 3067 petet
958 3011 1067 3066 campus
1080 2992 1166 3065 planis
1181 2994 1223 3044 in-

173 3092 320 3127 senones.»
341 3075 371 3125 ln
390 3073 524 3126 Parmensi
537 3084 593 3138 est,
613 3072 675 3125 setis
720 3072 853 3144 gressibus
870 3072 975 3136 boeth·
990 3073 1023 3140 Q.
1037 3071 1156 3136 Curtius,
1172 3071 1222 3136 111,

172 3153 298 3220 ridicule,
310 3151 370 3206 «vel
381 3171 460 3205 oroos
470 3169 562 3223 gressu
572 3165 674 3204 tentare
723 3167 764 3218 11,
779 3173 790 3198 a
893 3171 944 3224 que
958 3155 1055 3223 cuique
1068 3149 1178 3222 petebat
1189 3150 1223 3201 ed

172 3232 295 3287 leones.»
313 3234 420 3305 Optime
438 3234 516 3284 etiam
535 3230 675 3302 explicavit
718 3233 809 3302 fugem
828 3235 884 3298 vis,
905 3245 1078 3303 erumpuntn
1101 3229 1223 3282 Similiter

172 3311 324 3364 Domitius:
344 3312 419 3379 «Qui
437 3311 545 3364 aufertis
563 3309 674 3382 pedem,
719 3313 861 3384 depravata
880 3311 937 3363 baee
954 3331 1006 3362 vox
1027 3308 1099 3381 apud
1115 3309 1223 3362 Cicero·

173 3391 448 3443 necolterurnversum
458 3391 607 3460 permittitis
615 3388 675 3441 sub-
718 3409 794 3458 nem,
811 3389 878 3443 libro
893 3393 920 3458 1,
938 3409 967 3455 2,
982 3389 1015 3441 de
1028 3389 1158 3451 Oratore3
1176 3387 1223 3439 ubi

173 3471 250 3540 sequi
261 3469 401 3540 integrum.
414 3493 424 3516 n
435 3497 470 3508 -
479 3467 545 3519 Cod.
559 3469 616 3518 Par.
630 3466 671 3519 ed.
718 3487 767 3540 pro
780 3471 825 3521 rvi
834 3487 864 3521 ac
875 3469 979 3520 ratione
989 3467 1122 3534 dicendis
1135 3466 1223 3537 legen-

173 3569 214 3624 pr.
225 3550 358 3622 vulgatam
372 3549 442 3602 clare
455 3547 587 3602 exhibent.
602 3550 632 3601 A.
719 3548 792 3616 dum,
803 3551 858 3600 avia
869 3567 899 3601 ae
910 3549 1037 3615 ratione„
1048 3560 1077 3598 ut
1088 3549 1184 3617 passim
1195 3548 1222 3597 in

212 3645 270 3680 ror.
294 3631 351 3698 Qua
364 3629 448 3700 sandi
466 3623 503 3681 vis
522 3627 576 3680 lata
593 3635 673 3700 patet.
718 3629 774 3682 istis
786 3628 876 3694 libris,
888 3645 920 3680 ae
932 3630 1030 3680 ceteris
1040 3625 1121 3678 Tullii
1132 3627 1221 3696 operi-

172 3707 319 3780 Epitheton
332 3707 399 3774 latu,
413 3709 435 3759 si
446 3706 480 3759 ad
491 3704 518 3760 ri
530 3709 566 3760 vis
578 3708 676 3758 refere-
718 3706 778 3759 bus.
788 3711 839 3760 Pro
852 3707 888 3760 vis
900 3706 967 3772 lata,
978 3707 1054 3758 Rom.
1058 3703 1220 3778 jus—cod.

172 3801 226 3852 tur,
236 3789 379 3858 pessimum
390 3799 441 3852 est3
453 3805 531 3840 nemo
542 3789 611 3838 enirn
622 3787 675 3837 vim
719 3787 801 3838 Paris.
814 3786 855 3838 ed.
868 3805 909 3858 pr.
924 3785 961 3840 vit
972 3785 990 3838 l.
1003 3805 1030 3858 p.
1051 3786 1083 3835 A.

167 3865 251 3938 fandi
257 3865 338 3920 latam
347 3859 450 3934 dixerit,
457 3867 504 3920 sed
512 3867 591 3920 viam.-
600 3867 675 3935 «Qua
758 3865 815 3933 rod.
827 3868 906 3918 Forte
916 3865 1072 3938 legendum,
1082 3865 1177 3915 Exsere
1185 3880 1222 3913 se·

173 3943 249 3999 fandi
260 3947 303 3998 rie
317 3945 369 3998 lete
382 3958 493 4016 potem
509 3947 545 3996 ita
559 3945 620 3998 silv.
635 3945 675 4010 ll,
719 3947 826 3999 miusros
837 3945 965 4000 Vesuvius
972 3941 1082 4018 solyme
1093 3963 1116 3994 v.
1126 3943 1218 3991 Venet.

178 4043 201 4093 r,
214 4025 243 4093 4,
254 4049 266 4072 ι
277 4043 431 4097 magnaeque
441 4026 562 4097 patetvis
572 4023 674 4076 lubrica
719 4025 801 4078 Extra
817 4025 950 4076 semioiros
964 4023 1045 4074 subito
1060 4021 1090 4072 de
1105 4017 1219 4071 vulnere.
