2858 4492
222 265 287 330 286
472 265 709 334 Ertsuoua
734 268 770 332 P.
797 267 833 328 Ρ.
857 265 1011 336 8ΤΔΤΙΙ

219 411 278 461 tuo
292 409 543 474 consecratum,
562 393 674 458 statim
694 407 733 458 ut
750 391 916 475 videram,
936 393 991 460 his
1007 396 1160 466 veribus
1179 399 1260 468 ado·

218 508 298 572 ravi.
318 506 474 598 Sequitur
489 499 639 583 libellus,
657 526 725 596 quo
741 500 1052 595 splendidissimum
1066 524 1100 574 et
1112 508 1195 577 mihi
1205 509 1259 605 ju·

218 617 464 684 cundissimum
471 613 649 708 juvenem,
666 616 807 684 Matium
817 613 986 698 Celerem,
1001 641 1021 683 a
1035 625 1259 691 sacratissimo

219 733 425 820 Imperatore
443 731 586 794 missum
603 724 647 792 ad
667 722 834 817 legionem
855 729 1042 818 Syriacam,
1065 733 1145 823 quia
1164 738 1259 828 sequi

172 851 201 904 15
218 862 286 906 non
302 857 514 930 poteramus,
532 839 580 903 sic
593 850 792 928 prosecutus
806 859 893 902 sum.
910 838 1103 906 Merebatur
1116 857 1150 908 et
1162 841 1260 910 Clau·

217 948 263 1016 dii
277 949 407 1014 Etrusci
420 949 485 1013 mei
496 948 601 1037 pietas
613 941 750 1040 aliquod
762 967 803 1010 ex
816 943 934 1012 studiis
946 951 1070 1015 nostris
1085 947 1258 1036 solatium,

218 1084 325 1156 quum
338 1056 467 1150 lugeret
478 1061 565 1123 veris
579 1055 689 1150 (quod
700 1058 950 1124 amarissimum
961 1062 1030 1145 est)
1045 1056 1192 1130 lacrimis
1209 1087 1259 1132 se-

216 1194 295 1238 nem
311 1185 451 1262 patrem.
472 1169 614 1234 Earinus
630 1183 811 1258 praeterea,
830 1170 1020 1243 Germanici
1039 1174 1144 1237 nostri
1162 1171 1260 1241 liber-

216 1295 289 1360 tus,
310 1280 372 1346 scit
387 1276 551 1372 quamdiu
569 1274 773 1344 desiderium
789 1274 862 1368 ejus
881 1293 1033 1345 moratus
1051 1282 1132 1359 sim,
1151 1305 1259 1374 quum

169 1415 202 1451 ιο
216 1392 369 1483 petisset,
385 1405 424 1455 ut
440 1386 577 1480 capillos
590 1411 686 1471 suos,
704 1411 790 1482 quos
809 1411 887 1455 cum
903 1406 1068 1479 gemmata
1081 1391 1207 1484 'pyxide
1225 1411 1260 1460 et

217 1501 355 1596 speculo
373 1499 417 1567 ad
437 1505 680 1592 Pergamenum
699 1497 892 1590 Asclepium
911 1499 1084 1583 mittebat,
1106 1502 1259 1570 versibus

215 1613 417 1681 dedicarem.
432 1615 569 1681 Summa
579 1628 630 1679 est
639 1609 762 1702 Ecloga
773 1663 781 1692 ‚
792 1632 859 1705 qua
868 1633 1002 1678 mecum
1012 1611 1167 1679 secedere
1175 1617 1260 1682 Nea-

215 1725 321 1818 polim
333 1721 508 1790 Claudiam
525 1747 634 1790 meam
651 1721 818 1788 exhortor.
838 1725 915 1800 Hic,
928 1724 956 1788 si
967 1745 1086 1788 verum
1097 1722 1257 1808 dicimus,

255 1923 294 1976 ιδ.
314 1925 434 1974 Matium.
452 1920 521 1975 Cot.
534 1924 614 1974 Paris.
633 1935 660 1974 et
673 1922 714 1976 ed.
784 1918 839 1978 '18-
861 1921 1012 1979 Gmnastct
1029 1925 1071 1976 det
1086 1928 1168 1981 matri
1184 1926 1259 1982 m.

216 2025 257 2078 pr.
271 2003 397 2060 Navium.
414 2001 447 2055 Δ.
761 2013 807 2058 tus.
817 2005 875 2054 Vox
886 2004 928 2054 dai
939 2002 1146 2056 additamentum
1155 2020 1194 2059 est
1205 2009 1259 2060 Do·

254 2081 293 2134 15.
316 2082 382 2152 Quia
397 2079 468 2152 sequi
483 2099 535 2132 non
552 2091 714 2150 poteramus,
759 2085 841 2148 mitii,
861 2097 890 2134 ut
904 2085 961 2154 ipse
974 2083 1092 2136 fatetur:
1109 2103 1159 2137 nec
1175 2104 1259 2157 agno-

214 2166 249 2217 sic
263 2169 410 2233 prosecutus
422 2175 488 2210 sum.
506 2155 579 2209 Nihil
590 2159 717 2232 frequen
760 2163 810 2213 scit
825 2163 971 2214 Parmensis
990 2185 997 2212 ι
1020 2164 1087 2234 ejeci
1103 2165 1203 2236 ltaque.
1222 2193 1259 2210 -

215 2247 267 2296 tius
289 2241 340 2294 hac
361 2242 465 2294 numeri
492 2241 657 2303 mutaticum
679 2242 715 2292 ita
759 2241 825 2296 Coti.
838 2241 916 2294 Paris.
930 2241 1080 2302 vocemdet'
1096 2246 1179 2298 nostri
1198 2249 1259 2300 rati-

214 2325 325 2378 tanim.
339 2321 443 2376 Erana.
455 2339 492 2376 vs·
506 2322 538 2389 37
549 2343 556 2372 ι
574 2338 646 2372 «noa
659 2339 714 2373 uon
759 2336 819 2388 net,
832 2321 879 2373 sed
888 2320 921 2373 ad
931 2324 1076 2396 marginem
1086 2325 1161 2394 quasi
1169 2343 1259 2378 emen-

214 2419 304 2454 arsura
316 2401 430 2452 feremus
441 2399 716 2465 Munera,venturos·
760 2401 832 2455 datio
850 2415 1006 2469 annotatur,
1025 2415 1056 2455 ut
1073 2405 1149 2458 nosti.
1168 2407 1200 2458 Δ.
1224 2403 1260 2445 -’

215 2498 267 2554 qne
287 2493 349 2531 tuus
369 2477 475 2531 durabit
497 2479 524 2528 in
546 2495 649 2546 annos,
668 2479 715 2532 Me
761 2483 910 2554 Quamdiu,
924 2481 1022 2548 idest,
1035 2503 1114 2556 quam
1128 2484 1258 2552 mdiu,

214 2571 390 2624 mutuante,
400 2557 506 2616 doloso
518 2557 552 2613 Et
563 2558 598 2612 lta
607 2560 712 2636 passim·
759 2581 839 2636 quam
850 2562 924 2618 brevi
935 2576 1055 2638 tempore
1067 2582 1173 2616 carmen
1186 2565 1259 2618 istud

212 2641 359 2714 Parmensis
371 2657 432 2692 vero
444 2638 562 2712 prefert,
577 2639 661 2710 «quia
672 2657 714 2691 se·
759 2643 867 2713 scripsi;
880 2659 928 2713 per
938 2643 1071 2695 contraria
1084 2641 1219 2714 loquitur:
1231 2655 1263 2696 et

214 2721 260 2792 qui
278 2739 334 2773 non
353 2734 488 2792 poteram,
504 2720 541 2770 sic
558 2732 716 2788 prosecutus
758 2721 884 2772 Batinum
896 2731 990 2771 testem
1000 2719 1115 2772 advoca
1126 2723 1261 2774 temeriu-

212 2821 310 2864 sum3·
338 2800 412 2875 quod
436 2817 517 2872 quare
543 2801 715 2872 spernerem?
759 2799 791 2856 tls
803 2801 878 2854 uuus
891 2796 981 2854 libelli.

211 2883 357 2958 presertim
373 2899 454 2959 quum
474 2898 522 2952 per
542 2891 626 2932 totam
643 2876 714 2930 hanc
795 2893 836 2928 ιι.
856 2877 985 2928 Mittebat.
999 2874 1065 2928 Cod.
1075 2877 1154 2928 Paris.
1168 2877 1264 2931 micto-

213 2963 352 3035 epistolam
367 2961 463 3032 (unico
481 2971 592 3030 excepto
610 2957 671 3009 loco
685 2958 712 3009 in
757 2953 814 3015 bau
826 2953 868 3006 ed.
879 2973 920 3026 pr.
932 2953 1047 3006 mltebar.
1065 2953 1095 3003 Δ.

212 3063 267 3116 qno
277 3041 357 3096 nostri
366 3059 415 3112 pro
427 3039 492 3109 mei)
502 3057 614 3091 nurnero
626 3040 714 3109 singu-
793 3033 834 3084 23.
846 3033 912 3098 Hic,
920 3032 1036 3083 sicerum
1044 3029 1267 3094 dicimus‚semo

211 3122 260 3173 lari
275 3134 344 3191 agat.
361 3122 418 3171 Hoc
430 3120 509 3188 igitur
522 3119 549 3169 in
561 3130 713 3172 contextum
756 3125 792 3166 est
803 3111 909 3186 quidem
922 3129 1033 3177 muna,
1051 3121 1080 3162 ut
1094 3128 1153 3160 cum
1167 3127 1267 3164 ιαοη,

210 3201 293 3271 recipi
304 3197 390 3252 velim.
400 3226 436 3237 -
448 3195 514 3247 cod.
525 3199 605 3248 Paris.
618 3195 659 3248 ed.
671 3215 710 3267 pr.
756 3191 826 3246 Olim
841 3189 1056 3255 emendatorum,
1069 3207 1151 3242 senno
1165 3200 1216 3253 est,
1236 3207 1268 3244 et

210 3276 275 3347 quia
287 3273 359 3346 sequi
370 3291 422 3326 non
433 3283 550 3346 potorum
569 3274 601 3323 A.
756 3269 861 3345 quidm
876 3287 988 3334 secum,
1006 3279 1036 3320 ut
1050 3286 1110 3322 sun
1123 3283 1217 3330 mm
1236 3285 1268 3322 et

250 3371 289 3426 ¹7·
308 3355 360 3403 Pro
372 3353 559 3405 amarissimum
574 3369 629 3404 non
643 3371 711 3424 opus
755 3354 813 3424 qui,
827 3363 878 3402 etc.
891 3347 1035 3402 Confirmat
1045 3350 1129 3400 Parus.
1143 3365 1201 3417 qun
1212 3347 1271 3403 lna-

212 3444 251 3484 est
261 3446 290 3484 ut
299 3427 417 3502 legamus
426 3431 709 3484 ratissimam-cod.
755 3430 815 3498 bct,
835 3431 952 3502 equidm
972 3445 1022 3499 pro
1040 3439 1067 3479 ct
1083 3428 1209 3500 quidem.-
1237 3445 1270 3482 et

122 3561 124 3568 ,
210 3515 291 3566 Paris·
307 3513 511 3584 superscriptam
524 3510 606 3562 habet
618 3527 712 3562 vocem
754 3512 830 3562 Rom.
852 3513 866 3560 ἓ
886 3507 998 3580 quidem.
1018 3505 1120 3558 Notum
1138 3504 1204 3576 quid
1230 3509 1271 3562 ait

210 3595 281 3670 quod
288 3605 349 3645 ante
359 3591 547 3644 amarissimum
553 3613 562 3651 ,·
573 3588 615 3643 ed.
626 3591 710 3662 princ.
754 3589 845 3642 Sento
852 3605 883 3640 ex
890 3587 1007 3640 Horatio.
1018 3583 1161 3656 Apuleius,
1171 3585 1270 3642 utiles.

209 3673 290 3747 plane
304 3673 417 3724 omittit:
433 3665 481 3724 sed
493 3669 572 3735 vitio,
587 3681 617 3720 ut
630 3685 712 3739 appa·
755 3669 805 3735 tlt,
824 3665 857 3718 de
875 3664 1016 3719 simulacro
1030 3665 1144 3735 Epona:
1161 3687 1173 3710 ι
1185 3667 1273 3735 qnod

211 3767 264 3822 ret,
275 3751 376 3808 librarii
387 3763 413 3802 et
425 3763 550 3824 typorum
560 3749 640 3820 paulo
650 3763 710 3820 post
755 3759 877 3799 accurate
891 3744 999 3796 corollis
1011 3744 1094 3796 roseis
1108 3755 1136 3796 ct
1149 3743 1273 3814 quidam

212 3835 353 3888 exhibent:
372 3829 443 3902 quod
460 3829 573 3882 Earinus
587 3827 711 3899 (Curinus
754 3823 905 3876 recentibus
924 3823 1011 3874 lucrat
1033 3833 1165 3874 ornatum.
1188 3824 1273 3878 hm

213 3917 253 3968 ed.
267 3915 325 3988 pr.)
334 3923 469 3987 practerea,
483 3925 533 3963 etc.
552 3913 585 3963 Δ.
754 3904 877 3976 denique,
885 3917 935 3955 etc.
945 3929 956 3952 ι
967 3899 1166 3973 ltalsgendum
1176 3902 1276 3975 vulfio
