2776 4484
176 327 237 370 rso
346 299 485 368 NOTAE
510 301 559 365 IN
582 302 780 367 CARMEN
802 303 1032 370 TERTIUM

168 433 227 508 ιρις
238 427 344 480 flumine
354 429 453 480 circum
463 427 582 496 irrigata,
595 439 624 478 ut
633 425 698 478 l’lin.
708 425 791 498 Epist.
804 429 848 491 IV,
861 427 908 490 30,
922 445 951 493 a,
965 430 1016 480 sit:
1034 451 1046 474 ι
1056 429 1116 481 fons
1126 429 1210 481 oritur

168 511 197 560 in
210 520 313 572 monte,
322 517 377 579 ‘per
392 524 454 559 saxu
466 506 595 572 decurrit,
610 507 738 577 excipitur
752 506 947 559 coenatiuncula
963 526 1044 561 manu
1058 509 1165 570 factm·
1183 521 1210 560 et

168 589 280 654 Seneca,
294 589 385 639 Natur.
400 587 498 653 Quaeet.
513 587 564 651 111,
579 602 609 655 ¹7
626 607 632 637 :
653 607 665 631 ι
675 587 702 636 in
719 584 799 637 cubili
815 598 907 638 natent
922 587 1026 657 pisces,
1043 601 1069 639 et
1087 586 1136 640 snb
1151 589 1209 658 ipss

168 683 258 719 mensa
272 667 383 738 capitur,
399 666 444 736 qui
456 666 541 717 statim
555 665 728 717 transferatur
738 667 765 716 in
777 683 925 717 mensam.»
941 667 1075 734 Quantam
1086 665 1209 736 volupta-

167 761 221 801 tem
235 760 336 800 veteres
351 747 516 818 quasiverint
528 747 556 797 in
570 747 718 820 coenptione
730 747 799 798 circa
811 765 893 818 aquas
906 760 931 799 et
945 748 1047 815 fontes,
1058 747 1146 800 multis
1161 764 1209 797 au·

167 827 299 895 ctoribus,
311 827 392 880 veluti
401 827 499 893 Plinio,
509 827 591 898 Epist.
601 829 650 892 VI,
660 826 691 893 6,
702 827 745 897 37,
754 839 848 878 notum
859 839 908 879 eet.
923 829 1033 881 Gemino
1042 846 1133 901 aqqere
1144 825 1209 877 dixit

167 910 279 976 Statius,
292 921 322 960 ut
332 907 416 960 Theb.
429 906 476 959 lib.
486 910 519 972 V,
531 925 596 959 vers.
609 906 673 972 516,
682 908 795 980 qeminoe
805 925 897 982 oqqere
908 909 979 978 ripoe.
999 909 1079 962 Hsnn.

201 1059 245 1112 65.
264 1059 435 1130 Albentesque
447 1059 531 1122 lomes,
544 1056 659 1131 altosque
671 1059 699 1110 in
708 1057 809 1133 qurqite
814 1057 912 1130 fontes.
923 1058 1037 1124 Quinam
1048 1055 1078 1108 hi
1088 1055 1137 1108 alti
1143 1055 1209 1128 son·

167 1149 216 1202 tes,
230 1135 272 1188 rel
287 1154 344 1207 quse
358 1136 419 1188 inde
430 1134 492 1187 lruic
506 1135 570 1186 villu
584 1135 777 1187 commendatio
790 1134 863 1206 quod
876 1136 960 1202 Anio,
973 1138 1020 1206 qui
1033 1135 1106 1186 illam
1120 1133 1208 1200 alluit,

166 1217 247 1270 habet
259 1217 326 1269 altos
337 1217 423 1268 fontes
434 1218 463 1267 in
474 1217 576 1287 gurgite
588 1217 654 1266 suoi
665 1215 797 1286 Nympha
809 1215 931 1286 quidem,
943 1214 970 1266 id
983 1229 1034 1280 est,
1046 1215 1154 1280 balnea,
1165 1233 1208 1266 ru-

165 1299 260 1371 lnptati
271 1299 415 1349 inserviunt
428 1295 508 1366 hujus
522 1295 601 1358 villam
618 1294 730 1347 albentes
744 1293 813 1348 lactu
829 1295 871 1366 (id
886 1311 938 1364 est,
950 1315 1023 1369 aqua
1035 1297 1138 1348 Albuloe
1152 1313 1208 1367 quse

162 1382 238 1450 juxta
250 1378 333 1431 Tibur
346 1391 372 1430 et
380 1377 509 1432 Anienem
522 1375 613 1446 erant)
624 1376 730 1428 utilitati
740 1389 766 1428 et
776 1378 855 1430 variis
864 1377 965 1429 morbis
974 1376 1122 1442 medendis,
1135 1390 1164 1427 ut
1176 1395 1208 1428 es

166 1459 302 1514 Strabonis
317 1458 380 1511 loco
396 1476 456 1509 mox
468 1455 633 1509 videbimus:
649 1469 676 1508 at
688 1457 732 1510 cui
745 1456 817 1508 bono
832 1455 882 1508 alti
894 1459 993 1524 fontes,
1004 1477 1057 1510 non
1071 1455 1207 1527 intelligo:

166 1555 193 1595 et
204 1543 226 1594 si
237 1540 344 1592 dixisset
360 1557 414 1612 nort
430 1537 496 1590 altos
509 1539 610 1604 fontes,
626 1555 702 1608 aqua
716 1538 824 1604 fuisset,
841 1536 894 1589 hoc
906 1551 958 1606 est,
972 1537 1057 1604 nulls,
1071 1555 1208 1589 commen-

167 1621 248 1674 datio.
259 1619 348 1672 Nihilo
360 1617 453 1671 melius
466 1631 505 1671 est
513 1618 640 1670 Bernartii
649 1614 729 1684 alios,
742 1615 778 1668 ob
787 1615 891 1670 easdem
905 1619 1027 1670 rationes.
1037 1619 1120 1670 Unice
1130 1614 1209 1667 nobis

166 1700 219 1754 hoc
231 1700 291 1752 loco
303 1700 433 1751 succurrit
446 1697 532 1751 Strab.
549 1694 593 1749 lib.
605 1697 638 1764 V,
649 1716 676 1767 p.
693 1695 758 1766 164,
771 1697 812 1750 ed.
824 1697 938 1750 Casaub.
951 1697 997 1750 ubi
1009 1711 1149 1770 postquam
1164 1695 1208 1748 dc·

167 1783 271 1853 scripsit
279 1779 363 1832 Tibur
374 1791 400 1831 et
410 1776 545 1850 planitiem
555 1779 630 1846 juxta
639 1776 746 1859 urbem,
758 1779 796 1830 sic
805 1780 904 1849 pergit:
919 1777 941 1832 is
954 1775 980 1831 ll
990 1779 1025 1848 rii
1035 1777 1109 1846 aslis
1119 1775 1207 1854 cer‘pp,

167 1857 179 1910 i
191 1857 267 1912 ’Aries
278 1855 396 1924 delinere,
411 1855 451 1908 ssi
460 1853 624 1916 rsi'neflrvte
634 1871 767 1921 ιαλονμιιι
779 1855 812 1924 p'si
822 1853 901 1908 itm
914 1853 1010 1925 ψυχιὲ,
1025 1855 1052 1908 is
1061 1855 1150 1908 πιλλὸι
1161 1874 1208 1906 ss-

166 1939 228 2004 psi‘r,
243 1934 304 2005 opis
319 1933 430 1990 οιιιίλις
444 1930 519 1990 rietes
533 1931 573 1986 ssi
585 1934 681 1987 efrem
695 1933 735 1986 ssi
750 1933 919 2001 immisisse
934 1933 1037 2002 ν’γιιιιιὶι
1053 1935 1209 1988 sl’lanitiem

168 2037 240 2082 eam,
254 2031 303 2088 per
317 2033 395 2087 quam
408 2013 495 2067 delabi
506 2015 634 2067 Anienem
648 2012 774 2082 diximus,
786 2014 888 2068 Albulae
899 2017 976 2067 etiam
988 2015 1122 2087 perfluunt
1136 2031 1209 2085 aqum

167 2096 282 2167 frigidm,
296 2094 385 2146 multis
397 2113 411 2146 e
423 2093 542 2146 loudbus
558 2093 701 2166 prolapsae,
717 2094 749 2146 ad
766 2097 852 2149 varios
867 2094 989 2160 morbos,
1002 2109 1085 2166 petre,
1102 2108 1147 2146 aut
1160 2111 1209 2163 pro

167 2175 265 2228 balneo
277 2185 424 2244 usurpatae,
436 2172 580 2226 remedium
594 2171 771 2244 prebentes.»
786 2175 855 2224 ilinc
869 2173 966 2243 colligo
977 2173 1025 2226 bas
1036 2172 1147 2230 Albulas
1161 2171 1209 2242 (de

167 2255 208 2307 his
225 2256 294 2307 enirn
308 2256 364 2306 sine
380 2252 462 2306 dubio
480 2255 532 2322 agit
545 2252 597 2305 hoc
610 2250 670 2304 loco
684 2253 795 2317 Statius,
810 2265 903 2325 utpote
910 2255 986 2322 justa
999 2254 1089 2306 villam
1104 2250 1210 2322 Manlii)

166 2334 275 2405 frigidas
288 2334 384 2399 fuisse,
398 2347 424 2387 et
440 2332 529 2385 multis
542 2352 556 2384 e
568 2331 687 2385 fontibus
705 2333 866 2396 scaturiisse,
882 2346 908 2384 et
919 2335 995 2402 justa
1005 2334 1135 2386 Anienem
1147 2335 1209 2386 sitas

168 2432 233 2468 esse.
246 2415 292 2464 His
304 2414 415 2478 notatis,
423 2409 486 2464 ¹vide
499 2412 563 2484 quid
576 2415 703 2486 sequitur,

352 2511 509 2577 Albentesque
518 2512 581 2559 lacus
586 2547 593 2569 ,
604 2511 738 2574 gelidosque
748 2513 772 2557 in
781 2515 872 2575 pungite
880 2513 962 2562 fontes

171 2601 369 2674 Gelidosfontes
379 2603 406 2654 in
415 2603 531 2677 purqt‘te,
545 2601 571 2654 rd
581 2614 635 2668 est,
643 2601 745 2652 Aniene
750 2623 759 2663 ,·
771 2601 840 2653 Anio
850 2604 920 2655 enim
929 2601 1111 2673 frigidissimus
1123 2599 1211 2671 (unde

167 2683 271 2735 Aniena
280 2682 399 2754 friqoro,
414 2681 474 2736 Silv.
492 2685 535 2747 lv,
552 2681 586 2753 4)
608 2680 670 2733 hinc
691 2683 746 2734 sine
763 2681 846 2734 dubio
861 2683 966 2754 frigoris
981 2701 1086 2736 causum
1103 2680 1212 2746 habuit,

131 2787 138 2802 ·
168 2764 223 2816 scil.
241 2781 273 2815 ex
288 2761 440 2831 hujusmodi
457 2761 590 2830 fontibus,
606 2764 650 2834 qui
666 2765 693 2814 in
706 2781 739 2814 eo
753 2762 927 2834 erumpebant
939 2778 966 2816 et
979 2763 1146 2816 oriebantur:
1160 2779 1210 2812 nec

131 2848 135 2858 '
167 2843 241 2896 aliter
252 2842 308 2894 fieri
320 2844 407 2913 potuit
422 2860 503 2913 quum
519 2856 571 2894 tam
585 2844 676 2893 vicinae
691 2857 778 2895 essent
791 2861 867 2915 squar
879 2842 996 2910 Albula,
1011 2861 1069 2914 qun
1081 2860 1112 2893 ex
1124 2839 1212 2892 multis

161 2923 281 2995 fontibus
293 2921 445 2993 (nonnullis
460 2937 530 2975 certe
544 2925 571 2974 iu
585 2922 713 2993 Aniene),
728 2935 758 2974 ut
771 2935 847 2975 notat
861 2923 969 2990 Strabo,
983 2922 1112 2995 prolapsa
1125 2931 1209 2972 erent.

166 3006 273 3076 Optime
287 3002 339 3054 boc
352 3001 431 3054 modo
444 3021 538 3056 sensus
550 3015 577 3055 et
586 2999 613 3055 aa*
626 2999 712 3072 spinos
724 3002 845 3074 procedit
856 3025 862 3054 :
871 3005 927 3074 jam
940 3005 1008 3055 enim
1021 3001 1110 3054 villam
1119 2998 1212 3052 laudat

168 3084 263 3137 Statius
277 3080 312 3133 ob
329 3099 398 3146 rem,
413 3099 468 3153 quse
482 3081 560 3135 laude
577 3081 655 3153 digna
667 3095 720 3148 est,
733 3080 915 3136 salubritatem
927 3103 963 3135 sc.
980 3099 1115 3153 aquarum.
1128 3077 1211 3147 Quod

168 3164 191 3214 si
207 3163 249 3213 cui
266 3158 403 3231 displiceat
416 3163 499 3215 nimia
515 3163 625 3214 mutatio
642 3180 673 3214 ex
687 3160 753 3212 altos
766 3163 793 3213 in
808 3158 906 3235 pelides
920 3161 959 3232 (et
974 3179 1037 3213 sane
1052 3157 1172 3210 difficiles
1185 3171 1211 3210 et

168 3257 289 3292 morosos
302 3237 413 3292 lectores
427 3240 551 3314 vellem),
564 3241 623 3294 vide
637 3258 717 3311 quam
732 3239 803 3294 facili
816 3243 923 3310 negotio
934 3253 988 3293 tots
1004 3237 1144 3298 difficultas
1156 3237 1210 3290 sol·

168 3334 255 3384 nattsr,
266 3317 318 3370 hoc
331 3319 424 3386 modo,

352 3416 505 3482 Algentcsquc
514 3416 591 3475 lacus,
602 3417 713 3482 sibosque
722 3421 746 3464 in
757 3421 846 3482 gurgite
856 3420 938 3466 fontes.

167 3515 290 3589 Alpentes
304 3515 375 3568 lacus
387 3515 485 3586 (411pr
496 3516 574 3570 bran
582 3518 733 3588 Strabonis)
746 3533 775 3570 ut
787 3538 881 3591 supra,
892 3538 915 3570 v.
928 3516 978 3586 44,
988 3517 1049 3588 ripis
1057 3514 1209 3588 clyentibus.

168 3597 259 3648 Fontes
272 3595 345 3650 albos
356 3595 496 3668 sulphure,
510 3609 539 3649 ut
553 3597 691 3668 sulphurea
703 3601 762 3653 Nor
774 3599 845 3652 albus
858 3619 939 3672 aquo,
952 3596 1024 3669 apud
1034 3594 1126 3666 virgil.
1140 3593 1213 3646 unde

169 3693 230 3726 mox
241 3695 264 3726 r.
280 3675 329 3746 75:
348 3675 527 3747 nsulphureos
539 3677 625 3728 crines
638 3677 719 3730 donat
729 3677 840 3731 Albula.
853 3703 863 3724 ι
882 3683 980 3732 &num
996 3689 1075 3728 vocat
1085 3673 1212 3727 Martialis

167 3755 258 3827 Epigr.
266 3758 291 3822 l,
302 3755 423 3818 133idem
431 3757 493 3822 Vll,
502 3756 545 3824 93.
556 3759 628 3823 lloc,
637 3761 741 3828 opinor,
750 3758 873 3830 placebit.
883 3787 920 3798 -
928 3757 1081 3830 Altifontes
1089 3755 1213 3807 dicuntur

169 3836 266 3907 quibus
277 3855 345 3908 aqua
358 3849 509 3904 stagnorum
522 3855 536 3887 e
547 3837 682 3908 profundo
694 3838 856 3910 profluebat,
871 3840 968 3908 quique
981 3839 1059 3889 etiam
1071 3839 1098 3888 in
1111 3851 1213 3888 summa

168 3933 237 3988 aqua
254 3914 472 3968 observabantur.
490 3915 560 3967 lusca
577 3919 600 3982 l,
616 3917 645 3980 5,
661 3935 701 3988 17,
716 3918 838 3992 ernerqite
852 3913 913 3968 altis
922 3916 1058 3986 fontibus,-
1069 3917 1105 3980 11,
1118 3914 1147 3977 3,
1163 3912 1213 3976 33,

168 4007 258 4071 staqrm
272 3994 335 4047 celto.
353 3995 432 4048 Recte
448 3995 527 4064 igitur
538 3995 571 4048 ab
583 3995 624 4048 his
636 4001 721 4070 pergit
732 4009 809 4068 poete
823 3995 856 4047 ad
870 3995 1076 4064 descriptionem
1092 3993 1213 4056 Marciae,
