<?xml version="1.0" encoding="UTF-8"?>
<!DOCTYPE html PUBLIC "-//W3C//DTD XHTML 1.0 Transitional//EN"
    "http://www.w3.org/TR/xhtml1/DTD/xhtml1-transitional.dtd">
<html xmlns="http://www.w3.org/1999/xhtml" xml:lang="en" lang="en">
 <head>
  <title>
</title>
<meta http-equiv="Content-Type" content="text/html;charset=utf-8" />
  <meta name='ocr-system' content='tesseract 3.04.00' />
  <meta name='ocr-capabilities' content='ocr_page ocr_carea ocr_par ocr_line ocrx_word'/>
</head>
<body>
  <div class='ocr_page' id='page_1' title='image "./quexstantomniao03lemagoog_0203.png"; bbox 0 0 2804 4490; ppageno 0'>
   <div class='ocr_carea' id='block_1_1' title="bbox 422 300 1224 376">
    <p class='ocr_par' dir='ltr' id='par_1_1' title="bbox 422 300 1224 376">
     <span class='ocr_line' id='line_1_1' title="bbox 422 300 1224 376; baseline 0.015 -14"><span class='ocrx_word' id='word_1_1' title='bbox 422 300 552 363; x_wconf 84' lang='lat' dir='ltr'>LIBRI</span> <span class='ocrx_word' id='word_1_2' title='bbox 578 302 718 366; x_wconf 89' lang='lat' dir='ltr'>PRIMI</span> <span class='ocrx_word' id='word_1_3' title='bbox 743 303 993 372; x_wconf 83' lang='lat' dir='ltr'>SlLVARUM.</span> <span class='ocrx_word' id='word_1_4' title='bbox 1166 310 1224 376; x_wconf 77' lang='lat'>165</span> 
     </span>
    </p>
   </div>
   <div class='ocr_carea' id='block_1_2' title="bbox 181 426 1230 1042">
    <p class='ocr_par' dir='ltr' id='par_1_2' title="bbox 181 426 1230 1042">
     <span class='ocr_line' id='line_1_2' title="bbox 181 426 1229 508; baseline 0.01 -27"><span class='ocrx_word' id='word_1_5' title='bbox 181 447 302 500; x_wconf 77' lang='lat' dir='ltr'>unquam</span> <span class='ocrx_word' id='word_1_6' title='bbox 312 427 487 499; x_wconf 85' lang='lat' dir='ltr'>peritissimus</span> <span class='ocrx_word' id='word_1_7' title='bbox 499 439 525 478; x_wconf 91' lang='lat' dir='ltr'>et</span> <span class='ocrx_word' id='word_1_8' title='bbox 535 426 626 479; x_wconf 88' lang='lat' dir='ltr'>decori</span> <span class='ocrx_word' id='word_1_9' title='bbox 637 427 882 482; x_wconf 70' lang='lat' dir='ltr'>observantissimus</span> <span class='ocrx_word' id='word_1_10' title='bbox 894 447 974 503; x_wconf 91' lang='lat' dir='ltr'>poeta</span> <span class='ocrx_word' id='word_1_11' title='bbox 987 447 1039 487; x_wconf 90' lang='lat' dir='ltr'>tam</span> <span class='ocrx_word' id='word_1_12' title='bbox 1051 455 1136 508; x_wconf 85' lang='lat' dir='ltr'>prope</span> <span class='ocrx_word' id='word_1_13' title='bbox 1149 439 1229 492; x_wconf 91' lang='lat' dir='ltr'>collo-</span> 
     </span>
     <span class='ocr_line' id='line_1_3' title="bbox 182 508 1230 591; baseline 0.01 -28"><span class='ocrx_word' id='word_1_14' title='bbox 182 524 269 563; x_wconf 77' lang='lat' dir='ltr'>casset</span> <span class='ocrx_word' id='word_1_15' title='bbox 283 509 335 562; x_wconf 80' lang='lat' dir='ltr'>Vix</span> <span class='ocrx_word' id='word_1_16' title='bbox 346 508 450 560; x_wconf 82' lang='lat' dir='ltr'>Aurem</span> <span class='ocrx_word' id='word_1_17' title='bbox 462 527 540 562; x_wconf 76' lang='lat' dir='ltr'>novos</span> <span class='ocrx_word' id='word_1_18' title='bbox 551 510 669 562; x_wconf 81' lang='lat' dir='ltr'>movebat</span> <span class='ocrx_word' id='word_1_19' title='bbox 680 521 764 574; x_wconf 76' lang='lat' dir='ltr'>ortus,</span> <span class='ocrx_word' id='word_1_20' title='bbox 779 525 804 563; x_wconf 90' lang='lat' dir='ltr'>et</span> <span class='ocrx_word' id='word_1_21' title='bbox 815 512 895 564; x_wconf 83' lang='lat' dir='ltr'>Hune</span> <span class='ocrx_word' id='word_1_22' title='bbox 907 532 987 566; x_wconf 83' lang='lat' dir='ltr'>rorem</span> <span class='ocrx_word' id='word_1_23' title='bbox 999 518 1101 570; x_wconf 79' lang='lat' dir='ltr'>ueniens</span> <span class='ocrx_word' id='word_1_24' title='bbox 1110 519 1230 591; x_wconf 83' lang='lat' dir='ltr'>profudit</span> 
     </span>
     <span class='ocr_line' id='line_1_4' title="bbox 182 589 1228 667; baseline 0.01 -25"><span class='ocrx_word' id='word_1_25' title='bbox 182 593 246 656; x_wconf 85' lang='lat' dir='ltr'>Eos,</span> <span class='ocrx_word' id='word_1_26' title='bbox 258 608 338 642; x_wconf 88' lang='lat' dir='ltr'>seusu</span> <span class='ocrx_word' id='word_1_27' title='bbox 350 602 406 642; x_wconf 79' lang='lat' dir='ltr'>tom</span> <span class='ocrx_word' id='word_1_28' title='bbox 417 589 510 656; x_wconf 80' lang='lat' dir='ltr'>simili,</span> <span class='ocrx_word' id='word_1_29' title='bbox 521 591 578 642; x_wconf 88' lang='lat' dir='ltr'>siue</span> <span class='ocrx_word' id='word_1_30' title='bbox 589 590 752 642; x_wconf 72' lang='lat' dir='ltr'>intermediis</span> <span class='ocrx_word' id='word_1_31' title='bbox 765 594 882 664; x_wconf 88' lang='lat' dir='ltr'>quinque</span> <span class='ocrx_word' id='word_1_32' title='bbox 893 593 934 646; x_wconf 84' lang='lat' dir='ltr'>vel</span> <span class='ocrx_word' id='word_1_33' title='bbox 947 610 1061 667; x_wconf 87' lang='lat' dir='ltr'>quatuor</span> <span class='ocrx_word' id='word_1_34' title='bbox 1072 599 1164 652; x_wconf 79' lang='lat' dir='ltr'>saltem</span> <span class='ocrx_word' id='word_1_35' title='bbox 1174 621 1228 654; x_wconf 80' lang='lat' dir='ltr'>rer-</span> 
     </span>
     <span class='ocr_line' id='line_1_5' title="bbox 182 667 1229 750; baseline 0.011 -28"><span class='ocrx_word' id='word_1_36' title='bbox 182 671 265 722; x_wconf 85' lang='lat' dir='ltr'>sibns.</span> <span class='ocrx_word' id='word_1_37' title='bbox 279 668 374 721; x_wconf 91' lang='lat' dir='ltr'>Procul</span> <span class='ocrx_word' id='word_1_38' title='bbox 386 667 468 722; x_wconf 87' lang='lat' dir='ltr'>dubio</span> <span class='ocrx_word' id='word_1_39' title='bbox 481 670 585 742; x_wconf 65' lang='lat' dir='ltr'>aliquid,</span> <span class='ocrx_word' id='word_1_40' title='bbox 594 669 690 723; x_wconf 81' lang='lat' dir='ltr'>excidit</span> <span class='ocrx_word' id='word_1_41' title='bbox 699 685 759 723; x_wconf 92' lang='lat' dir='ltr'>ante</span> <span class='ocrx_word' id='word_1_42' title='bbox 771 690 873 724; x_wconf 81' lang='lat' dir='ltr'>versum</span> <span class='ocrx_word' id='word_1_43' title='bbox 883 674 962 726; x_wconf 83' lang='lat' dir='ltr'>Hune</span> <span class='ocrx_word' id='word_1_44' title='bbox 975 695 1070 742; x_wconf 82' lang='lat' dir='ltr'>rorem,</span> <span class='ocrx_word' id='word_1_45' title='bbox 1084 691 1144 745; x_wconf 91' lang='lat' dir='ltr'>etc.,</span> <span class='ocrx_word' id='word_1_46' title='bbox 1157 681 1229 750; x_wconf 91' lang='lat' dir='ltr'>quod</span> 
     </span>
     <span class='ocr_line' id='line_1_6' title="bbox 182 749 1227 829; baseline 0.009 -27"><span class='ocrx_word' id='word_1_47' title='bbox 182 765 211 802; x_wconf 87' lang='lat' dir='ltr'>et</span> <span class='ocrx_word' id='word_1_48' title='bbox 224 750 282 801; x_wconf 85' lang='lat' dir='ltr'>aliis</span> <span class='ocrx_word' id='word_1_49' title='bbox 296 749 390 800; x_wconf 88' lang='lat' dir='ltr'>barum</span> <span class='ocrx_word' id='word_1_50' title='bbox 404 749 532 801; x_wconf 76' lang='lat' dir='ltr'>Silvarum</span> <span class='ocrx_word' id='word_1_51' title='bbox 545 749 610 802; x_wconf 90' lang='lat' dir='ltr'>locis</span> <span class='ocrx_word' id='word_1_52' title='bbox 625 749 736 816; x_wconf 85' lang='lat' dir='ltr'>accidit,</span> <span class='ocrx_word' id='word_1_53' title='bbox 752 764 781 804; x_wconf 91' lang='lat' dir='ltr'>ut</span> <span class='ocrx_word' id='word_1_54' title='bbox 794 753 895 824; x_wconf 70' lang='lat' dir='ltr'>prosas.</span> <span class='ocrx_word' id='word_1_55' title='bbox 911 752 956 805; x_wconf 91' lang='lat' dir='ltr'>lib.</span> <span class='ocrx_word' id='word_1_56' title='bbox 971 755 998 820; x_wconf 95' lang='lat' dir='ltr'>l,</span> <span class='ocrx_word' id='word_1_57' title='bbox 1015 757 1090 808; x_wconf 91' lang='lat' dir='ltr'>initio</span> <span class='ocrx_word' id='word_1_58' title='bbox 1105 780 1110 807; x_wconf 96' lang='lat'><strong>:</strong></span> <span class='ocrx_word' id='word_1_59' title='bbox 1127 761 1227 829; x_wconf 74' lang='lat' dir='ltr'>prosint.</span> 
     </span>
     <span class='ocr_line' id='line_1_7' title="bbox 183 828 1229 900; baseline 0.01 -21"><span class='ocrx_word' id='word_1_60' title='bbox 183 829 230 880; x_wconf 90' lang='lat' dir='ltr'>lib.</span> <span class='ocrx_word' id='word_1_61' title='bbox 240 831 273 891; x_wconf 89' lang='lat' dir='ltr'>V;</span> <span class='ocrx_word' id='word_1_62' title='bbox 286 828 396 900; x_wconf 83' lang='lat' dir='ltr'>Epieed.</span> <span class='ocrx_word' id='word_1_63' title='bbox 411 829 439 879; x_wconf 95' lang='lat' dir='ltr'>in</span> <span class='ocrx_word' id='word_1_64' title='bbox 454 831 522 882; x_wconf 87' lang='lat' dir='ltr'>Patr·</span> <span class='ocrx_word' id='word_1_65' title='bbox 536 845 572 881; x_wconf 74' lang='lat' dir='ltr'>ve.</span> <span class='ocrx_word' id='word_1_66' title='bbox 587 829 650 893; x_wconf 83' lang='lat'>1303</span> <span class='ocrx_word' id='word_1_67' title='bbox 665 829 773 900; x_wconf 88' lang='lat' dir='ltr'>Epiced.</span> <span class='ocrx_word' id='word_1_68' title='bbox 788 832 815 882; x_wconf 90' lang='lat' dir='ltr'>in</span> <span class='ocrx_word' id='word_1_69' title='bbox 826 832 955 898; x_wconf 87' lang='lat' dir='ltr'>Puerum,</span> <span class='ocrx_word' id='word_1_70' title='bbox 969 833 1002 886; x_wconf 85' lang='lat' dir='ltr'>nd</span> <span class='ocrx_word' id='word_1_71' title='bbox 1017 833 1095 886; x_wconf 83' lang='lat' dir='ltr'>finem</span> <span class='ocrx_word' id='word_1_72' title='bbox 1104 857 1112 898; x_wconf 80' lang='lat'>5</span> <span class='ocrx_word' id='word_1_73' title='bbox 1127 851 1152 888; x_wconf 90' lang='lat' dir='ltr'>et</span> <span class='ocrx_word' id='word_1_74' title='bbox 1167 838 1229 890; x_wconf 89' lang='lat' dir='ltr'>alibi</span> 
     </span>
     <span class='ocr_line' id='line_1_8' title="bbox 182 908 1229 986; baseline 0.008 -26"><span class='ocrx_word' id='word_1_75' title='bbox 182 911 254 962; x_wconf 81' lang='lat' dir='ltr'>forte</span> <span class='ocrx_word' id='word_1_76' title='bbox 267 908 314 962; x_wconf 90' lang='lat' dir='ltr'>ubi</span> <span class='ocrx_word' id='word_1_77' title='bbox 328 927 401 961; x_wconf 89' lang='lat' dir='ltr'>nune</span> <span class='ocrx_word' id='word_1_78' title='bbox 417 911 515 962; x_wconf 84' lang='lat' dir='ltr'>frustra</span> <span class='ocrx_word' id='word_1_79' title='bbox 532 924 637 963; x_wconf 91' lang='lat' dir='ltr'>nosmet</span> <span class='ocrx_word' id='word_1_80' title='bbox 653 923 821 982; x_wconf 79' lang='lat' dir='ltr'>torquemus:</span> <span class='ocrx_word' id='word_1_81' title='bbox 838 911 910 983; x_wconf 88' lang='lat' dir='ltr'>quod</span> <span class='ocrx_word' id='word_1_82' title='bbox 924 933 957 966; x_wconf 90' lang='lat' dir='ltr'>ne</span> <span class='ocrx_word' id='word_1_83' title='bbox 974 915 1000 966; x_wconf 89' lang='lat' dir='ltr'>in</span> <span class='ocrx_word' id='word_1_84' title='bbox 1020 929 1152 986; x_wconf 87' lang='lat' dir='ltr'>posterum</span> <span class='ocrx_word' id='word_1_85' title='bbox 1168 917 1229 982; x_wconf 83' lang='lat' dir='ltr'>liat,</span> 
     </span>
     <span class='ocr_line' id='line_1_9' title="bbox 183 985 562 1042; baseline 0 -4"><span class='ocrx_word' id='word_1_86' title='bbox 183 989 303 1040; x_wconf 90' lang='lat' dir='ltr'>astericis</span> <span class='ocrx_word' id='word_1_87' title='bbox 315 987 363 1039; x_wconf 86' lang='lat' dir='ltr'>bos</span> <span class='ocrx_word' id='word_1_88' title='bbox 376 985 452 1040; x_wconf 92' lang='lat' dir='ltr'>locos</span> <span class='ocrx_word' id='word_1_89' title='bbox 465 991 562 1042; x_wconf 81' lang='lat' dir='ltr'>notavi.</span> 
     </span>
    </p>
   </div>
   <div class='ocr_carea' id='block_1_3' title="bbox 224 1109 1204 1186">
    <p class='ocr_par' dir='ltr' id='par_1_3' title="bbox 224 1109 1204 1186">
     <span class='ocr_line' id='line_1_10' title="bbox 224 1109 1204 1186; baseline 0.008 -26"><span class='ocrx_word' id='word_1_90' title='bbox 224 1109 263 1162; x_wconf 81' lang='lat'>15.</span> <span class='ocrx_word' id='word_1_91' title='bbox 284 1111 318 1163; x_wconf 83' lang='lat' dir='ltr'>Et</span> <span class='ocrx_word' id='word_1_92' title='bbox 329 1129 394 1182; x_wconf 83' lang='lat' dir='ltr'>quos</span> <span class='ocrx_word' id='word_1_93' title='bbox 402 1115 548 1186; x_wconf 84' lang='lat' dir='ltr'>proecoquit</span> <span class='ocrx_word' id='word_1_94' title='bbox 560 1115 654 1166; x_wconf 79' lang='lat' dir='ltr'>Ebosia</span> <span class='ocrx_word' id='word_1_95' title='bbox 666 1133 770 1167; x_wconf 78' lang='lat' dir='ltr'>cannas</span> <span class='ocrx_word' id='word_1_96' title='bbox 780 1117 873 1168; x_wconf 82' lang='lat' dir='ltr'>Totam</span> <span class='ocrx_word' id='word_1_97' title='bbox 887 1117 1204 1171; x_wconf 79' lang='lat' dir='ltr'>sententiamvideemus:</span> 
     </span>
    </p>
   </div>
   <div class='ocr_carea' id='block_1_4' title="bbox 155 1209 1248 2448">
    <p class='ocr_par' dir='ltr' id='par_1_4' title="bbox 155 1209 1248 2448">
     <span class='ocr_line' id='line_1_11' title="bbox 400 1209 825 1273; baseline 0.009 -20"><span class='ocrx_word' id='word_1_98' title='bbox 400 1209 516 1273; x_wconf 82' lang='lat' dir='ltr'>Quicquid</span> <span class='ocrx_word' id='word_1_99' title='bbox 526 1210 603 1256; x_wconf 83' lang='lat' dir='ltr'>nobile</span> <span class='ocrx_word' id='word_1_100' title='bbox 613 1211 714 1257; x_wconf 78' lang='lat' dir='ltr'>Ponticis</span> <span class='ocrx_word' id='word_1_101' title='bbox 723 1213 825 1268; x_wconf 84' lang='lat' dir='ltr'>nocetis,</span> 
     </span>
     <span class='ocr_line' id='line_1_12' title="bbox 400 1279 817 1342; baseline 0.007 -19"><span class='ocrx_word' id='word_1_102' title='bbox 400 1279 515 1326; x_wconf 81' lang='lat' dir='ltr'>Fecundis</span> <span class='ocrx_word' id='word_1_103' title='bbox 524 1280 586 1326; x_wconf 87' lang='lat' dir='ltr'>cadit</span> <span class='ocrx_word' id='word_1_104' title='bbox 596 1292 635 1326; x_wconf 92' lang='lat' dir='ltr'>aut</span> <span class='ocrx_word' id='word_1_105' title='bbox 640 1281 703 1342; x_wconf 70' lang='lat' dir='ltr'>jugis</span> <span class='ocrx_word' id='word_1_106' title='bbox 711 1281 817 1337; x_wconf 89' lang='lat' dir='ltr'>ldumes,</span> 
     </span>
     <span class='ocr_line' id='line_1_13' title="bbox 399 1350 859 1412; baseline 0.007 -17"><span class='ocrx_word' id='word_1_107' title='bbox 399 1350 469 1410; x_wconf 89' lang='lat' dir='ltr'>Quod</span> <span class='ocrx_word' id='word_1_108' title='bbox 478 1351 547 1397; x_wconf 86' lang='lat' dir='ltr'>ramis</span> <span class='ocrx_word' id='word_1_109' title='bbox 555 1351 592 1412; x_wconf 82' lang='lat' dir='ltr'>piu</span> <span class='ocrx_word' id='word_1_110' title='bbox 602 1353 715 1412; x_wconf 73' lang='lat' dir='ltr'>germinat</span> <span class='ocrx_word' id='word_1_111' title='bbox 723 1355 859 1408; x_wconf 82' lang='lat' dir='ltr'>Damascus,</span> 
     </span>
     <span class='ocr_line' id='line_1_14' title="bbox 399 1421 829 1484; baseline 0.014 -19"><span class='ocrx_word' id='word_1_112' title='bbox 399 1421 427 1467; x_wconf 86' lang='lat' dir='ltr'>Et</span> <span class='ocrx_word' id='word_1_113' title='bbox 436 1437 493 1483; x_wconf 86' lang='lat' dir='ltr'>quas</span> <span class='ocrx_word' id='word_1_114' title='bbox 501 1423 630 1484; x_wconf 78' lang='lat' dir='ltr'>praecoquit</span> <span class='ocrx_word' id='word_1_115' title='bbox 638 1423 721 1468; x_wconf 80' lang='lat' dir='ltr'>Ebusia</span> <span class='ocrx_word' id='word_1_116' title='bbox 731 1439 829 1479; x_wconf 83' lang='lat' dir='ltr'>canons,</span> 
     </span>
     <span class='ocr_line' id='line_1_15' title="bbox 401 1492 790 1556; baseline 0.01 -19"><span class='ocrx_word' id='word_1_117' title='bbox 401 1492 479 1554; x_wconf 73' lang='lat' dir='ltr'>Largis</span> <span class='ocrx_word' id='word_1_118' title='bbox 488 1494 614 1553; x_wconf 70' lang='lat' dir='ltr'>gratuitum</span> <span class='ocrx_word' id='word_1_119' title='bbox 624 1493 685 1539; x_wconf 88' lang='lat' dir='ltr'>cadit</span> <span class='ocrx_word' id='word_1_120' title='bbox 695 1495 790 1556; x_wconf 85' lang='lat' dir='ltr'>rapinis.</span> 
     </span>
     <span class='ocr_line' id='line_1_16' title="bbox 155 1565 1232 1655; baseline 0.008 -28"><span class='ocrx_word' id='word_1_121' title='bbox 155 1565 159 1571; x_wconf 40' lang='lat'><strong><em>¹</em></strong></span> <span class='ocrx_word' id='word_1_122' title='bbox 183 1575 230 1628; x_wconf 91' lang='lat' dir='ltr'>ubi</span> <span class='ocrx_word' id='word_1_123' title='bbox 240 1579 328 1628; x_wconf 89' lang='lat' dir='ltr'>omnia</span> <span class='ocrx_word' id='word_1_124' title='bbox 336 1575 428 1628; x_wconf 77' lang='lat' dir='ltr'>facilia</span> <span class='ocrx_word' id='word_1_125' title='bbox 438 1592 499 1630; x_wconf 90' lang='lat' dir='ltr'>sunt</span> <span class='ocrx_word' id='word_1_126' title='bbox 509 1578 543 1630; x_wconf 81' lang='lat' dir='ltr'>sd</span> <span class='ocrx_word' id='word_1_127' title='bbox 552 1599 656 1634; x_wconf 83' lang='lat' dir='ltr'>versum</span> <span class='ocrx_word' id='word_1_128' title='bbox 667 1595 806 1652; x_wconf 87' lang='lat' dir='ltr'>quartum;</span> <span class='ocrx_word' id='word_1_129' title='bbox 820 1583 849 1632; x_wconf 89' lang='lat' dir='ltr'>iu</span> <span class='ocrx_word' id='word_1_130' title='bbox 863 1600 932 1652; x_wconf 90' lang='lat' dir='ltr'>quo,</span> <span class='ocrx_word' id='word_1_131' title='bbox 944 1600 996 1652; x_wconf 88' lang='lat' dir='ltr'>pro</span> <span class='ocrx_word' id='word_1_132' title='bbox 1009 1586 1164 1655; x_wconf 81' lang='lat' dir='ltr'>proecoqut&#39;t,</span> <span class='ocrx_word' id='word_1_133' title='bbox 1180 1586 1232 1636; x_wconf 81' lang='lat' dir='ltr'>Sol-</span> 
     </span>
     <span class='ocr_line' id='line_1_17' title="bbox 183 1657 1228 1732; baseline 0.009 -23"><span class='ocrx_word' id='word_1_134' title='bbox 183 1660 280 1710; x_wconf 74' lang='lat' dir='ltr'>marius</span> <span class='ocrx_word' id='word_1_135' title='bbox 292 1657 327 1709; x_wconf 88' lang='lat' dir='ltr'>ad</span> <span class='ocrx_word' id='word_1_136' title='bbox 337 1657 458 1710; x_wconf 85' lang='lat' dir='ltr'>Solinnm</span> <span class='ocrx_word' id='word_1_137' title='bbox 470 1672 540 1710; x_wconf 88' lang='lat' dir='ltr'>recte</span> <span class='ocrx_word' id='word_1_138' title='bbox 552 1660 615 1730; x_wconf 79' lang='lat' dir='ltr'>legit</span> <span class='ocrx_word' id='word_1_139' title='bbox 624 1658 772 1732; x_wconf 80' lang='lat' dir='ltr'>percoquit,</span> <span class='ocrx_word' id='word_1_140' title='bbox 785 1675 811 1712; x_wconf 91' lang='lat' dir='ltr'>et</span> <span class='ocrx_word' id='word_1_141' title='bbox 822 1661 934 1713; x_wconf 89' lang='lat' dir='ltr'>illustrat</span> <span class='ocrx_word' id='word_1_142' title='bbox 946 1665 1109 1730; x_wconf 83' lang='lat' dir='ltr'>Gronovius,</span> <span class='ocrx_word' id='word_1_143' title='bbox 1118 1665 1228 1718; x_wconf 85' lang='lat' dir='ltr'>Distrib.</span> 
     </span>
     <span class='ocr_line' id='line_1_18' title="bbox 184 1738 1248 1812; baseline 0.008 -23"><span class='ocrx_word' id='word_1_144' title='bbox 184 1757 242 1810; x_wconf 89' lang='lat' dir='ltr'>cap.</span> <span class='ocrx_word' id='word_1_145' title='bbox 262 1738 306 1804; x_wconf 72' lang='lat'>14,</span> <span class='ocrx_word' id='word_1_146' title='bbox 325 1751 352 1790; x_wconf 87' lang='lat' dir='ltr'>et</span> <span class='ocrx_word' id='word_1_147' title='bbox 369 1756 420 1809; x_wconf 92' lang='lat' dir='ltr'>pro</span> <span class='ocrx_word' id='word_1_148' title='bbox 436 1739 530 1792; x_wconf 77' lang='lat' dir='ltr'>Elusio</span> <span class='ocrx_word' id='word_1_149' title='bbox 547 1738 610 1810; x_wconf 69' lang='lat' dir='ltr'>legit</span> <span class='ocrx_word' id='word_1_150' title='bbox 627 1741 740 1806; x_wconf 84' lang='lat' dir='ltr'>Ebosea,</span> <span class='ocrx_word' id='word_1_151' title='bbox 758 1743 834 1812; x_wconf 88' lang='lat' dir='ltr'>quasi</span> <span class='ocrx_word' id='word_1_152' title='bbox 852 1757 920 1792; x_wconf 86' lang='lat' dir='ltr'>esset</span> <span class='ocrx_word' id='word_1_153' title='bbox 933 1741 1043 1792; x_wconf 72' lang='lat' dir='ltr'>&#39;HCo&#39;eua</span> <span class='ocrx_word' id='word_1_154' title='bbox 1059 1745 1130 1798; x_wconf 71' lang='lat' dir='ltr'>tiore.</span> <span class='ocrx_word' id='word_1_155' title='bbox 1150 1745 1230 1797; x_wconf 84' lang='lat' dir='ltr'>Recte</span> <span class='ocrx_word' id='word_1_156' title='bbox 1246 1755 1248 1763; x_wconf 69' lang='lat'><strong>⁴</strong></span> 
     </span>
     <span class='ocr_line' id='line_1_19' title="bbox 183 1816 1229 1894; baseline 0.008 -25"><span class='ocrx_word' id='word_1_157' title='bbox 183 1820 261 1870; x_wconf 82' lang='lat' dir='ltr'>etiam</span> <span class='ocrx_word' id='word_1_158' title='bbox 274 1819 342 1870; x_wconf 85' lang='lat' dir='ltr'>boc:</span> <span class='ocrx_word' id='word_1_159' title='bbox 356 1830 383 1870; x_wconf 87' lang='lat' dir='ltr'>et</span> <span class='ocrx_word' id='word_1_160' title='bbox 396 1820 431 1870; x_wconf 82' lang='lat' dir='ltr'>its</span> <span class='ocrx_word' id='word_1_161' title='bbox 444 1816 572 1870; x_wconf 87' lang='lat' dir='ltr'>editiones</span> <span class='ocrx_word' id='word_1_162' title='bbox 585 1819 697 1891; x_wconf 77' lang='lat' dir='ltr'>aliquot.</span> <span class='ocrx_word' id='word_1_163' title='bbox 709 1821 823 1872; x_wconf 83' lang='lat' dir='ltr'>Ebusum</span> <span class='ocrx_word' id='word_1_164' title='bbox 836 1833 913 1872; x_wconf 82' lang='lat' dir='ltr'>vocet</span> <span class='ocrx_word' id='word_1_165' title='bbox 925 1821 1030 1873; x_wconf 88' lang='lat' dir='ltr'>Servius</span> <span class='ocrx_word' id='word_1_166' title='bbox 1042 1821 1077 1873; x_wconf 81' lang='lat' dir='ltr'>ed</span> <span class='ocrx_word' id='word_1_167' title='bbox 1086 1824 1156 1894; x_wconf 74' lang='lat' dir='ltr'>Virg.</span> <span class='ocrx_word' id='word_1_168' title='bbox 1166 1826 1229 1892; x_wconf 89' lang='lat' dir='ltr'>Vll,</span> 
     </span>
     <span class='ocr_line' id='line_1_20' title="bbox 183 1895 1229 1969; baseline 0.004 -21"><span class='ocrx_word' id='word_1_169' title='bbox 183 1896 243 1948; x_wconf 78' lang='lat'>662.</span> <span class='ocrx_word' id='word_1_170' title='bbox 258 1897 360 1950; x_wconf 85' lang='lat' dir='ltr'>Deinde</span> <span class='ocrx_word' id='word_1_171' title='bbox 373 1911 423 1969; x_wconf 86' lang='lat' dir='ltr'>pro</span> <span class='ocrx_word' id='word_1_172' title='bbox 437 1915 534 1949; x_wconf 81' lang='lat' dir='ltr'>cennos</span> <span class='ocrx_word' id='word_1_173' title='bbox 547 1895 650 1948; x_wconf 88' lang='lat' dir='ltr'>erudite</span> <span class='ocrx_word' id='word_1_174' title='bbox 664 1897 760 1967; x_wconf 91' lang='lat' dir='ltr'>probat</span> <span class='ocrx_word' id='word_1_175' title='bbox 776 1895 919 1967; x_wconf 79' lang='lat' dir='ltr'>legendum</span> <span class='ocrx_word' id='word_1_176' title='bbox 934 1917 991 1950; x_wconf 90' lang='lat' dir='ltr'>esse</span> <span class='ocrx_word' id='word_1_177' title='bbox 1006 1919 1117 1967; x_wconf 82' lang='lat' dir='ltr'>caunas,</span> <span class='ocrx_word' id='word_1_178' title='bbox 1131 1901 1160 1952; x_wconf 92' lang='lat' dir='ltr'>id</span> <span class='ocrx_word' id='word_1_179' title='bbox 1174 1916 1229 1968; x_wconf 90' lang='lat' dir='ltr'>est,</span> 
     </span>
     <span class='ocr_line' id='line_1_21' title="bbox 174 1973 1228 2047; baseline 0.007 -18"><span class='ocrx_word' id='word_1_180' title='bbox 174 1973 245 2047; x_wconf 77' lang='lat' dir='ltr'>ficos</span> <span class='ocrx_word' id='word_1_181' title='bbox 256 1977 378 2030; x_wconf 81' lang='lat' dir='ltr'>siccatus:</span> <span class='ocrx_word' id='word_1_182' title='bbox 395 1996 457 2030; x_wconf 91' lang='lat' dir='ltr'>nam</span> <span class='ocrx_word' id='word_1_183' title='bbox 471 1978 540 2028; x_wconf 87' lang='lat' dir='ltr'>sicut</span> <span class='ocrx_word' id='word_1_184' title='bbox 551 1978 659 2042; x_wconf 73' lang='lat' dir='ltr'>curicis,</span> <span class='ocrx_word' id='word_1_185' title='bbox 674 1977 702 2029; x_wconf 89' lang='lat' dir='ltr'>id</span> <span class='ocrx_word' id='word_1_186' title='bbox 712 1990 768 2044; x_wconf 89' lang='lat' dir='ltr'>est,</span> <span class='ocrx_word' id='word_1_187' title='bbox 783 1976 839 2028; x_wconf 89' lang='lat' dir='ltr'>licis</span> <span class='ocrx_word' id='word_1_188' title='bbox 854 1998 869 2030; x_wconf 90' lang='lat' dir='ltr'>e</span> <span class='ocrx_word' id='word_1_189' title='bbox 885 1981 961 2030; x_wconf 82' lang='lat' dir='ltr'>Caria</span> <span class='ocrx_word' id='word_1_190' title='bbox 975 1979 1072 2033; x_wconf 81' lang='lat' dir='ltr'>occidit</span> <span class='ocrx_word' id='word_1_191' title='bbox 1087 1995 1116 2034; x_wconf 89' lang='lat' dir='ltr'>ut</span> <span class='ocrx_word' id='word_1_192' title='bbox 1130 2001 1228 2036; x_wconf 90' lang='lat' dir='ltr'>nomen</span> 
     </span>
     <span class='ocr_line' id='line_1_22' title="bbox 183 2056 1228 2128; baseline 0.009 -20"><span class='ocrx_word' id='word_1_193' title='bbox 183 2057 276 2108; x_wconf 78' lang='lat' dir='ltr'>fierent</span> <span class='ocrx_word' id='word_1_194' title='bbox 292 2056 416 2128; x_wconf 70' lang='lat' dir='ltr'>generale</span> <span class='ocrx_word' id='word_1_195' title='bbox 436 2070 462 2109; x_wconf 93' lang='lat' dir='ltr'>et</span> <span class='ocrx_word' id='word_1_196' title='bbox 480 2075 620 2110; x_wconf 88' lang='lat' dir='ltr'>commune</span> <span class='ocrx_word' id='word_1_197' title='bbox 639 2059 757 2110; x_wconf 87' lang='lat' dir='ltr'>omniunt</span> <span class='ocrx_word' id='word_1_198' title='bbox 776 2057 887 2111; x_wconf 85' lang='lat' dir='ltr'>ficorum</span> <span class='ocrx_word' id='word_1_199' title='bbox 907 2060 1082 2125; x_wconf 75' lang='lat' dir='ltr'>sincerarum,</span> <span class='ocrx_word' id='word_1_200' title='bbox 1101 2061 1153 2115; x_wconf 90' lang='lat' dir='ltr'>hoc</span> <span class='ocrx_word' id='word_1_201' title='bbox 1172 2079 1228 2128; x_wconf 87' lang='lat' dir='ltr'>est,</span> 
     </span>
     <span class='ocr_line' id='line_1_23' title="bbox 184 2135 1227 2214; baseline 0.008 -26"><span class='ocrx_word' id='word_1_202' title='bbox 184 2135 304 2203; x_wconf 53' lang='lat' dir='ltr'>toxico„</span> <span class='ocrx_word' id='word_1_203' title='bbox 316 2141 352 2191; x_wconf 84' lang='lat' dir='ltr'>itu</span> <span class='ocrx_word' id='word_1_204' title='bbox 365 2153 395 2191; x_wconf 82' lang='lat' dir='ltr'>et</span> <span class='ocrx_word' id='word_1_205' title='bbox 405 2139 512 2190; x_wconf 76' lang='lat' dir='ltr'>Cauneis</span> <span class='ocrx_word' id='word_1_206' title='bbox 529 2157 560 2190; x_wconf 85' lang='lat' dir='ltr'>ex</span> <span class='ocrx_word' id='word_1_207' title='bbox 577 2139 694 2208; x_wconf 88' lang='lat' dir='ltr'>ejusdem</span> <span class='ocrx_word' id='word_1_208' title='bbox 710 2139 791 2190; x_wconf 79' lang='lat' dir='ltr'>Cariae</span> <span class='ocrx_word' id='word_1_209' title='bbox 809 2139 909 2211; x_wconf 88' lang='lat' dir='ltr'>oppido</span> <span class='ocrx_word' id='word_1_210' title='bbox 928 2142 1018 2192; x_wconf 85' lang='lat' dir='ltr'>Cauno</span> <span class='ocrx_word' id='word_1_211' title='bbox 1035 2141 1119 2194; x_wconf 85' lang='lat' dir='ltr'>allatis</span> <span class='ocrx_word' id='word_1_212' title='bbox 1135 2157 1227 2214; x_wconf 84' lang='lat' dir='ltr'>postea</span> 
     </span>
     <span class='ocr_line' id='line_1_24' title="bbox 185 2220 1229 2292; baseline 0.006 -20"><span class='ocrx_word' id='word_1_213' title='bbox 185 2224 314 2272; x_wconf 81' lang='lat' dir='ltr'>usuvenit.</span> <span class='ocrx_word' id='word_1_214' title='bbox 324 2221 400 2274; x_wconf 85' lang='lat' dir='ltr'>Unde</span> <span class='ocrx_word' id='word_1_215' title='bbox 409 2223 504 2273; x_wconf 84' lang='lat' dir='ltr'>cuunu&#39;s</span> <span class='ocrx_word' id='word_1_216' title='bbox 516 2220 591 2274; x_wconf 76' lang='lat' dir='ltr'>Chias</span> <span class='ocrx_word' id='word_1_217' title='bbox 602 2220 667 2272; x_wconf 80' lang='lat' dir='ltr'>dixit</span> <span class='ocrx_word' id='word_1_218' title='bbox 679 2220 825 2273; x_wconf 87' lang='lat' dir='ltr'>Columella</span> <span class='ocrx_word' id='word_1_219' title='bbox 838 2241 885 2292; x_wconf 90' lang='lat' dir='ltr'>pro</span> <span class='ocrx_word' id='word_1_220' title='bbox 898 2223 988 2276; x_wconf 82' lang='lat' dir='ltr'>caricis</span> <span class='ocrx_word' id='word_1_221' title='bbox 998 2225 1081 2286; x_wconf 75' lang='lat' dir='ltr'>Chiis,-</span> <span class='ocrx_word' id='word_1_222' title='bbox 1094 2239 1120 2276; x_wconf 88' lang='lat' dir='ltr'>et</span> <span class='ocrx_word' id='word_1_223' title='bbox 1131 2246 1229 2279; x_wconf 80' lang='lat' dir='ltr'>caunos</span> 
     </span>
     <span class='ocr_line' id='line_1_25' title="bbox 184 2295 1225 2372; baseline 0.004 -20"><span class='ocrx_word' id='word_1_224' title='bbox 184 2298 265 2352; x_wconf 79' lang='lat' dir='ltr'>Ebnsi</span> <span class='ocrx_word' id='word_1_225' title='bbox 274 2299 378 2366; x_wconf 79' lang='lat' dir='ltr'>Noster,</span> <span class='ocrx_word' id='word_1_226' title='bbox 390 2317 440 2371; x_wconf 90' lang='lat' dir='ltr'>pro</span> <span class='ocrx_word' id='word_1_227' title='bbox 451 2301 549 2364; x_wconf 86' lang='lat' dir='ltr'>caricis,</span> <span class='ocrx_word' id='word_1_228' title='bbox 560 2297 600 2350; x_wconf 85' lang='lat' dir='ltr'>vel</span> <span class='ocrx_word' id='word_1_229' title='bbox 610 2298 680 2350; x_wconf 85' lang='lat' dir='ltr'>siccis</span> <span class='ocrx_word' id='word_1_230' title='bbox 684 2295 746 2370; x_wconf 84' lang='lat' dir='ltr'>ficis</span> <span class='ocrx_word' id='word_1_231' title='bbox 757 2299 852 2364; x_wconf 86' lang='lat' dir='ltr'>Ebusi,</span> <span class='ocrx_word' id='word_1_232' title='bbox 864 2319 929 2372; x_wconf 88' lang='lat' dir='ltr'>quas</span> <span class='ocrx_word' id='word_1_233' title='bbox 941 2302 1108 2355; x_wconf 78' lang='lat' dir='ltr'>commendat</span> <span class='ocrx_word' id='word_1_234' title='bbox 1120 2302 1225 2356; x_wconf 78' lang='lat' dir='ltr'>Plinius</span> 
     </span>
     <span class='ocr_line' id='line_1_26' title="bbox 183 2377 612 2448; baseline 0 -18"><span class='ocrx_word' id='word_1_235' title='bbox 183 2377 261 2431; x_wconf 89' lang='lat' dir='ltr'>Unde</span> <span class='ocrx_word' id='word_1_236' title='bbox 273 2392 356 2431; x_wconf 89' lang='lat' dir='ltr'>totum</span> <span class='ocrx_word' id='word_1_237' title='bbox 368 2397 472 2431; x_wconf 87' lang='lat' dir='ltr'>versum</span> <span class='ocrx_word' id='word_1_238' title='bbox 485 2379 522 2430; x_wconf 91' lang='lat' dir='ltr'>sic</span> <span class='ocrx_word' id='word_1_239' title='bbox 534 2377 612 2448; x_wconf 77' lang='lat' dir='ltr'>legit,</span> 
     </span>
    </p>
   </div>
   <div class='ocr_carea' id='block_1_5' title="bbox 398 2468 823 2531">
    <p class='ocr_par' dir='ltr' id='par_1_5' title="bbox 398 2468 823 2531">
     <span class='ocr_line' id='line_1_27' title="bbox 398 2468 823 2531; baseline 0.005 -19"><span class='ocrx_word' id='word_1_240' title='bbox 398 2470 425 2514; x_wconf 81' lang='lat' dir='ltr'>Et</span> <span class='ocrx_word' id='word_1_241' title='bbox 434 2482 492 2531; x_wconf 84' lang='lat' dir='ltr'>quat</span> <span class='ocrx_word' id='word_1_242' title='bbox 501 2470 624 2531; x_wconf 83' lang='lat' dir='ltr'>percoquit</span> <span class='ocrx_word' id='word_1_243' title='bbox 633 2468 716 2515; x_wconf 77' lang='lat' dir='ltr'>Ebosia</span> <span class='ocrx_word' id='word_1_244' title='bbox 726 2485 823 2524; x_wconf 59' lang='lat' dir='ltr'>cannam</span> 
     </span>
    </p>
   </div>
   <div class='ocr_carea' id='block_1_6' title="bbox 152 2556 1227 3660">
    <p class='ocr_par' dir='ltr' id='par_1_6' title="bbox 152 2556 1227 3428">
     <span class='ocr_line' id='line_1_28' title="bbox 183 2556 1227 2631; baseline 0.004 -25"><span class='ocrx_word' id='word_1_245' title='bbox 183 2557 228 2607; x_wconf 90' lang='lat' dir='ltr'>cni</span> <span class='ocrx_word' id='word_1_246' title='bbox 241 2559 352 2608; x_wconf 83' lang='lat' dir='ltr'>succinit</span> <span class='ocrx_word' id='word_1_247' title='bbox 362 2557 525 2609; x_wconf 84' lang='lat' dir='ltr'>Gronovius:</span> <span class='ocrx_word' id='word_1_248' title='bbox 542 2556 604 2608; x_wconf 75' lang='lat' dir='ltr'>-his</span> <span class='ocrx_word' id='word_1_249' title='bbox 617 2560 729 2609; x_wconf 81' lang='lat' dir='ltr'>certiora</span> <span class='ocrx_word' id='word_1_250' title='bbox 741 2560 837 2610; x_wconf 77' lang='lat' dir='ltr'>frustra</span> <span class='ocrx_word' id='word_1_251' title='bbox 852 2559 885 2610; x_wconf 93' lang='lat' dir='ltr'>ab</span> <span class='ocrx_word' id='word_1_252' title='bbox 898 2561 957 2631; x_wconf 89' lang='lat' dir='ltr'>ipso</span> <span class='ocrx_word' id='word_1_253' title='bbox 970 2559 1060 2612; x_wconf 83' lang='lat' dir='ltr'>Phoebi</span> <span class='ocrx_word' id='word_1_254' title='bbox 1073 2573 1166 2630; x_wconf 89' lang='lat' dir='ltr'>operto</span> <span class='ocrx_word' id='word_1_255' title='bbox 1179 2579 1227 2631; x_wconf 92' lang='lat' dir='ltr'>pe-</span> 
     </span>
     <span class='ocr_line' id='line_1_29' title="bbox 185 2636 1227 2709; baseline 0.003 -23"><span class='ocrx_word' id='word_1_256' title='bbox 185 2651 257 2687; x_wconf 63' lang='lat' dir='ltr'>tas·</span> <span class='ocrx_word' id='word_1_257' title='bbox 274 2637 320 2687; x_wconf 79' lang='lat' dir='ltr'>llis</span> <span class='ocrx_word' id='word_1_258' title='bbox 337 2637 416 2706; x_wconf 78' lang='lat' dir='ltr'>igitur</span> <span class='ocrx_word' id='word_1_259' title='bbox 431 2649 484 2688; x_wconf 87' lang='lat' dir='ltr'>tarn</span> <span class='ocrx_word' id='word_1_260' title='bbox 502 2649 575 2689; x_wconf 91' lang='lat' dir='ltr'>certo</span> <span class='ocrx_word' id='word_1_261' title='bbox 591 2636 766 2689; x_wconf 81' lang='lat' dir='ltr'>fundamento</span> <span class='ocrx_word' id='word_1_262' title='bbox 781 2640 943 2705; x_wconf 88' lang='lat' dir='ltr'>constitutis,</span> <span class='ocrx_word' id='word_1_263' title='bbox 956 2643 1011 2709; x_wconf 82' lang='lat' dir='ltr'>jam</span> <span class='ocrx_word' id='word_1_264' title='bbox 1024 2636 1158 2690; x_wconf 85' lang='lat' dir='ltr'>videamus</span> <span class='ocrx_word' id='word_1_265' title='bbox 1174 2639 1227 2690; x_wconf 89' lang='lat' dir='ltr'>loci</span> 
     </span>
     <span class='ocr_line' id='line_1_30' title="bbox 152 2713 1226 2788; baseline 0.002 -24"><span class='ocrx_word' id='word_1_266' title='bbox 152 2749 155 2755; x_wconf 88' lang='lat'><em>-</em></span> <span class='ocrx_word' id='word_1_267' title='bbox 186 2715 424 2782; x_wconf 87' lang='lat' dir='ltr'>constructionem,</span> <span class='ocrx_word' id='word_1_268' title='bbox 437 2733 492 2786; x_wconf 80' lang='lat' dir='ltr'>qure</span> <span class='ocrx_word' id='word_1_269' title='bbox 504 2713 562 2766; x_wconf 85' lang='lat' dir='ltr'>lraec</span> <span class='ocrx_word' id='word_1_270' title='bbox 575 2729 628 2767; x_wconf 87' lang='lat' dir='ltr'>est:</span> <span class='ocrx_word' id='word_1_271' title='bbox 644 2737 654 2760; x_wconf 80' lang='grc' dir='ltr'>ι</span> <span class='ocrx_word' id='word_1_272' title='bbox 665 2715 798 2788; x_wconf 86' lang='lat' dir='ltr'>Quicquid</span> <span class='ocrx_word' id='word_1_273' title='bbox 814 2715 903 2766; x_wconf 90' lang='lat' dir='ltr'>nobile</span> <span class='ocrx_word' id='word_1_274' title='bbox 915 2713 986 2768; x_wconf 81' lang='lat' dir='ltr'>cadit</span> <span class='ocrx_word' id='word_1_275' title='bbox 998 2719 1099 2768; x_wconf 87' lang='lat' dir='ltr'>nocetis</span> <span class='ocrx_word' id='word_1_276' title='bbox 1112 2717 1226 2768; x_wconf 82' lang='lat' dir='ltr'>Ponticis</span> 
     </span>
     <span class='ocr_line' id='line_1_31' title="bbox 188 2789 1227 2866; baseline 0.001 -23"><span class='ocrx_word' id='word_1_277' title='bbox 188 2804 236 2843; x_wconf 79' lang='lat' dir='ltr'>aut</span> <span class='ocrx_word' id='word_1_278' title='bbox 248 2789 365 2843; x_wconf 84' lang='lat' dir='ltr'>fecundis</span> <span class='ocrx_word' id='word_1_279' title='bbox 375 2795 442 2865; x_wconf 66' lang='lat' dir='ltr'>jugis</span> <span class='ocrx_word' id='word_1_280' title='bbox 457 2793 576 2857; x_wconf 89' lang='lat' dir='ltr'>ldumes;</span> <span class='ocrx_word' id='word_1_281' title='bbox 593 2792 681 2866; x_wconf 89' lang='lat' dir='ltr'>quod,</span> <span class='ocrx_word' id='word_1_282' title='bbox 696 2793 789 2860; x_wconf 91' lang='lat' dir='ltr'>idest,</span> <span class='ocrx_word' id='word_1_283' title='bbox 804 2793 931 2864; x_wconf 90' lang='lat' dir='ltr'>quicquid</span> <span class='ocrx_word' id='word_1_284' title='bbox 949 2797 991 2866; x_wconf 82' lang='lat' dir='ltr'>piu</span> <span class='ocrx_word' id='word_1_285' title='bbox 1010 2795 1155 2846; x_wconf 83' lang='lat' dir='ltr'>Damascus</span> <span class='ocrx_word' id='word_1_286' title='bbox 1169 2814 1227 2866; x_wconf 74' lang='lat' dir='ltr'>geu-</span> 
     </span>
     <span class='ocr_line' id='line_1_32' title="bbox 185 2869 1226 2948; baseline 0.003 -25"><span class='ocrx_word' id='word_1_287' title='bbox 185 2875 272 2924; x_wconf 87' lang='lat' dir='ltr'>minat</span> <span class='ocrx_word' id='word_1_288' title='bbox 285 2877 374 2940; x_wconf 86' lang='lat' dir='ltr'>ramis,</span> <span class='ocrx_word' id='word_1_289' title='bbox 388 2889 411 2926; x_wconf 91' lang='lat' dir='ltr'>et</span> <span class='ocrx_word' id='word_1_290' title='bbox 425 2893 514 2927; x_wconf 82' lang='lat' dir='ltr'>counoe</span> <span class='ocrx_word' id='word_1_291' title='bbox 530 2894 594 2947; x_wconf 86' lang='lat' dir='ltr'>quas</span> <span class='ocrx_word' id='word_1_292' title='bbox 610 2894 708 2928; x_wconf 88' lang='lat' dir='ltr'>caunas</span> <span class='ocrx_word' id='word_1_293' title='bbox 726 2874 823 2927; x_wconf 87' lang='lat' dir='ltr'>Ebosia</span> <span class='ocrx_word' id='word_1_294' title='bbox 837 2877 990 2946; x_wconf 87' lang='lat' dir='ltr'>percoquit,</span> <span class='ocrx_word' id='word_1_295' title='bbox 1002 2876 1072 2926; x_wconf 84' lang='lat' dir='ltr'>cudit</span> <span class='ocrx_word' id='word_1_296' title='bbox 1082 2869 1226 2948; x_wconf 70' lang='lat' dir='ltr'>proruitum</span> 
     </span>
     <span class='ocr_line' id='line_1_33' title="bbox 183 2954 1227 3028; baseline 0.001 -24"><span class='ocrx_word' id='word_1_297' title='bbox 183 2954 265 3024; x_wconf 72' lang='lat' dir='ltr'>largis</span> <span class='ocrx_word' id='word_1_298' title='bbox 275 2957 398 3026; x_wconf 75' lang='lat' dir='ltr'>rapinis.»</span> <span class='ocrx_word' id='word_1_299' title='bbox 411 2955 485 3023; x_wconf 89' lang='lat' dir='ltr'>Quid</span> <span class='ocrx_word' id='word_1_300' title='bbox 495 2968 601 3026; x_wconf 90' lang='lat' dir='ltr'>stupes,</span> <span class='ocrx_word' id='word_1_301' title='bbox 610 2955 711 3008; x_wconf 79' lang='lat' dir='ltr'>lectori</span> <span class='ocrx_word' id='word_1_302' title='bbox 722 2955 785 3028; x_wconf 92' lang='lat' dir='ltr'>quid</span> <span class='ocrx_word' id='word_1_303' title='bbox 797 2957 916 3006; x_wconf 85' lang='lat' dir='ltr'>miraris?</span> <span class='ocrx_word' id='word_1_304' title='bbox 925 2955 1112 3026; x_wconf 81' lang='lat' dir='ltr'>exspectabas,</span> <span class='ocrx_word' id='word_1_305' title='bbox 1121 2954 1227 3022; x_wconf 89' lang='lat' dir='ltr'>opinor,</span> 
     </span>
     <span class='ocr_line' id='line_1_34' title="bbox 180 3033 1224 3109; baseline -0.001 -23"><span class='ocrx_word' id='word_1_306' title='bbox 180 3035 292 3086; x_wconf 88' lang='lat' dir='ltr'>Statium</span> <span class='ocrx_word' id='word_1_307' title='bbox 306 3037 441 3106; x_wconf 86' lang='lat' dir='ltr'>scripsisse</span> <span class='ocrx_word' id='word_1_308' title='bbox 452 3037 575 3108; x_wconf 74' lang='lat' dir='ltr'>pratuitae</span> <span class='ocrx_word' id='word_1_309' title='bbox 589 3037 686 3088; x_wconf 82' lang='lat' dir='ltr'>cudunt</span> <span class='ocrx_word' id='word_1_310' title='bbox 700 3055 804 3101; x_wconf 83' lang='lat' dir='ltr'>caunoe,</span> <span class='ocrx_word' id='word_1_311' title='bbox 820 3055 873 3088; x_wconf 89' lang='lat' dir='ltr'>noo</span> <span class='ocrx_word' id='word_1_312' title='bbox 884 3037 1027 3109; x_wconf 70' lang='lat' dir='ltr'>preteritum</span> <span class='ocrx_word' id='word_1_313' title='bbox 1040 3033 1110 3086; x_wconf 83' lang='lat' dir='ltr'>cadit</span> <span class='ocrx_word' id='word_1_314' title='bbox 1120 3052 1224 3085; x_wconf 76' lang='lat' dir='ltr'>caune:</span> 
     </span>
     <span class='ocr_line' id='line_1_35' title="bbox 181 3113 1226 3185; baseline -0.002 -18"><span class='ocrx_word' id='word_1_315' title='bbox 181 3128 207 3167; x_wconf 89' lang='lat' dir='ltr'>et</span> <span class='ocrx_word' id='word_1_316' title='bbox 218 3116 254 3166; x_wconf 83' lang='lat' dir='ltr'>ita</span> <span class='ocrx_word' id='word_1_317' title='bbox 267 3133 332 3168; x_wconf 75' lang='lat' dir='ltr'>sene</span> <span class='ocrx_word' id='word_1_318' title='bbox 344 3113 466 3168; x_wconf 89' lang='lat' dir='ltr'>mallem:</span> <span class='ocrx_word' id='word_1_319' title='bbox 482 3116 529 3168; x_wconf 86' lang='lat' dir='ltr'>sed</span> <span class='ocrx_word' id='word_1_320' title='bbox 543 3118 651 3168; x_wconf 88' lang='lat' dir='ltr'>summis</span> <span class='ocrx_word' id='word_1_321' title='bbox 662 3119 723 3169; x_wconf 78' lang='lat' dir='ltr'>viris</span> <span class='ocrx_word' id='word_1_322' title='bbox 736 3117 811 3168; x_wconf 86' lang='lat' dir='ltr'>aliter</span> <span class='ocrx_word' id='word_1_323' title='bbox 822 3119 915 3168; x_wconf 85' lang='lat' dir='ltr'>visum.</span> <span class='ocrx_word' id='word_1_324' title='bbox 925 3117 975 3167; x_wconf 82' lang='lat' dir='ltr'>Vix</span> <span class='ocrx_word' id='word_1_325' title='bbox 987 3113 1069 3166; x_wconf 89' lang='lat' dir='ltr'>oculis</span> <span class='ocrx_word' id='word_1_326' title='bbox 1085 3117 1226 3185; x_wconf 88' lang='lat' dir='ltr'>animoque</span> 
     </span>
     <span class='ocr_line' id='line_1_36' title="bbox 180 3195 1225 3270; baseline 0 -22"><span class='ocrx_word' id='word_1_327' title='bbox 180 3195 260 3248; x_wconf 82' lang='lat' dir='ltr'>fides:</span> <span class='ocrx_word' id='word_1_328' title='bbox 272 3209 299 3249; x_wconf 89' lang='lat' dir='ltr'>et</span> <span class='ocrx_word' id='word_1_329' title='bbox 313 3215 406 3250; x_wconf 88' lang='lat' dir='ltr'>ornnes</span> <span class='ocrx_word' id='word_1_330' title='bbox 421 3197 545 3269; x_wconf 75' lang='lat' dir='ltr'>strophas</span> <span class='ocrx_word' id='word_1_331' title='bbox 555 3211 643 3264; x_wconf 83' lang='lat' dir='ltr'>verto,</span> <span class='ocrx_word' id='word_1_332' title='bbox 658 3201 680 3250; x_wconf 91' lang='lat' dir='ltr'>si</span> <span class='ocrx_word' id='word_1_333' title='bbox 693 3200 792 3270; x_wconf 90' lang='lat' dir='ltr'>possim</span> <span class='ocrx_word' id='word_1_334' title='bbox 807 3200 924 3250; x_wconf 86' lang='lat' dir='ltr'>invenire</span> <span class='ocrx_word' id='word_1_335' title='bbox 937 3217 990 3270; x_wconf 91' lang='lat' dir='ltr'>quo</span> <span class='ocrx_word' id='word_1_336' title='bbox 1005 3215 1096 3248; x_wconf 87' lang='lat' dir='ltr'>eorum</span> <span class='ocrx_word' id='word_1_337' title='bbox 1111 3195 1225 3263; x_wconf 66' lang='grc' dir='ltr'>ὶίιιψίιι</span> 
     </span>
     <span class='ocr_line' id='line_1_37' title="bbox 179 3273 1224 3347; baseline 0.003 -22"><span class='ocrx_word' id='word_1_338' title='bbox 179 3293 315 3340; x_wconf 79' lang='lat' dir='ltr'>excusem,</span> <span class='ocrx_word' id='word_1_339' title='bbox 328 3288 355 3328; x_wconf 89' lang='lat' dir='ltr'>et</span> <span class='ocrx_word' id='word_1_340' title='bbox 367 3289 503 3347; x_wconf 88' lang='lat' dir='ltr'>stuporem</span> <span class='ocrx_word' id='word_1_341' title='bbox 514 3296 603 3334; x_wconf 87' lang='lat' dir='ltr'>meum</span> <span class='ocrx_word' id='word_1_342' title='bbox 615 3280 760 3331; x_wconf 79' lang='lat' dir='ltr'>excutiam:</span> <span class='ocrx_word' id='word_1_343' title='bbox 774 3279 821 3330; x_wconf 89' lang='lat' dir='ltr'>sed</span> <span class='ocrx_word' id='word_1_344' title='bbox 832 3277 897 3330; x_wconf 88' lang='lat' dir='ltr'>niltil</span> <span class='ocrx_word' id='word_1_345' title='bbox 909 3279 1031 3331; x_wconf 89' lang='lat' dir='ltr'>occurrit.</span> <span class='ocrx_word' id='word_1_346' title='bbox 1040 3273 1123 3343; x_wconf 85' lang='lat' dir='ltr'>Vide,</span> <span class='ocrx_word' id='word_1_347' title='bbox 1132 3275 1224 3342; x_wconf 92' lang='lat' dir='ltr'>lector,</span> 
     </span>
     <span class='ocr_line' id='line_1_38' title="bbox 169 3353 1172 3428; baseline 0.002 -24"><span class='ocrx_word' id='word_1_348' title='bbox 169 3354 201 3404; x_wconf 87' lang='lat' dir='ltr'>&#39;si</span> <span class='ocrx_word' id='word_1_349' title='bbox 214 3355 277 3425; x_wconf 87' lang='lat' dir='ltr'>quid</span> <span class='ocrx_word' id='word_1_350' title='bbox 291 3367 320 3407; x_wconf 88' lang='lat' dir='ltr'>tn</span> <span class='ocrx_word' id='word_1_351' title='bbox 331 3370 419 3427; x_wconf 91' lang='lat' dir='ltr'>potes.</span> <span class='ocrx_word' id='word_1_352' title='bbox 432 3357 551 3423; x_wconf 83' lang='lat' dir='ltr'>luteres,</span> <span class='ocrx_word' id='word_1_353' title='bbox 563 3355 684 3408; x_wconf 79' lang='lat' dir='ltr'>Salmasii</span> <span class='ocrx_word' id='word_1_354' title='bbox 696 3376 761 3428; x_wconf 91' lang='lat' dir='ltr'>ope,</span> <span class='ocrx_word' id='word_1_355' title='bbox 774 3356 885 3408; x_wconf 83' lang='lat' dir='ltr'>Statium</span> <span class='ocrx_word' id='word_1_356' title='bbox 898 3357 946 3409; x_wconf 93' lang='lat' dir='ltr'>tibi</span> <span class='ocrx_word' id='word_1_357' title='bbox 958 3353 1036 3408; x_wconf 86' lang='lat' dir='ltr'>facile</span> <span class='ocrx_word' id='word_1_358' title='bbox 1047 3355 1172 3420; x_wconf 87' lang='lat' dir='ltr'>restituo,</span> 
     </span>
    </p>

    <p class='ocr_par' dir='ltr' id='par_1_7' title="bbox 395 3454 858 3517">
     <span class='ocr_line' id='line_1_39' title="bbox 395 3454 858 3517; baseline 0.004 -19"><span class='ocrx_word' id='word_1_359' title='bbox 395 3454 464 3513; x_wconf 86' lang='lat' dir='ltr'>Quod</span> <span class='ocrx_word' id='word_1_360' title='bbox 474 3455 541 3500; x_wconf 85' lang='lat' dir='ltr'>ramis</span> <span class='ocrx_word' id='word_1_361' title='bbox 550 3455 587 3517; x_wconf 89' lang='lat' dir='ltr'>pia</span> <span class='ocrx_word' id='word_1_362' title='bbox 598 3455 711 3517; x_wconf 71' lang='lat' dir='ltr'>germinat</span> <span class='ocrx_word' id='word_1_363' title='bbox 720 3455 858 3510; x_wconf 79' lang='lat' dir='ltr'>Damascus,</span> 
     </span>
    </p>

    <p class='ocr_par' dir='ltr' id='par_1_8' title="bbox 396 3525 822 3588">
     <span class='ocr_line' id='line_1_40' title="bbox 396 3525 822 3588; baseline 0.009 -20"><span class='ocrx_word' id='word_1_364' title='bbox 396 3526 424 3568; x_wconf 81' lang='lat' dir='ltr'>Et</span> <span class='ocrx_word' id='word_1_365' title='bbox 434 3525 498 3588; x_wconf 91' lang='lat' dir='ltr'>quod</span> <span class='ocrx_word' id='word_1_366' title='bbox 506 3527 627 3588; x_wconf 88' lang='lat' dir='ltr'>percoquit</span> <span class='ocrx_word' id='word_1_367' title='bbox 636 3526 719 3572; x_wconf 73' lang='lat' dir='ltr'>Ebot&#39;a</span> <span class='ocrx_word' id='word_1_368' title='bbox 729 3527 822 3581; x_wconf 88' lang='lat' dir='ltr'>cannis,</span> 
     </span>
    </p>

    <p class='ocr_par' dir='ltr' id='par_1_9' title="bbox 396 3596 786 3660">
     <span class='ocr_line' id='line_1_41' title="bbox 396 3596 786 3660; baseline 0.01 -20"><span class='ocrx_word' id='word_1_369' title='bbox 396 3597 477 3658; x_wconf 69' lang='lat' dir='ltr'>Largis</span> <span class='ocrx_word' id='word_1_370' title='bbox 486 3597 609 3658; x_wconf 69' lang='lat' dir='ltr'>gratuitum</span> <span class='ocrx_word' id='word_1_371' title='bbox 619 3596 680 3643; x_wconf 88' lang='lat' dir='ltr'>cadit</span> <span class='ocrx_word' id='word_1_372' title='bbox 689 3598 786 3660; x_wconf 77' lang='lat' dir='ltr'>rapinis3</span> 
     </span>
    </p>
   </div>
   <div class='ocr_carea' id='block_1_7' title="bbox 173 3679 1226 4070">
    <p class='ocr_par' dir='ltr' id='par_1_10' title="bbox 173 3679 1226 4070">
     <span class='ocr_line' id='line_1_42' title="bbox 175 3679 1226 3760; baseline 0.001 -29"><span class='ocrx_word' id='word_1_373' title='bbox 175 3679 250 3754; x_wconf 82' lang='lat' dir='ltr'>quod</span> <span class='ocrx_word' id='word_1_374' title='bbox 261 3683 353 3735; x_wconf 78' lang='lat' dir='ltr'>Ebosia</span> <span class='ocrx_word' id='word_1_375' title='bbox 363 3685 512 3757; x_wconf 84' lang='lat' dir='ltr'>percoquit,</span> <span class='ocrx_word' id='word_1_376' title='bbox 527 3700 569 3752; x_wconf 90' lang='grc' dir='ltr'>ιιι,</span> <span class='ocrx_word' id='word_1_377' title='bbox 582 3686 652 3758; x_wconf 86' lang='lat' dir='ltr'>quod</span> <span class='ocrx_word' id='word_1_378' title='bbox 663 3687 804 3740; x_wconf 82' lang='lat' dir='ltr'>Damascus</span> <span class='ocrx_word' id='word_1_379' title='bbox 814 3689 959 3760; x_wconf 74' lang='lat' dir='ltr'>permutat,-</span> <span class='ocrx_word' id='word_1_380' title='bbox 972 3686 1061 3738; x_wconf 76' lang='lat' dir='ltr'>caustis</span> <span class='ocrx_word' id='word_1_381' title='bbox 1072 3685 1226 3755; x_wconf 86' lang='lat' dir='ltr'>percoquit,</span> 
     </span>
     <span class='ocr_line' id='line_1_43' title="bbox 175 3761 1225 3837; baseline -0.001 -27"><span class='ocrx_word' id='word_1_382' title='bbox 175 3771 219 3825; x_wconf 91' lang='lat' dir='ltr'>ut,</span> <span class='ocrx_word' id='word_1_383' title='bbox 230 3761 462 3832; x_wconf 73' lang='lat' dir='ltr'>rumitgerminat:</span> <span class='ocrx_word' id='word_1_384' title='bbox 473 3763 562 3816; x_wconf 86' lang='lat' dir='ltr'>omnia</span> <span class='ocrx_word' id='word_1_385' title='bbox 571 3763 676 3816; x_wconf 87' lang='lat' dir='ltr'>similia.</span> <span class='ocrx_word' id='word_1_386' title='bbox 685 3765 810 3836; x_wconf 79' lang='lat' dir='ltr'>lntelligit</span> <span class='ocrx_word' id='word_1_387' title='bbox 820 3778 903 3816; x_wconf 89' lang='lat' dir='ltr'>totum</span> <span class='ocrx_word' id='word_1_388' title='bbox 913 3777 1070 3837; x_wconf 87' lang='lat' dir='ltr'>proventum</span> <span class='ocrx_word' id='word_1_389' title='bbox 1081 3779 1225 3813; x_wconf 84' lang='lat' dir='ltr'>ceunarum</span> 
     </span>
     <span class='ocr_line' id='line_1_44' title="bbox 174 3835 1225 3916; baseline -0.002 -30"><span class='ocrx_word' id='word_1_390' title='bbox 174 3835 256 3906; x_wconf 81' lang='lat' dir='ltr'>hujus</span> <span class='ocrx_word' id='word_1_391' title='bbox 270 3839 376 3891; x_wconf 72' lang='lat' dir='ltr'>insule:</span> <span class='ocrx_word' id='word_1_392' title='bbox 390 3842 463 3912; x_wconf 83' lang='lat' dir='ltr'>quod</span> <span class='ocrx_word' id='word_1_393' title='bbox 475 3844 545 3894; x_wconf 86' lang='lat' dir='ltr'>enirn</span> <span class='ocrx_word' id='word_1_394' title='bbox 558 3855 597 3894; x_wconf 86' lang='lat' dir='ltr'>est</span> <span class='ocrx_word' id='word_1_395' title='bbox 609 3844 746 3914; x_wconf 81' lang='lat' dir='ltr'>quicquid,</span> <span class='ocrx_word' id='word_1_396' title='bbox 761 3842 801 3894; x_wconf 84' lang='lat' dir='ltr'>uel</span> <span class='ocrx_word' id='word_1_397' title='bbox 814 3855 957 3916; x_wconf 82' lang='lat' dir='ltr'>quantum:</span> <span class='ocrx_word' id='word_1_398' title='bbox 971 3843 1043 3894; x_wconf 86' lang='lat' dir='ltr'>etita</span> <span class='ocrx_word' id='word_1_399' title='bbox 1055 3838 1134 3912; x_wconf 88' lang='lat' dir='ltr'>plane</span> <span class='ocrx_word' id='word_1_400' title='bbox 1146 3837 1225 3888; x_wconf 91' lang='lat' dir='ltr'>babet</span> 
     </span>
     <span class='ocr_line' id='line_1_45' title="bbox 174 3917 1225 3994; baseline -0.005 -25"><span class='ocrx_word' id='word_1_401' title='bbox 174 3917 258 3970; x_wconf 88' lang='lat' dir='ltr'>editio</span> <span class='ocrx_word' id='word_1_402' title='bbox 272 3922 431 3975; x_wconf 77' lang='lat' dir='ltr'>Parmensis.</span> <span class='ocrx_word' id='word_1_403' title='bbox 451 3923 589 3976; x_wconf 82' lang='lat' dir='ltr'>Gerartius</span> <span class='ocrx_word' id='word_1_404' title='bbox 604 3943 652 3994; x_wconf 91' lang='lat' dir='ltr'>per</span> <span class='ocrx_word' id='word_1_405' title='bbox 667 3941 763 3974; x_wconf 82' lang='lat' dir='ltr'>cannas</span> <span class='ocrx_word' id='word_1_406' title='bbox 776 3922 898 3993; x_wconf 73' lang='lat' dir='ltr'>intelligit</span> <span class='ocrx_word' id='word_1_407' title='bbox 913 3921 982 3974; x_wconf 88' lang='lat' dir='ltr'>istud</span> <span class='ocrx_word' id='word_1_408' title='bbox 999 3919 1070 3992; x_wconf 88' lang='lat' dir='ltr'>quod</span> <span class='ocrx_word' id='word_1_409' title='bbox 1084 3937 1133 3968; x_wconf 86' lang='lat' dir='ltr'>nos</span> <span class='ocrx_word' id='word_1_410' title='bbox 1148 3933 1225 3966; x_wconf 85' lang='lat' dir='ltr'>voca·</span> 
     </span>
     <span class='ocr_line' id='line_1_46' title="bbox 173 3995 1224 4070; baseline -0.003 -23"><span class='ocrx_word' id='word_1_411' title='bbox 173 4015 236 4048; x_wconf 82' lang='lat' dir='ltr'>ntus</span> <span class='ocrx_word' id='word_1_412' title='bbox 251 3997 417 4062; x_wconf 66' lang='lat' dir='ltr'>saeclorum</span> <span class='ocrx_word' id='word_1_413' title='bbox 436 4015 460 4051; x_wconf 79' lang='lat' dir='ltr'>rt</span> <span class='ocrx_word' id='word_1_414' title='bbox 474 3999 605 4053; x_wconf 80' lang='lat' dir='ltr'>veteribus</span> <span class='ocrx_word' id='word_1_415' title='bbox 622 4021 675 4052; x_wconf 89' lang='lat' dir='ltr'>non</span> <span class='ocrx_word' id='word_1_416' title='bbox 687 4003 849 4070; x_wconf 74' lang='lat' dir='ltr'>incognitum</span> <span class='ocrx_word' id='word_1_417' title='bbox 863 4019 917 4052; x_wconf 87' lang='lat' dir='ltr'>esse</span> <span class='ocrx_word' id='word_1_418' title='bbox 931 4021 960 4051; x_wconf 84' lang='lat' dir='ltr'>er</span> <span class='ocrx_word' id='word_1_419' title='bbox 972 3997 1093 4049; x_wconf 82' lang='lat' dir='ltr'>hocloco</span> <span class='ocrx_word' id='word_1_420' title='bbox 1105 3995 1224 4045; x_wconf 80' lang='lat' dir='ltr'>adstruit.</span> 
     </span>
    </p>
   </div>
   <div class='ocr_carea' id='block_1_8' title="bbox 0 0 1406 4490">
    <p class='ocr_par' dir='ltr' id='par_1_11' title="bbox 0 0 1406 4490">
     <span class='ocr_line' id='line_1_47' title="bbox 0 0 1406 4490; baseline 0 0"><span class='ocrx_word' id='word_1_421' title='bbox 0 0 1406 4490; x_wconf 95' lang='lat' dir='ltr'> </span> 
     </span>
    </p>
   </div>
  </div>
 </body>
</html>
