2850 4488
374 350 504 414 LIBRI
529 349 714 432 QUARTI
739 349 991 418 SILVARUM.
1138 365 1202 449 4¹7

162 478 241 530 missa
251 476 375 528 fuerunt:
390 473 462 527 unde
471 474 569 528 Noster
578 473 674 528 Achill.
684 477 712 541 l,
721 474 789 544 594,
800 474 832 527 de
841 475 927 547 Orgiis
937 478 1048 532 Baccbi:
1061 503 1072 528 ι
1084 483 1205 557 ...bajus

162 557 190 606 in
203 555 300 609 umbra
316 555 455 608 Alternum
473 573 597 608 revocare
609 557 659 627 {pia
676 555 820 608 Trieterica
838 563 934 609 matres
953 558 1127 616 consuerant.
1142 588 1153 613 ι
1174 568 1207 618 Et

162 646 266 688 constat
279 634 353 688 illam
366 634 434 686 Ditis
448 646 475 686 et
487 635 650 705 Proserpinae
665 653 755 700 aram,
774 652 833 706 quae
847 637 875 687 in
892 654 987 709 campo
1005 641 1117 708 Martio,
1130 643 1158 694 in
1173 663 1205 696 eo

161 711 223 765 loco
236 715 282 786 qni
300 715 425 768 Terentus
440 713 591 781 dicebatur,
607 713 657 767 sub
674 726 744 766 terra
761 711 877 782 latebat,
893 717 1001 790 singulis
1013 733 1119 772 centnm
1130 726 1205 777 annis

163 793 259 863 effodi,
272 795 401 866 novisque
413 791 536 846 sacrificia
546 794 599 848 coli
607 793 720 846 solitam.
731 793 846 848 Consule
853 793 942 849 Valer.
954 799 1099 852 Maximum
1110 801 1156 854 lib.
1169 805 1207 870 11,

162 891 221 944 esp.
234 874 267 940 43
278 875 438 928 Politisnum
448 874 550 928 Miscel.
561 893 619 947 cap.
629 874 663 928 58
673 876 721 937 ;D.
731 875 908 946 Augustinum
916 877 949 930 de
958 877 1033 932 Cirit.
1043 881 1093 932 Dei
1103 881 1148 935 lib.
1156 885 1206 949 tt,

162 970 222 1024 cap.
238 955 284 1018 18;
299 969 326 1008 et
338 955 514 1008 Censorinum
524 954 558 1008 de
570 955 619 1007 Die
633 953 730 1007 Natali.
748 955 866 1007 Gerana.

197 1125 240 1193 43.
266 1126 361 1177 Decem
379 1135 424 1176 tran
442 1125 551 1176 nomina
569 1141 672 1178 menses.
696 1125 764 1176 Nam
779 1123 833 1176 dno
849 1141 953 1178 menses
964 1129 1020 1198 jam
1034 1131 1119 1182 sortiti
1132 1148 1207 1187 erant

162 1208 270 1257 nomina
282 1205 426 1257 Domitiani
439 1227 445 1257 a
462 1203 637 1276 septembrem
651 1205 721 1256 enirn
737 1204 922 1256 Germanicum
936 1207 1130 1279 nominaverat,
1146 1215 1208 1286 quia

164 1303 197 1338 eo
209 1286 367 1358 suscepisset
378 1286 533 1356 imperinm
548 1296 574 1336 et
589 1283 733 1336 Octobrem
747 1285 943 1350 Domitianum,
959 1289 1021 1358 qnia
1033 1307 1065 1341 eo
1078 1304 1147 1344 esset
1156 1313 1207 1346 na·

162 1379 214 1418 tna.
229 1369 376 1438 Utrumque
389 1383 487 1417 nomen
501 1364 630 1417 abolitum
644 1377 683 1417 est
695 1383 727 1416 eo
742 1377 863 1428 mortno;
878 1378 952 1418 tanta
964 1366 1036 1421 illius
1049 1371 1164 1442 invidia,
1178 1387 1207 1428 nt

162 1459 258 1519 postea
270 1443 359 1498 nullus
373 1447 469 1498 mensio
483 1463 580 1497 nomen
593 1445 764 1515 Imperatoris
779 1446 919 1515 acceperit.
939 1447 1035 1500 Duum.

197 1618 240 1685 45.
261 1616 335 1669 Turre
346 1633 434 1670 omnes
444 1615 646 1688 panreresnres,
658 1615 769 1688 letoque
780 1614 904 1668 dederunt
913 1617 995 1691 Siqua
1007 1619 1079 1692 polo.
1091 1622 1153 1674 Non
1164 1625 1206 1677 in.

161 1697 251 1770 telligo
261 1715 382 1770 qaenam
392 1697 491 1749 luerint
501 1695 542 1747 lue
548 1695 619 1766 fores
630 1713 687 1768 qne
696 1705 817 1767 petuam
830 1713 884 1746 non
893 1697 972 1758 lana}
983 1697 1028 1750 ille
1037 1701 1107 1752 enim
1120 1703 1205 1757 clauso

160 1789 268 1850 reperte
283 1777 395 1848 recepitr
417 1777 558 1827 «Deorum
571 1775 660 1841 iores,
678 1777 818 1847 inquiunt,
837 1793 896 1846 qnae
912 1776 939 1826 in
957 1779 1073 1851 singulas
1089 1782 1205 1836 Deorum
1317 1837 1324 1846 ,

160 1859 252 1911 domos
264 1855 406 1909 ducebant.
418 1877 428 1901 r
441 1855 523 1925 Atqui
535 1853 702 1926 omnessores
712 1867 775 1906 sunt
786 1865 839 1905 tam
852 1854 988 1908 hominum
999 1877 1079 1929 quam
1089 1863 1205 1916 Deorum

159 1939 237 1990 iores.
249 1938 394 2001 Praeterea,
410 1931 546 2006 qu'omodo
563 1951 651 1986 omnes
661 1933 733 1985 fores
748 1943 841 2004 patent
853 1952 936 2004 quum
952 1938 1014 1990 lani
1029 1940 1206 1997 clauserint?

159 2013 278 2080 Deinde,
291 2014 334 2066 cui
350 2013 416 2066 bono
428 2011 588 2083 patuerunt?
600 2012 700 2083 quippe
711 2012 784 2063 fores
798 2029 845 2063 sna
857 2027 952 2084 sponte
966 2029 1057 2089 patere
1070 2021 1138 2074 mali
1148 2038 1205 2074 erat

159 2107 186 2149 et
199 2095 308 2148 infausti
324 2092 430 2156 ominis,
449 2104 481 2143 nt
496 2110 527 2144 ex
543 2089 664 2163 pluribus
682 2093 852 2162 antiquorum
870 2091 936 2145 locis
953 2113 1021 2166 quos
1035 2111 1095 2152 ante
1110 2100 1203 2154 oeulos

121 2237 125 2244 ι
155 2179 211 2247 jam
224 2173 327 2239 habeo,
339 2171 454 2245 probare
465 2188 588 2244 possem
604 2169 663 2223 ride
679 2169 788 2222 Sneton.
805 2167 857 2222 Jnl.
871 2189 894 2222 c.
910 2172 957 2234 tn
975 2177 1037 2228 Ner.
1051 2196 1075 2229 o.
1087 2178 1136 2245 463
1150 2183 1202 2233 Tit.

159 2275 183 2308 c.
200 2253 248 2320 243
261 2253 399 2316 Tacitum,
415 2251 481 2303 llist.
493 2253 527 2317 V,
543 2250 588 2314 133
604 2250 749 2322 Vopiscum
764 2252 792 2302 in
805 2250 945 2320 Floriano,
960 2272 1017 2327 cap.
1034 2255 1059 2322 4.
1075 2260 1148 2330 Piger
1161 2261 1203 2314 his

159 2331 365 2388 absurditatibns
380 2331 521 2382 immorari.
535 2331 614 2382 Bonis
631 2329 724 2382 avibus
740 2331 835 2384 critice
848 2331 921 2384 litavi
933 2351 1015 2404 quum
1025 2333 1098 2390 hunc
1112 2338 1202 2394 locum

157 2419 193 2469 ita
204 2413 322 2466 restitui:
337 2434 349 2458 ι
356 2411 432 2462 Tunc
445 2428 524 2463 omen
535 2410 659 2483 plausere
669 2411 753 2478 iores,
762 2410 868 2482 letique
878 2411 1010 2468 dederunt
1019 2417 1097 2488 Signa
1107 2418 1177 2490 poli;
1188 2445 1199 2468 ι

157 2493 221 2546 dicit
236 2493 297 2545 lani
310 2493 382 2545 fores
395 2489 523 2562 planqore
536 2490 640 2544 dedisse
654 2492 758 2562 signnm
775 2502 801 2542 et
817 2510 893 2544 omen
907 2492 963 2546 hec
977 2513 1034 2566 qnae
1045 2497 1201 2568 predixerat

158 2586 282 2625 uentura
298 2589 364 2624 esse.
378 2568 518 2621 Claudiam.
535 2568 569 2621 de
584 2571 662 2640 Rapt.
679 2570 752 2620 Prot.
771 2579 832 2620 uter
844 2569 952 2622 cardine
964 2590 1040 2626 verso
1052 2575 1200 2649 Praesegnm

158 2654 276 2706 cecinere
290 2653 398 2714 foretn-
415 2648 543 2717 Ovidius,
555 2648 662 2702 Metam.
676 2649 729 2716 IX,
744 2649 810 2717 782:
830 2651 884 2701 «Et
903 2650 993 2724 templi
1012 2665 1142 2709 tremuere
1156 2659 1199 2709 fo-

157 2751 232 2796 res;·
248 2733 385 2805 presentis
398 2731 498 2784 scilicet
511 2731 627 2782 numinis
639 2730 752 2799 signnm.
764 2729 904 2800 Virgilius,
917 2732 1019 2786 AEneid.
1032 2735 1081 2803 ΠΙ,
1094 2753 1144 2805 9⁰=

341 2841 385 2885 Vix
395 2853 422 2886 ea
431 2839 492 2886 latua
501 2853 565 2885 eram
573 2854 580 2893 ;
589 2848 689 2883 tremere
696 2835 772 2881 omnia
781 2835 829 2882 risa
837 2847 948 2899 repente,

337 2911 485 2972 liminaque,
495 2909 620 2973 laurusque
630 2908 688 2965 Dei;
699 2918 808 2970 totusque
817 2909 906 2954 moveri

161 3021 165 3032 .
338 2982 406 3028 biom
414 2981 516 3038 dream,

154 3079 219 3133 Vide
233 3079 330 3134 illustr.
345 3077 438 3132 Ezeeln
454 3078 660 3152 spanhemium,
676 3079 711 3133 ad
723 3077 876 3134 Callimaclr.
888 3082 982 3153 flymn.
999 3085 1024 3134 in
1037 3082 1196 3154 Apollinem.

153 3161 220 3214 liene
230 3179 294 3214 vero
306 3179 383 3213 omen
393 3159 529 3232 plumare,
540 3159 568 3214 id
581 3173 633 3228 est,
644 3160 794 3233 plaudendo
806 3160 910 3222 dedem
921 3160 1006 3215 Theb.
1019 3164 1066 3230 111,
1080 3162 1145 3216 502:

336 3265 419 3312 Nonne
429 3266 472 3313 snb
482 3265 572 3315 excelso
581 3269 690 3331 spirantis
699 3267 771 3314 limite
780 3265 830 3315 caeli
838 3303 845 3325 ,

337 3337 493 3401 Amphiarae,
503 3339 567 3386 rides
575 3375 581 3397 ,
592 3355 674 3387 currus
683 3352 710 3386 nt
719 3339 782 3387 nulla
791 3355 885 3388 serenos

334 3408 389 3457 Alea
398 3411 466 3473 agat?
475 3409 612 3474 liquidoque
619 3409 700 3474 polum
708 3410 827 3473 complexa
836 3421 914 3458 meatu

334 3479 455 3529 Pendeat?
464 3493 503 3527 ant
512 3481 605 3546 lugiens
612 3482 725 3546 placabile
733 3480 847 3546 plauserit
855 3483 942 3530 omen?

150 3581 196 3634 nbi
209 3595 296 3634 tamen
312 3579 419 3634 codices
435 3578 536 3634 babent
550 3582 683 3656 planxerit
694 3601 786 3642 ortena
801 3581 876 3654 qnod
888 3579 982 3634 eodem
997 3582 1099 3635 recidit.
1114 3583 1195 3636 Clau·

148 3663 220 3717 dian.
233 3661 266 3714 ale
281 3661 355 3714 Bello
367 3662 450 3715 Getic.
469 3660 606 3736 tlaetisqne
617 3664 733 3732 Quirites
744 3662 863 3715 Vocibus
877 3665 1024 3734 auspicium
1040 3667 1106 3717 certi
1116 3664 1195 3737 plau-

148 3761 206 3796 sere
218 3740 381 3814 triumphi3»
397 3745 503 3808 Noster,
515 3741 644 3794 Thebaid.
658 3743 708 3810 111,
720 3761 787 3795 vers.
799 3741 867 3811 ⁴93:
885 3756 971 3794 «tnnc
983 3745 1068 3795 omnis
1080 3746 1106 3795 in
1119 3748 1195 3797 astris

146 3825 286 3878 Consonat
294 3841 391 3876 areana
401 3823 515 3876 volucris
526 3822 599 3875 bona
608 3840 741 3875 murmura
754 3823 857 3892 lingum
869 3845 880 3869 r
891 3822 919 3874 id
930 3836 983 3890 est,
993 3825 1157 3877 consonando
1169 3839 1195 3876 et

143 3902 302 3976 plaudendo
316 3903 360 3955 det
369 3902 441 3956 bona
457 3922 593 3956 murmura
610 3922 657 3956 sen
669 3904 767 3954 omina.
783 3903 825 3954 Sic
838 3903 943 3954 sternuit
955 3921 1030 3954 omen
1044 3903 1136 3967 Amor,
1153 3917 1195 3966 et,

143 3984 263 4034 dextram
274 3982 385 4036 sternuit
393 3984 621 4056 approbationem,
634 3980 705 4053 apud
715 3982 879 4053 Propertium
890 3993 916 4032 et
925 3980 1073 4045 Catullum,
1085 3993 1125 4032 est
1134 3991 1195 4032 ster-

142 4059 252 4115 nuendo
262 4059 332 4113 dedit
341 4079 417 4116 omen
428 4075 454 4115 et
466 4061 695 4134 approbationem.
707 4058 843 4112 Claudiae.
854 4057 887 4112 de
896 4057 976 4110 Cone.
989 4058 1066 4109 Prob.
1080 4071 1105 4109 et
1115 4057 1193 4130 Olyb.

237 4152 268 4216 Ι.
1011 4171 1050 4234 27
