2844 4484
215 306 279 396 598
374 303 508 368 NOTAE
534 303 582 365 lN
607 303 802 366 CARMEN
826 303 1094 369 SECUNDUM

212 435 285 486 Rom.
297 432 412 483 Meosne
425 430 467 482 Sic
480 425 551 502 apud
561 428 732 494 Ciceronem,
744 424 872 480 Paradox.
885 427 983 498 l,ipso
995 430 1088 495 initio,
1102 447 1151 500 pro
1167 433 1259 484 asini.

214 531 305 564 corurn
316 509 454 562 hominurn
466 507 689 581 disputationibus
698 532 727 575 ,n
742 507 823 579 plano
835 506 975 579 legendum
990 531 1002 554 ι
1013 509 1160 562 otiosorum
1173 510 1259 564 bouri-

214 611 314 658 num,»
332 589 413 642 literis
425 591 598 660 transpositis.
616 589 702 660 Tyriae
713 600 806 640 matres
821 601 884 640 sunt
899 587 1036 642 Thebane.
1049 591 1111 643 Non
1130 601 1203 644 toruo
1219 591 1259 642 lu·

215 673 302 738 mine,
315 685 427 744 propter
438 668 661 742 pulchritudinem
676 669 868 739 Parthenopaei.

254 813 311 866 125.
329 813 398 865 Nam
409 812 499 885 mnqni
509 808 582 864 ducis
595 811 758 884 indulqentia
772 809 868 884 pulsat.
885 809 980 863 Nescio
999 811 1105 882 quidem
1122 813 1259 886 quomodo

216 893 379 969 indulpentia
392 893 535 946 Domitiani
549 889 601 942 dici
619 894 737 964 potuerit
748 889 853 963 pulsare
865 891 1023 964 Crispinum.
1044 891 1184 964 Explicaut
1199 895 1259 966 qui-

216 973 290 1040 dem,
308 970 455 1044 «propellit
469 985 495 1022 et
508 985 601 1043 pectus
614 971 788 1023 inflammat.»
805 969 855 1022 Sed
869 969 922 1021 boc
936 974 1029 1024 nonin
1044 990 1072 1024 se
1084 974 1203 1026 continet
1215 992 1261 1025 no·

216 1055 253 1107 tio
266 1053 338 1104 verbi
347 1051 465 1124 pulsare,
479 1049 551 1122 qnod
563 1051 616 1102 vim
628 1063 654 1102 et
667 1049 818 1103 violentiam
830 1047 956 1112 denotat;
969 1050 1034 1102 adeo
1048 1064 1077 1102 ut
1089 1069 1258 1123 nequaquam

212 1135 289 1206 junqi
302 1133 387 1205 possit
401 1149 461 1182 cum
474 1129 510 1198 ιᾷ
519 1129 693 1203 indulpentia.
705 1132 812 1195 Noster,
823 1128 952 1182 Thebaid.
965 1134 992 1192 1,
1008 1128 1076 1195 368,
1091 1130 1125 1182 de
1135 1132 1259 1204 Polynice

216 1232 263 1284 per
275 1211 396 1264 tenebras
408 1213 457 1262 iter
468 1210 598 1274 faciente,

400 1320 551 1380 Incertasque
561 1318 616 1370 vise,
626 1332 670 1378 per
679 1319 744 1378 nigra
753 1315 857 1371 silentia,
867 1328 956 1363 vacuum

400 1390 481 1434 llanrit
489 1390 547 1434 iter:
558 1385 633 1451 pulsat
642 1399 718 1432 metus
726 1386 844 1450 undique,
856 1400 880 1434 et
888 1386 992 1450 undique
1001 1387 1088 1444 frater3

218 1490 425 1560 elegentissime:
442 1500 536 1541 notum
550 1485 621 1540 istud
637 1485 756 1558 Virgilii,
773 1485 883 1538 ·Cordn
898 1505 982 1559 pavor
997 1487 1122 1560 pulsans,
1135 1486 1259 1540 laudum·

218 1588 270 1640 que
284 1582 384 1622 arrecta
396 1569 509 1640 cupido;
521 1591 532 1615 ι
546 1567 662 1619 Alcimus
673 1567 783 1632 Avitus,
795 1568 833 1634 ll,
845 1567 896 1636 317
908 1589 914 1617 =
929 1590 941 1612 ι
950 1568 1007 1619 Nec
1018 1569 1106 1620 minus
1118 1567 1158 1619 bis
1171 1567 1259 1640 pulsat

218 1650 350 1701 contraria
364 1667 427 1701 cura
441 1648 532 1702 salutis
541 1669 569 1712 3·
586 1645 676 1700 Sidon.
691 1645 868 1719 Apollinaris,
881 1649 967 1700 Carm.
982 1647 1020 1712 ll,
1034 1648 1100 1714 416:
1120 1665 1258 1712 euoenon,

217 1728 341 1800 pulsante
351 1744 471 1795 senecta,
484 1730 552 1782 Hinc
562 1727 675 1778 redivivu
686 1729 752 1797 petit
761 1727 862 1779 vicinus
874 1729 994 1778 cinnama
1003 1725 1120 1780 Phoenix.
1132 1750 1144 1774 ι
1158 1727 1184 1779 Si
1196 1725 1259 1800 quid

217 1810 310 1876 video,
325 1812 429 1882 scripsit
442 1809 556 1874 Statius,
573 1825 654 1859 enam
666 1809 755 1877 magni
766 1804 841 1859 ducis
853 1805 1019 1877 indulgentia
1030 1811 1131 1879 poscit3
1140 1831 1152 1852 ι
1166 1807 1194 1860 id
1206 1820 1259 1871 est,

222 1890 312 1943 «ultro
327 1902 354 1942 et
366 1893 439 1961 pn'or
452 1903 478 1940 te
495 1899 624 1960 provocat
638 1899 664 1938 et
679 1885 815 1949 hortatum
826 1910 838 1934 ι
859 1885 1054 1958 elegantissima
1067 1905 1135 1939 vox:
1152 1885 1258 1950 Noster,

218 1968 303 2022 Theb.
321 1971 359 2037 ll,
373 1970 439 2038 399:
457 1966 528 2018 nSed
544 1969 605 2039 quia
622 1965 707 2018 dulcis
726 1985 800 2018 amor
818 1967 908 2036 regui,
926 1965 1109 2039 blandumque
1126 1978 1259 2037 potestas,

219 2049 338 2102 Posceris
346 2069 354 2110 ;
365 2072 376 2094 ι
391 2047 468 2101 ovid.
481 2049 551 2099 Fast.
564 2047 609 2113 IV,
624 2063 671 2116 7²¹
684 2069 689 2096 :

403 2151 454 2198 Noa
461 2149 529 2206 abiit,
539 2151 659 2212 oriturque
667 2152 765 2197 Aurora.
777 2149 854 2198 Palilia
863 2165 959 2213 poscor:

433 2221 486 2266 Non
495 2236 579 2282 poscor
588 2221 685 2278 ἠιιιιιι,
696 2223 714 2270 si
723 2222 786 2268 favet
795 2221 854 2268 alim
864 2221 938 2268 Pales.

218 2315 284 2368 Vide
294 2315 327 2367 cl.
338 2316 483 2368 Bentleium
495 2316 528 2368 ad
541 2319 631 2368 Horat.
644 2317 731 2370 Carsu.
744 2321 771 2382 l,
785 2319 827 2371 32.
837 2317 895 2370 Vel.
908 2319 995 2372 Flncc.
1005 2322 1033 2386 l,
1046 2319 1112 2390 769:
1127 2339 1259 2392 suagros

219 2394 307 2448 obitus
318 2407 479 2468 nutumque,
490 2393 667 2468 domumque,
681 2399 715 2450 Et
725 2415 810 2467 genus
821 2397 951 2465 AEolium,
966 2413 1134 2472 pugnataque
1147 2419 1260 2471 poscere

218 2475 324 2540 bellam·
344 2495 375 2529 ex
388 2495 443 2548 quo
460 2474 521 2528 loco
535 2479 647 2544 Noster,
658 2476 718 2530 Silv.
733 2479 782 2544 lV,
794 2479 825 2546 4,
838 2479 886 2548 73,
902 2493 931 2531 ut
947 2479 1002 2532 illic
1017 2481 1119 2546 notevi,
1138 2503 1149 2525 ι
1159 2481 1260 2552 Magne

218 2569 302 2628 putor,
320 2556 466 2628 dignosque
485 2558 628 2609 etiamnum
647 2557 758 2629 belliger
777 2571 850 2612 actus
869 2560 956 2612 Poscit
973 2575 1067 2612 avua·
1090 2559 1260 2634 ledulqentia

218 2639 298 2706 iqitur
306 2637 474 2706 Imperatoris
483 2633 536 2687 hoc
546 2636 642 2708 poscit,
652 2636 910 2714 postulat,stupitat,
924 2651 953 2690 ut
963 2655 1055 2712 surgas
1065 2651 1091 2690 et
1100 2642 1187 2690 animo
1197 2657 1260 2690 con-

218 2716 302 2786 cipias
311 2729 457 2768 castrorum
467 2733 564 2768 curam.
577 2719 622 2768 lle
632 2735 710 2770 voces
721 2716 855 2768 interdurn
867 2729 1077 2770 commutantur:
1091 2719 1141 2784 sic,
1151 2717 1212 2771 silv.
1222 2719 1260 2780 V,

219 2793 249 2860 5,
260 2813 306 2864 71,
318 2797 425 2868 Epiced.
438 2799 465 2848 in
479 2800 569 2864 Puen,
584 2817 633 2868 pro
650 2801 879 2870 «poscentemque
891 2817 972 2852 noras
985 2799 1103 2852 tremulis
1116 2793 1259 2852 ululatibus

219 2893 331 2940 curus„
347 2875 468 2947 probabo
483 2875 624 2947 legendum
641 2897 697 2930 esse
711 2878 921 2954 Pulsantemque.
937 2882 1014 2933 Potes
1030 2883 1107 2932 etiam
1121 2879 1207 2950 legere
1222 2881 1260 2930 in-

215 2953 355 3028 riulpentiu
366 2956 466 3027 perpit,
479 2955 539 3008 Silv.
555 2958 582 3024 l,
598 2975 628 3024 u,
642 2976 674 3009 ex
685 2957 798 3028 Epitlral.
813 2957 884 3010 Stell.
899 2978 923 3010 v.
942 2961 1005 3028 174,

402 3060 469 3106 llunc
479 3073 502 3106 et
510 3059 613 3110 bissenos
623 3068 630 3122 (
639 3065 672 3110 sic
681 3062 823 3124 indulgentia
831 3075 914 3126 pergat

401 3131 508 3177 prendi·
518 3135 613 3180 Ausonii
622 3135 644 3192 i)
654 3149 735 3180 cernes
743 3133 848 3181 attollere
857 3135 929 3182 fasces
937 3152 944 3192 ς

219 3224 328 3289 et‚Silv.
339 3227 426 3293 lV,d,
436 3227 470 3279 ad
479 3231 597 3284 Marcell.
608 3231 651 3302 57,
663 3232 800 3304 «Latiique
809 3235 890 3287 Ducis
901 3236 923 3285 si
935 3236 1043 3286 numina
1056 3249 1176 3306 pergent.
1185 3257 1197 3281 ι
1209 3233 1259 3286 Sed

217 3305 302 3354 verius
311 3317 337 3355 et
351 3304 497 3376 elegantius
509 3309 574 3360 milii
587 3309 688 3360 videtur
698 3313 793 3380 poscit,·
804 3325 830 3362 et
840 3315 949 3362 mutatio
965 3314 1051 3362 minor
1060 3325 1108 3365 est.
1120 3316 1149 3365 ln
1160 3315 1192 3365 iis
1201 3331 1259 3384 quie

219 3399 378 3454 sequuntur,
397 3409 408 3432 ι
417 3387 548 3458 Certaque
558 3387 604 3440 dat
613 3391 680 3440 votis
689 3389 781 3442 hilaris
790 3393 896 3462 vestigla
907 3394 1003 3457 irater,
1012 3417 1025 3438 ι
1040 3393 1121 3464 plane
1135 3396 1243 3446 caecutio
1252 3417 1259 3456 ς

217 3482 338 3535 prorsum
348 3467 453 3536 ignarus
464 3467 527 3538 quid
537 3467 587 3518 sibi
598 3466 659 3520 velit
671 3467 854 3541 lilarisfruter
862 3493 868 3520 :
876 3473 987 3543 fratrem
998 3472 1105 3544 quidem
1117 3491 1259 3546 aequarum

217 3545 353 3616 Crispinus
367 3544 477 3614 babuit,
492 3565 569 3618 supra
584 3565 621 3598 rs,
634 3548 684 3608 65,
702 3563 728 3600 et
744 3551 791 3620 75;
810 3550 854 3603 sed
869 3550 935 3602 nibil
948 3565 1075 3624 praeterear
1090 3551 1124 3605 de
1139 3571 1171 3605 eo
1185 3572 1259 3605 com·

216 3637 320 3694 pertum
334 3625 431 3678 babeo.
446 3629 521 3679 Latet
535 3641 621 3680 tamen
639 3628 689 3679 sub
701 3649 765 3682 voce
781 3630 872 3684 hilaris
883 3631 997 3704 dignitas
1012 3633 1099 3706 aliqua
1114 3653 1160 3687 seu
1172 3633 1261 3686 bonor

218 3722 271 3774 quo
284 3719 376 3757 auctus
388 3707 438 3756 fuit
450 3705 494 3759 bic
500 3707 587 3777 freter
598 3725 612 3758 a
624 3709 788 3776 Domitiuno;
802 3711 873 3764 unde
885 3713 919 3765 de
929 3713 1052 3785 Crispino
1066 3731 1173 3786 quoque
1185 3716 1260 3785 paria

218 3787 350 3838 ominatur
363 3785 468 3838 Statius.
484 3787 560 3839 Potes
574 3787 676 3857 legere,
693 3813 704 3834 ι
714 3791 844 3864 Certaque
859 3793 905 3846 dat
918 3797 986 3846 votis
1000 3793 1064 3846 loetis
1080 3796 1188 3864 vestigia
1203 3797 1259 3846 ira·

218 3876 290 3927 terp·
306 3863 351 3916 sed
367 3863 477 3917 multum
493 3865 568 3918 abest
580 3881 609 3920 ut
623 3870 732 3922 Statium
747 3875 782 3924 ita
795 3875 928 3944 scripsisse
941 3873 1134 3926 affirmaverim.

253 4022 311 4076 ¹²9·
329 4005 440 4060 Flectere
453 4011 540 4062 Castor
549 4029 639 4083 equos,
657 4013 768 4068 humeris
780 4027 882 4087 quatere
894 4037 967 4071 arura
982 4021 1111 4088 Quirinus.
1125 4017 1155 4070 lu
1167 4017 1257 4088 priore
