2858 4492
219 291 284 370 304
411 287 548 353 nora
572 287 622 350 ru
646 287 845 352 canunt
869 289 1069 356 Patuuu

216 428 279 488 post
291 415 360 468 dena
372 413 463 466 Phoebi
474 413 568 480 lustro,
577 411 605 464 id
616 425 669 480 est,
681 432 764 466 annos
773 415 858 466 decem
870 437 878 466 .·
893 413 963 468 bena
975 417 1055 487 igitur
1068 415 1167 486 veloci,
1186 419 1263 472 «An-

218 515 271 548 nna
285 495 371 547 veloci
386 507 519 565 peragunt
530 495 674 545 certamino
687 492 811 554 lustro,·»
831 507 942 560 contra,
959 496 1050 570 inpetis
1064 495 1176 550 luctuum
1189 511 1264 552 vocat

217 575 344 628 Martialis
355 575 469 646 spatium
482 583 726 626 cenomannorum
739 597 746 626 ε
766 592 819 646 quo
836 574 971 647 completo
988 575 1182 630 exhibebantur
1198 575 1264 631 Ludi

219 653 360 708 Seculares
371 675 377 705 ε
391 677 402 700 a
413 654 462 704 Hic
474 651 544 704 colat
554 654 655 724 ingenti
666 651 802 705 redeuntia
814 653 911 706 saecula
921 654 1014 707 lustro.
1028 679 1040 704 ι

253 805 296 873 46.
316 805 368 857 Hic
387 801 490 873 templis
507 804 666 874 inscriptus,
685 820 734 854 auo
748 803 893 876 gaudente,
910 804 1032 858 sacerdos.
1047 789 1156 860 Minime
1170 806 1263 861 dnbito

220 890 285 960 quin
298 886 373 938 Statii
389 899 483 936 manua
498 881 579 934 fuerit
597 882 649 934 Hic
668 882 771 954 impiis
790 881 955 955 adscriptus,
977 902 1026 936 avo
1042 885 1195 956 pandente.-
1216 888 1265 938 nisi

217 968 326 1041 probari
335 976 423 1037 potest
432 963 541 1016 nomina
551 960 719 1018 sacerdotum
727 964 755 1014 in
765 962 854 1034 aliqua
864 963 957 1035 tempii
963 978 1038 1037 parte
1046 965 1160 1038 insculpi
1166 965 1264 1034 solere:

217 1047 271 1101 boc
283 1049 354 1100 enim
363 1043 420 1096 vult
429 1039 457 1095 ci
468 1043 605 1114 inscriptus
615 1042 718 1115 templis
724 1065 734 1105 ,·
749 1041 801 1094 alia
812 1061 854 1095 res
864 1055 903 1096 est
912 1043 1054 1119 adscriptus
1067 1046 1169 1119 templis
1179 1037 1265 1099 sacer·

171 1169 173 1177 .
218 1129 284 1192 dos;
298 1145 394 1199 nempe
404 1125 559 1196 ascipnattts,
570 1133 719 1176 numeratus
731 1125 800 1176 inter
809 1125 956 1179 sacerdotes.
969 1129 1059 1180 Horat.
1071 1145 1153 1179 carm.
1164 1128 1213 1195 ill,
1223 1128 1253 1180 3:

574 1255 579 1264 .
591 1255 595 1264 .
606 1253 612 1264 .
622 1254 627 1265 .
636 1217 724 1266 ducere
734 1223 833 1267 nectaris

463 1292 561 1346 Succos,
571 1303 595 1338 et
604 1291 702 1338 adscribi
712 1292 795 1355 quietis
844 1293 845 1298 ’

495 1361 621 1409 Ordinibus
630 1365 706 1426 patiar
715 1365 827 1411 Deorum.

217 1461 400 1537 Capitolinus,
417 1463 444 1512 in
459 1461 595 1515 Antonino
610 1459 790 1534 Philosopbo‚
807 1480 831 1513 c.
844 1464 890 1514 Vll
906 1485 912 1514 ε
932 1463 996 1518 ιΟΙ)
1011 1462 1080 1516 hanc
1096 1466 1265 1534 conjunctio·

218 1565 279 1598 nem
291 1559 389 1616 pueros
402 1553 428 1594 et
441 1539 543 1613 puellas
556 1559 685 1592 novorum
697 1539 836 1593 hominum
850 1542 1028 1596 frumentaria
1039 1546 1206 1615 perceptioni
1215 1544 1265 1596 ad·

218 1625 297 1678 scribi
314 1635 527 1694 prteceperunt.n
548 1621 659 1673 Adsumi
672 1620 765 1672 eodeni
781 1639 859 1674 sensu
873 1621 986 1687 Noster,
1006 1622 1134 1675 Thebaid.
1149 1625 1222 1689 Vlli,
1238 1641 1263 1693 9.

217 1711 292 1760 Vera.
302 1703 334 1773 47
349 1725 354 1754 :
373 1725 384 1750 ι
395 1719 475 1772 quum
488 1701 573 1771 prima
590 1718 710 1753 noverca
727 1701 846 1752 Monstra
858 1719 939 1753 mann
950 1721 1097 1773 premeres,
1113 1715 1193 1774 atque
1205 1721 1267 1756 exa-

217 1771 315 1838 nimata
328 1781 460 1834 doleres.»
473 1783 513 1833 Ex
524 1779 576 1831 boc
589 1777 649 1831 ioco
660 1797 708 1833 sua
720 1777 809 1832 hausit
817 1777 908 1833 Sidon.
918 1781 1036 1855 apollin.¹
1044 1783 1192 1853 camXV,
1203 1781 1264 1836 135:

400 1874 600 1940 Amphitryoniadi
609 1875 719 1939 surgebat
728 1877 794 1924 tertia
805 1879 882 1926 restit.

400 1944 512 1992 Paruulus
521 1945 559 1992 hie
569 1946 661 2005 gemino
670 1946 761 2012 cinctus
770 1961 879 2008 serpente
890 1961 996 1994 novercae

401 2018 491 2062 Inscius
499 2016 588 2062 arridet
596 2017 717 2070 monstris,
728 2014 856 2080 ludumque
866 2018 972 2081 putando

400 2085 507 2142 insidias,
518 2087 574 2133 dum
584 2089 668 2142 nescit,
680 2099 755 2144 amat3
765 2087 879 2153 vultuque
890 2088 990 2136 dolentis

401 2159 520 2220 Exstinpni
530 2158 601 2205 deflet
610 2175 670 2223 quos
678 2160 727 2222 ipsc
737 2159 846 2207 interficit
855 2176 950 2224 anguet.

217 2264 243 2316 Si
255 2263 314 2336 quis
326 2258 384 2312 bec
396 2257 476 2331 digna
489 2258 600 2312 exscribi
611 2275 666 2310 non
677 2271 771 2333 putat,
785 2279 824 2313 nae
835 2259 909 2315 iilum
919 2279 974 2314 non
984 2275 1074 2314 amant
1084 2263 1174 2315 Musae.

250 2405 293 2460 53.
312 2407 432 2478 Iottuque
446 2402 598 2473 Hyperione
609 2401 703 2456 multo.
716 2405 796 2456 Recte
812 2426 817 2456 ε
834 2405 987 2470 Lucretius,
1001 2405 1054 2456 vl:
1075 2402 1194 2456 «Nubssa
1211 2403 1264 2456 soi·

214 2500 313 2542 vuntnr
322 2485 385 2540 solis
393 2481 636 2556 superictacalore.
650 2507 661 2530 ι
673 2485 796 2548 Tacitus,
807 2485 876 2537 Ann.
887 2486 925 2553 il,
934 2484 965 2536 61
978 2507 984 2536 :
998 2506 1009 2531 ι
1020 2483 1145 2538 Ceterum
1154 2485 1262 2537 Germa-

215 2572 290 2621 nicus
303 2565 359 2619 aliis
372 2583 480 2636 quoqne
491 2562 626 2617 miraculis
637 2563 750 2616 intendit
764 2567 896 2628 animum
912 2583 1027 2636 qnorum
1040 2567 1176 2637 precipua
1188 2566 1264 2618 fuere

213 2648 364 2702 Memnonis
380 2663 460 2699 saxea
474 2645 574 2717 effigies
580 2683 589 2710 ‚
607 2644 653 2698 nbi
666 2644 747 2698 radiis
759 2645 823 2698 solis
834 2648 886 2698 icta
899 2659 956 2713 est,
968 2645 1087 2699 vocalem
1098 2664 1193 2698 sonunt
1206 2645 1264 2698 red·

213 2731 287 2782 dens.
300 2753 311 2776 ι
326 2725 434 2780 Tubero
445 2725 516 2798 apud
526 2725 658 2794 Gellium,
671 2728 750 2779 Noct.
764 2728 844 2780 Attic.
856 2727 905 2793 vl,
914 2725 948 2793 4:
962 2730 1012 2779 sin
1028 2741 1112 2794 atras,
1124 2722 1225 2799 inquit,
1236 2740 1263 2779 et

212 2807 362 2884 profundas
373 2805 497 2859 tenebras
509 2824 570 2858 eum
580 2805 753 2869 claudebant;
767 2823 797 2860 ao
807 2805 850 2858 die
859 2818 936 2877 post,
947 2806 994 2858 nbi
1007 2819 1064 2858 erat
1077 2809 1148 2859 visne
1164 2806 1204 2858 soi
1221 2825 1263 2859 ar-

214 2891 384 2944 dentissimus
391 2924 400 2953 ,
413 2897 523 2958 repente
535 2885 698 2952 educebant,
710 2898 737 2938 et
747 2884 874 2939 adversus
886 2887 954 2939 ictus
964 2885 1027 2940 solia
1037 2889 1189 2959 oppositum
1198 2905 1264 2938 con·

213 2971 340 3024 tinebant.
356 2993 367 3016 ι
384 2969 422 3019 lta
431 2965 572 3039 legendum
581 2989 588 3030 3
597 2968 692 3039 vulgo,
703 2967 749 3020 diu
757 2976 825 3039 post.
839 2965 906 3017 Vide
917 2968 1056 3019 H'einsinm
1066 2965 1100 3017 ad
1110 2963 1186 3017 Ovid.
1196 2965 1263 3016 Met.

213 3054 247 3116 V,
256 3051 323 3119 3893
336 3061 361 3099 et
370 3046 531 3114 marleiam,
543 3045 577 3100 ad
589 3049 681 3101 Horat.
694 3065 773 3099 carm.
784 3047 820 3111 11,
834 3043 880 3112 15,
893 3061 933 3098 10.
945 3047 1006 3098 Non
1016 3047 1095 3117 igitur
1104 3061 1171 3116 opus
1182 3055 1224 3096 est
1232 3057 1263 3097 nt

213 3128 331 3198 legamus
348 3139 517 3199 :auctusque
529 3129 678 3200 Hyperione
692 3127 792 3178 multo:
805 3149 816 3172 ι
832 3123 895 3177 iicet
905 3124 958 3177 hoc
971 3143 1079 3198 quoqne
1092 3121 1206 3196 probum
1219 3125 1263 3176 sit.

212 3206 360 3272 Ausonius,
372 3207 621 3273 Precatione,rers.
637 3208 684 3260 16:
702 3207 807 3258 «Sirius
819 3203 956 3258 ardentem
965 3223 1020 3257 non
1029 3207 1124 3276 augeat
1136 3205 1195 3274 igne
1207 3201 1264 3254 ieo-

213 3303 306 3336 ηοω..
320 3285 434 3350 Seneca,
443 3284 541 3355 OEdip.
552 3303 619 3338 vers.
632 3285 679 3340 38:

738 3375 793 3419 Non
801 3370 902 3436 Zephyri
910 3371 971 3419 ieret

398 3443 505 3504 Spirant;
515 3443 557 3488 sed
567 3444 633 3506 ignes
642 3457 711 3508 anget
720 3445 813 3491 canteri
822 3445 889 3490 Canis

398 3511 479 3570 Titan,
488 3513 573 3560 Leonis
582 3524 648 3576 tcrpa
656 3517 757 3562 Nemeaei
765 3529 882 3577 premens.

249 3648 291 3700 60.
310 3645 448 3698 Hecateia
466 3645 537 3712 idus,
556 3644 583 3698 id
602 3660 657 3715 eat,
677 3647 736 3700 idus
750 3647 864 3717 Augusti
878 3647 992 3712 mensis,
1013 3663 1071 3716 quta
1090 3661 1170 3696 sacras
1187 3655 1264 3696 erant

214 3727 319 3780 Hecatoe
332 3742 379 3777 seu
392 3723 491 3777 Dianae.
506 3726 654 3795 Ausonias,
667 3726 822 3798 Eciogario:

399 3831 427 3876 Et
437 3831 523 3878 mediat
532 3831 600 3888 idus,
610 3833 667 3879 Mau
676 3867 683 3890 ‚
692 3833 837 3896 Augustique
847 3845 958 3886 recursu,

430 3905 493 3966 Quat
502 3903 546 3951 sibi
555 3905 686 3952 Mercurius
695 3921 798 3970 quotque
808 3905 882 3950 Diana
892 3903 968 3950 dicat:

215 4007 262 4060 ubi
275 4008 386 4060 Vientus
397 4003 463 4057 dicit
475 4023 503 4056 se
515 4023 571 4058 non
582 4004 731 4057 meminisse
743 4001 815 4056 aliud
828 4002 922 4074 legisse
933 3999 968 4053 de
981 4001 1075 4054 Dianae
1086 3999 1163 4052 sacris
1175 3998 1268 4050 Idibus
