2844 4484
402 310 534 374 LIBRI
559 309 734 391 QUINTI
760 307 1011 374 SILVARUM.
1162 313 1226 402 607

187 433 299 500 cendut,
314 433 386 504 quod
402 431 496 485 electus
508 451 550 498 es,
567 450 622 484 non
629 432 742 504 fortuito
759 433 870 483 fortune
887 433 977 484 lavore
993 449 1142 503 provectus.
1159 438 1230 490 Alte-

185 531 244 565 rum
256 531 309 583 prae
321 511 373 563 hoc
383 511 467 581 friget.
479 513 531 576 lte,
544 509 638 562 Achill.
648 511 675 577 1,
688 509 753 564 365:
770 509 862 562 «ultro
873 511 950 569 etiam
962 527 1101 564 veneratur
1109 515 1230 585 supplice

187 592 293 658 dextra,
302 593 335 643 Et
344 605 430 662 grates
441 591 539 643 electus
550 593 617 661 agiu
629 615 640 639 ι
652 611 689 642 sc.
700 578 814 659 Chiron,
825 591 898 663 quod
908 610 969 643 eum
978 596 1109 664 precipue
1120 594 1229 666 eleqeral

186 673 277 725 Thetis
292 676 335 724 cui
348 672 478 727 Achillem
494 672 639 724 mandares.
656 674 695 725 lta
710 672 898 724 etiam'Achill.
913 674 951 739 11,
969 673 1037 744 337,
1051 677 1123 727 Paris
1134 674 1230 728 dicitur

190 754 316 806 «Electus
328 755 419 806 formae
432 755 576 805 certamina
589 753 690 806 solvere
703 767 832 824 paston-
847 753 971 806 Sidonius
983 753 1130 825 Apollinar.
1142 757 1228 808 carm.

186 835 250 900 vll,
265 853 330 886 vers.
347 832 414 902 554:
431 834 555 885 «Cannas
568 833 684 885 celebres
697 835 817 886 Varrone
830 835 921 905 lugeto
934 834 1140 905 Scipiadumque
1152 836 1230 886 etiam

186 925 335 982 turgentem
347 915 439 966 funere
454 916 564 965 Poenum
577 913 663 964 livius
676 913 775 966 electus
787 913 899 984 fregit„
913 911 1025 979 Plinius,
1040 914 1122 984 Epist.
1136 915 1172 978 11,
1185 914 1229 981 13,

187 994 221 1046 (lc
232 997 291 1063 jure
307 996 386 1046 trium
401 993 543 1046 liberorum
557 993 684 1065 loquens:
703 993 798 1066 «quod
813 1011 965 1066 quanquam
976 1012 1057 1064 parce
1073 1007 1099 1046 el
1111 1012 1171 1044 curn
1183 993 1230 1044 de-

187 1073 258 1126 lectu
270 1073 358 1140 daret,
370 1073 435 1125 mihi
448 1086 549 1139 lernen,
562 1086 689 1146 tanquam
702 1073 823 1143 eligeret,
836 1072 979 1136 indulsi13n
995 1073 1127 1142 eleganter
1137 1075 1231 1142 Traja-

186 1171 238 1204 nus
252 1151 351 1220 Plinio,
364 1153 404 1221 X,
420 1170 468 1222 29,
486 1177 497 1199 ι
508 1153 696 1221 Provinciales‚
711 1153 806 1219 credo,
820 1165 991 1224 prospectum
1006 1153 1056 1204 sibi
1069 1173 1084 1205 a
1097 1172 1139 1204 me
1153 1151 1231 1204 intel·
1288 1207 1296 1220 ‚

187 1231 285 1304 ligent:
300 1251 361 1284 narn
373 1245 399 1284 et
411 1245 439 1284 tu
449 1231 525 1285 dubis
538 1252 645 1305 operam
659 1247 689 1284 ut
701 1234 868 1285 manifestum
877 1234 910 1284 sit
922 1233 985 1299 illis,
998 1232 1110 1285 electum
1123 1246 1149 1284 te
1160 1251 1231 1300 esse,

188 1315 235 1382 qui
248 1311 281 1364 ad
294 1311 400 1364 eosdem
414 1313 465 1364 mei
477 1312 537 1364 loco
550 1314 722 1366 mittereris.»
736 1314 773 1363 Ex
786 1331 864 1383 supra
877 1315 958 1364 citato
971 1313 1031 1364 loco
1043 1311 1181 1364 Achilleid.
1195 1313 1231 1378 11,

188 1391 255 1458 336,
274 1391 306 1443 de
324 1391 435 1458 Paride,
454 1395 557 1445 restitui
575 1381 663 1464 polest
677 1392 743 1445 aller
761 1393 878 1464 ejusdem
893 1395 1056 1464 argumenti,
1071 1392 1115 1445 Sil.
1131 1391 1231 1456 lrallci,

188 1471 247 1539 Vll,
262 1472 331 1539 440,
345 1491 376 1523 ex
390 1491 421 1522 eo
436 1471 587 1524 desumtus:
605 1472 733 1525 «Audivit
748 1491 827 1525 sacrae
841 1472 926 1525 lectus
940 1473 1087 1525 certamina
1102 1473 1227 1534 formae32

188 1551 234 1603 ubi
246 1551 326 1620 vulgo
340 1549 436 1623 legitur
451 1551 543 1604 lentus.

226 1710 283 1782 178.
302 1714 341 1762 lta
350 1709 498 1782 distingue:
511 1711 594 1762 «Non
603 1713 690 1764 minus
699 1710 752 1763 hoc
762 1712 851 1776 fertis,
863 1727 942 1782 quam
952 1712 974 1762 si
984 1709 1044 1778 tibi,
1055 1723 1105 1762 etc.
1115 1735 1125 1757 ι
1138 1711 1230 1781 vulgo,

191 1791 272 1844 ‹Non
287 1791 373 1844 minus
385 1790 452 1858 hoc,
467 1793 542 1843 fortis
557 1810 637 1862 quarn
652 1795 689 1859 si,
704 1804 777 1844 etc.»
793 1792 900 1856 vitiose5
916 1793 1014 1863 quippe
1027 1789 1122 1862 frigide
1136 1791 1232 1843 dicitur

189 1875 241 1944 ipse
249 1871 329 1943 fortis
343 1870 512 1942 Bellipotens.
527 1872 624 1924 Sensus
639 1886 693 1940 est,
709 1871 762 1925 hoc
774 1871 942 1944 fonitudlnis
956 1885 982 1924 et
995 1874 1096 1924 virtutis
1113 1886 1162 1923 ture
1175 1889 1231 1925 non

189 1952 275 2003 minus
291 1950 417 2002 indicium
436 1966 489 2018 est,
509 1967 587 2022 quum
605 1954 626 2003 si
643 1953 700 2023 ipse
716 1953 786 2005 Mars
799 1951 847 2004 ribi
859 1965 943 2004 castra
959 1949 1119 2018 recluderet,
1138 1953 1230 2026 etipse

188 2029 311 2084 menibus
323 2033 378 2084 suis
390 2031 438 2084 tibi
450 2051 522 2086 arma
532 2032 662 2086 indueret.
