2776 4484
189 323 230 405 54
438 323 473 384 Ρ.
500 321 534 383 Ρ.
560 319 713 384 srnrn
737 317 979 382 suvrana

232 452 363 531 Amnis,
376 452 412 515 in
424 463 579 515 externos
591 445 690 538 longe
702 443 893 513 flammatus
905 467 1052 524 amores,

232 560 386 627 Flumina
396 557 551 626 demerso
563 556 665 624 trahit
675 559 870 624 intemerata
881 553 1005 652 canali;
1180 577 1230 630 205

231 673 346 738 Donec
357 671 503 738 Sicanios
514 667 650 736 tandem
663 667 813 759 prolatus
824 667 947 735 anhelo

232 783 299 850 Ore
310 779 403 847 bibat
414 780 541 847 fontes:
555 781 697 846 miramr
708 777 818 846 dulcia
831 783 910 846 Nais

232 891 371 974 Oscula,
384 915 447 958 nec
459 889 565 959 credit
575 889 695 982 pelago
706 891 838 956 venisse
849 893 1018 960 maritum.

278 1004 362 1087 Quis
373 1000 434 1068 tibi
446 988 657 1082 maculanti,
669 999 842 1068 caelestum
851 1023 1008 1086 munere,
1022 1003 1111 1072 claro

233 1112 347 1194 Stella,
357 1111 446 1180 dies!
461 1125 588 1206 quanto
600 1110 763 1179 salierunt
772 1127 910 1203 pectora
921 1121 1013 1181 voto!
1181 1147 1232 1184 210

233 1221 351 1290 Dulcia
363 1245 469 1316 quum
479 1223 626 1290 dominae
638 1221 754 1290 dexter
765 1222 934 1311 connubia
945 1223 1060 1292 vultus
1151 1241 1155 1252 “

233 1337 373 1416 Annuit,
386 1337 435 1404 ire
448 1331 540 1428 polo,
552 1331 743 1426 nitidosque
756 1356 867 1401 errare
879 1357 941 1426 per
950 1359 1031 1404 axes

234 1444 343 1510 Visus.
354 1441 532 1534 Amyclaeis
544 1446 657 1510 minue
668 1441 849 1511 exsultavit
859 1444 969 1510 arenis
1001 1471 1003 1475 ·

235 1559 362 1634 Pastor,
375 1551 417 1619 ad
430 1551 537 1620 tdaeas
548 1552 677 1620 Helena
688 1541 842 1620 veniente
855 1557 1000 1621 carinas:

235 1662 396 1734 Thessala
407 1687 471 1732 nec
482 1663 584 1732 talem
596 1663 753 1732 viderunt
764 1664 862 1732 Pelea
872 1669 1015 1757 Tempe,
1181 1681 1233 1734 215

233 1778 348 1859 Quum
361 1773 484 1841 Thetin
498 1778 656 1842 AEmoniis
667 1773 793 1843 Chiron
803 1774 962 1844 accedere
971 1779 1070 1844 terris

238 1885 356 1950 Erecto
367 1885 540 1975 prospexit
551 1907 650 1977 equo.
664 1887 773 1970 Quam
785 1882 886 1978 longa
897 1901 1074 1955 morantur

192 2114 225 2166 cla
233 2111 330 2164 Pisa?-
344 2111 394 2163 Setl
405 2111 471 2164 cod.
482 2115 555 2165 Uret.
569 2127 691 2165 accurate
735 2112 818 2166 Stella
830 2115 970 2182 carissime,
982 2128 1033 2166 etc.
1048 2129 1075 2166 et
1085 2117 1123 2168 ite
1135 2115 1234 2168 Praelat.

193 2193 304 2245 servarit
324 2190 429 2258 nitide,
451 2193 522 2266 quod
542 2193 691 2245 Gronovius
734 2192 781 2244 lib.
792 2194 836 2258 lv,
848 2191 973 2244 Marcelle
983 2193 1126 2260 carissime,
1139 2207 1165 2246 et
1175 2213 1236 2265 sup.

194 2272 346 2339 conjectura
356 2273 504 2334 invenerat;
514 2290 563 2324 nec
574 2271 692 2326 dubitavi
735 2290 760 2323 r.
769 2269 816 2322 33:
827 2273 926 2337 done,
934 2288 950 2321 o
958 2269 1053 2338 dulcis,
1061 2274 1187 2342 suspirio,
1195 2291 1238 2324 va·

192 2347 220 2402 id
228 2351 362 2401 intextum
370 2353 495 2422 recipere.
505 2353 627 2405 Attamen
639 2371 692 2404 non
738 2365 784 2403 tes.
796 2375 807 2396 n
822 2350 919 2420 Magna
929 2349 1090 2413 familiaritas
1102 2349 1165 2403 huic
1175 2353 1239 2405 Stel·

193 2428 226 2481 (le
241 2427 381 2500 palaestris,
395 2429 441 2484 sed
454 2430 488 2483 de
499 2429 640 2503 splendore
651 2434 692 2482 in·
737 2429 767 2480 lae
784 2447 844 2481 cnm
857 2429 940 2482 Statio
952 2432 1107 2484 intercessit.
1120 2429 1238 2484 Cruceus

194 2505 292 2578 telligo.
305 2509 397 2561 Horat.
410 2511 458 2580 Ep.
472 2512 497 2575 1,
512 2509 556 2574 15,
570 2509 618 2576 46:
635 2511 694 2560 sni·
737 2511 831 2560 retina
844 2507 945 2580 puerile
959 2507 1095 2580 epitheton
1107 2507 1237 2560 coetesmm

195 2587 255 2640 tidie
265 2587 374 2640 fundata
384 2589 497 2660 pecnnia
505 2587 588 2652 villis,
597 2613 607 2634 ι
621 2587 692 2658 quoti
738 2605 844 2638 munere
852 2587 931 2639 claro.
939 2589 1059 2639 Imitatur
1067 2583 1138 2638 hunc
1148 2587 1238 2640 locum

195 2666 239 2718 slii
248 2665 421 2738 explicantde
430 2667 496 2720 villis
505 2666 645 2719 fructuosis
656 2680 694 2717 at·
738 2663 877 2718 Claudian.
896 2667 931 2718 nl
947 2666 1025 2718 cons.
1038 2669 1139 2719 Honor.
1153 2686 1177 2717 r.
1194 2666 1237 2738 73.

197 2763 246 2816 qne
262 2745 365 2814 opimio.
382 2747 454 2816 Saepe
468 2746 547 2797 etiam
560 2763 640 2796 voces
655 2757 695 2796 tu·
738 2778 774 2786 —
787 2745 871 2800 codd.
884 2749 957 2800 Uret.
969 2750 1046 2799 Voss.
1058 2745 1136 2798 Vind.
1153 2760 1239 2798 etune

189 2823 280 2876 mistus
289 2836 316 2875 et
325 2824 420 2878 nitidus
429 2825 545 2876 confusae
556 2815 629 2887 sunu
642 2822 693 2876 vid.
741 2825 820 2878 alacri
832 2826 964 2878 caelestum
976 2827 1002 2878 in
1014 2845 1122 2879 munere
1132 2825 1214 2878 claro.
1226 2849 1236 2872 ι

197 2902 317 2956 Onllet.
324 2901 384 2969 Vll,
392 2903 536 2972 389;V111‚
544 2900 605 2972 495.
613 2903 694 2954 nm.
740 2904 805 2958 cod.
816 2907 895 2958 Paris.
908 2905 1100 2960 «nuncalncris
1108 2905 1239 2958 coelestum

234 2983 294 3050 nol.
313 2983 413 3036 Amnis.
427 2981 493 3035 cod.
508 2983 580 3035 Uret.
593 2995 619 3036 et
634 2981 695 3036 edit.
740 3004 850 3038 munere
864 2985 967 3039 claro.-
983 2985 1031 3038 Ed.
1043 3007 1085 3058 pr.
1099 3000 1124 3039 et
1134 2989 1238 3038 Vicent.

196 3081 237 3134 pr.
249 3080 341 3113 manus.
356 3063 437 3114 Hero.
451 3093 487 3102 -
498 3064 532 3114 In
548 3073 664 3116 externos
678 3061 695 3114 l.
745 3079 829 3117 stunc
843 3063 934 3117 alacris
947 3063 1079 3116 calestem
1091 3067 1119 3116 in
1131 3083 1241 3116 munere

189 3139 348 3218 flammare
359 3157 412 3191 am.
424 3141 473 3192 Ed.
484 3145 561 3194 llorn.
571 3143 697 3218 flamma·
743 3143 823 3195 claro.
834 3167 845 3191 ι
858 3141 939 3194 Editt.
953 3143 1028 3194 Rom.
1040 3147 1146 3196 Venett.
1160 3141 1240 3195 Aldd.

198 3221 237 3271 tis.
248 3221 329 3270 Hnrn.
339 3249 375 3259 -
388 3220 475 3273 Editio
484 3224 608 3294 princeps
617 3233 698 3274 extre·
743 3235 769 3272 et
780 3238 871 3272 omnes
883 3221 1043 3272 recentiores
1058 3235 1143 3273 «tnnc
1160 3219 1242 3273 alacri

198 3316 268 3350 mos.
280 3337 285 3348 .
297 3335 319 3348 ..
332 3317 438 3351 amores.
742 3299 873 3351 celestem
885 3317 993 3351 munere
1001 3298 1101 3352 clam.-
1111 3299 1243 3370 Equidem

235 3378 295 3430 206.
313 3376 443 3430 Prolatus.
454 3378 602 3430 Cod.llret·
611 3377 698 3450 plora·
741 3375 898 3428 incudinum
905 3378 1048 3446 scriptura,
1056 3377 1243 3448 prepositione

200 3469 247 3510 tus.
262 3457 345 3508 Hero.
358 3487 394 3496 -
407 3456 456 3510 nd.
469 3476 508 3530 pr.
520 3457 667 3528 populatus.
743 3456 771 3506 in
784 3456 879 3523 ejecta,
890 3451 926 3504 nil
939 3453 1125 3523 corrigendum
1139 3456 1241 3525 putavi.

235 3551 295 3604 ²⁰7⁴
315 3533 391 3586 Bibat
392 3535 490 3607 fontes.
501 3533 652 3587 Cod.Voss.
664 3535 699 3586 bi·
744 3529 848 3585 clarum
858 3550 920 3584 vero
930 3550 984 3582 non
993 3531 1101 3584 Stellam
1111 3530 1155 3584 hic
1164 3547 1243 3586 vocat

200 3613 250 3675 tta
267 3633 299 3666 ex
309 3611 373 3666 edit.
389 3634 430 3686 pr.
444 3615 532 3686 recepi
537 3615 627 3685 fontes
636 3614 698 3667 loco
742 3623 840 3683 poeta,
863 3607 909 3660 sed
928 3627 1024 3660 munus
1046 3605 1158 3662 deorum
1178 3613 1243 3664 insi-

199 3691 299 3763 vulgati
304 3693 403 3766 fontes.
422 3695 504 3744 than.
743 3708 807 3760 gne,
819 3685 1060 3742 auteandidissima
1066 3687 1125 3741 luce
1133 3689 1241 3743 clarum.

199 3771 698 3921 chffililnllcltirll'iciraglcleliiOStelllo
743 3769 838 3898 millo.
850 3845 988 3899 satiemur.
996 3845 1045 3897 nd.
1054 3865 1095 3918 pr.
1104 3849 1241 3901 subiemnt.

200 3942 227 3980 et
242 3929 279 3980 lta
296 3927 441 3982 Gevanius.
458 3931 517 3980 Jam
534 3947 595 3980 vero
612 3926 699 3999 placet
780 3943 839 3980 ιιι.
851 3925 963 3979 Annuit.
974 3924 1241 3999 Cod.Urat.adjuoat.

199 4025 258 4062 care
274 4007 372 4075 Stella,
394 4022 423 4060 nt
443 4010 470 4059 in
490 4009 572 4080 Epist.
595 4007 696 4061 Praefnt.
743 4009 840 4075 Hera,
855 4027 885 4060 ex
898 4027 947 4060 om.
958 4005 1025 4060 cod.
1038 4007 1118 4060 Paris.
1131 4019 1240 4058 annuat.
