2776 4484
380 261 510 328 LIBRI
535 261 677 327 PRlMI
695 261 953 342 stavilitum
1142 261 1180 326 81

139 392 212 445 Pota
222 391 306 460 igitur
317 391 376 458 ejus
390 405 446 438 uon
460 399 534 438 erant
549 399 613 438 vota
626 386 726 453 mariti,
741 385 787 440 aad
800 399 861 439 tota
877 389 985 449 marita,
998 385 1024 438 id
1039 399 1092 454 est,
1106 387 1186 440 mati·

142 472 214 524 talia.
229 471 343 534 Noster,
358 465 443 520 Theb.
463 465 509 518 lib.
521 467 583 533 XII,
599 485 664 519 vers.
681 467 748 534 534:
764 469 987 539 «...patiensque
998 469 1084 519 mariti
1098 469 1189 520 Foede-

143 553 213 612 riu·
227 548 275 600 lib.
287 549 350 612 Vll,
363 565 402 599 vs.
415 547 465 615 298
479 569 485 597 ι
501 568 512 592 ι
525 548 690 598 ....taaritia
702 547 817 618 Ignibus.
829 569 840 592 ι
857 549 984 624 ltafluctu
992 550 1086 601 morito
1095 550 1187 603 Arion.

142 633 234 684 Descr.
247 628 313 683 orb.
326 646 394 680 vera.
408 627 460 693 340
474 648 480 677 ε
490 626 565 696 sacas
577 628 696 693 maritas,
711 629 788 680 sacris
804 627 917 693 montis,
931 641 957 678 et
971 629 1108 682 innumera
1121 632 1191 700 ejus·

144 709 207 761 dem
227 709 319 758 forma
340 704 412 778 apud
430 704 554 757 Ovidium
574 719 601 756 et
619 704 694 758 alios.
720 703 788 756 Vide
811 719 887 756 notas
908 704 1051 756 adsutum
1071 707 1190 760 Italicum

145 787 191 839 lib.
213 788 264 851 111,
279 803 348 837 vers.
369 784 421 853 387
436 805 443 834 ε
463 784 630 853 «....Juasis
649 803 741 856 parere
759 786 921 854 magistris.»
942 783 971 835 ld
986 796 1040 850 est,
1054 788 1191 856 magistra-

145 865 225 918 libus.
242 867 307 916 Huc
317 864 472 934 scripseram
480 878 563 933 quum
577 865 604 914 in
618 862 710 915 eadem
722 865 873 932 conjectura
889 860 1051 933 deprehendi
1066 865 1100 916 N.
1112 867 1193 918 lleiu-

146 948 216 998 sittm
233 942 268 994 acl
284 940 372 994 Ovidii
390 937 643 1010 Heroid.,XlV‚19.
664 941 720 992 Nec
738 953 764 993 te
778 953 873 992 terreat
890 940 983 994 sibilus
1002 953 1042 993 tot
1053 961 1149 996 vocum
1167 946 1195 996 in

147 1023 365 1074 isex'euntium:
392 1021 428 1072 ita
450 1022 519 1070 enim
540 1021 595 1070 lieri
616 1019 749 1070 interdum
770 1038 878 1074 necesse
901 1034 955 1072 est.
979 1021 1068 1074 Silvas.
1090 1022 1137 1076 lib.
1155 1025 1195 1091 11,

147 1121 228 1156 carm.
244 1103 277 1167 6,
291 1119 360 1154 vere.
376 1117 406 1151 t:

336 1209 398 1254 Saetc
408 1205 476 1250 nimis
485 1205 590 1267 qsrisquis
599 1203 700 1252 lacrimis
709 1204 839 1252 discrimina
847 1209 921 1268 pouit.

148 1302 621 1370 vuarmatiavnvsssos,

337 1415 395 1458 Ecce
404 1423 481 1457 autern
489 1411 514 1456 in
523 1407 606 1457 mediis
615 1410 689 1456 noctis
698 1411 844 1474 nemorisque
853 1413 962 1460 tenebris.

148 1515 280 1648 Thebagtbl.
300 1513 347 1565 lib.
363 1514 415 1580 xl,
433 1530 500 1566 vers.
521 1529 552 1583 ¹9
570 1534 577 1564 ι
598 1513 760 1564 «·.....Jam
779 1511 838 1564 finis
853 1515 922 1565 votis
939 1513 1050 1586 finisque
1068 1523 1197 1590 supremis

149 1597 231 1650 Plaac
245 1598 250 1607 '
272 1611 335 1646 nn·
1166 1607 1172 1619 “

189 1790 249 1826 aas.
266 1769 340 1824 Huic
352 1769 427 1842 lycii
441 1781 547 1824 montes.
605 1783 632 1823 et
641 1773 783 1828 Parnassus
796 1770 885 1824 lonas.
897 1775 1038 1826 Restitutio
1052 1773 1132 1846 hujus
1146 1776 1198 1830 loci

151 1854 265 1908 debetur
276 1854 401 1912 Heinsio,
417 1853 463 1923 qui
475 1850 552 1922 legit,
566 1852 602 1904 Et
615 1852 742 1906 Parnasse
753 1871 835 1906 sonas.
851 1851 990 1924 vulgatam
1005 1869 1093 1908 tamon
1107 1869 1197 1910 tuetur

150 1936 316 2000 Gronovius,
325 1931 437 1985 Distrih.
447 1949 505 2002 cap.
515 1931 548 1998 44
554 1971 564 1998 ,
573 1930 721 1986 hisverbis:
735 1949 817 1986 utera
824 1946 864 1986 est
871 1932 986 2003 uulgaris
996 1937 1138 2006 scriptura,
1152 1937 1199 1990 secl

152 2012 288 2066 difficilior
298 2013 406 2069 defectu
417 2010 490 2064 verbi
504 2009 673 2080 substantiyi3
690 2014 736 2085 qui
751 2012 877 2084 frequens
896 2015 1018 2084 Papinio,
1033 2014 1068 2067 ad
1079 2015 1200 2070 obscuri·

153 2109 238 2149 tatem
247 2113 341 2165 usqae.
358 2095 425 2146 Huic
439 2093 511 2164 Lycii
524 2107 642 2160 montes,
655 2092 802 2166 Thymbra,
812 2097 958 2148 Parnassus
970 2108 1030 2148 sunt
1040 2094 1142 2158 hanoea
1158 2097 1202 2150 hio

154 2174 201 2226 ille
213 2176 343 2245 precipue
354 2173 467 2234 colitnr;
478 2173 623 2240 beneola,
635 2186 666 2224 ut
677 2172 864 2245 Carthaginem
872 2176 942 2226 luno
952 2176 1043 2227 fertur.
1055 2177 1088 2228 Et
1097 2175 1152 2229 hec
1162 2176 1203 2230 de·

155 2252 244 2304 fundit
257 2251 361 2306 Elcudr.
374 2250 516 2304 Antidiatr.
528 2269 589 2322 cap.
600 2270 624 2303 a.
636 2274 647 2298 ι
659 2247 791 2302 Etver'um
799 2250 905 2322 quidem
915 2267 955 2305 est
965 2252 1037 2321 quod
1046 2253 1110 2306 dicit
1116 2254 1149 2307 de
1159 2254 1206 2308 ‹le-

155 2337 230 2386 lectu
240 2333 314 2385 verbi
325 2332 484 2386 substantivi
496 2331 580 2384 estve!
592 2335 669 2385 sulit.-
683 2330 756 2404 equis
764 2331 827 2396 real
835 2335 978 2386 manassae
989 2331 1042 2386 (lici
1050 2348 1138 2406 potest
1148 2354 1205 2388 esse

157 2413 239 2466 sonas
249 2411 382 2484 Apollini,
394 2410 459 2464 licet
469 2429 525 2463 non
538 2424 628 2463 exacte
640 2408 857 2482 interpletatihue
869 2411 1044 2464 Gronoviana.
1058 2413 1104 2466 llis
1117 2425 1206 2467 tamen

157 2496 290 2547 concessis
306 2509 400 2546 seusus
415 2505 440 2544 et
457 2491 532 2544 filum
548 2493 711 2544 narrationis
725 2493 779 2544 ilon
789 2489 865 2555 'hecto
880 2494 1036 2564 procedunt.
1053 2493 1120 2546 Vitlc
1135 2498 1203 2548 enim

156 2587 243 2627 totum
251 2573 343 2625 locum
352 2595 359 2624 z
369 2585 399 2624 ut
411 2591 472 2625 vero
483 2571 582 2644 Apollo
592 2586 619 2625 et
628 2570 747 2626 Bacchsls
758 2589 863 2626 sensere
872 2571 957 2625 stetis
966 2573 1095 2624 thalamos
1105 2577 1204 2645 parari,

156 2655 204 2708 ille
211 2658 300 2708 statim
308 2657 359 2706 ciet
367 2645 469 2724 agmina
477 2667 503 2706 et
511 2655 620 2707 comites
627 2671 689 2708 suos
697 2646 803 2719 allelo',¹
811 2653 855 2706 hio
865 2673 880 2706 a
889 2657 960 2726 Nysa
971 2647 977 2706 ὲ
988 2650 1032 2706 ille
1039 2657 1151 2708 maxime
1159 2674 1205 2708 co-

159 2734 226 2785 litur
235 2735 349 2798 Pataris,
359 2746 384 2784 et
391 2732 540 2806 Thymbra,
548 2747 574 2784 et
582 2731 726 2796 Pamass03'
735 2729 914 2805 hic'Pangaea,
924 2745 950 2786 et
959 2733 1073 2798 ismaro,
1084 2747 1110 2784 et
1119 2737 1204 2786 Naxo.

162 2817 242 2866 tune
252 2814 381 2864 intravere
389 2831 461 2866 caras
471 2813 553 2878 ades,
564 2827 613 2866 etc.
627 2815 713 2866 Sentis
720 2817 775 2884 jam
785 2815 844 2879 ista,
854 2813 925 2865 Huic
934 2813 1008 2883 Lycii
1016 2823 1128 2878 montes,
1141 2825 1205 2880 etc„

160 2895 184 2946 sl
202 2891 361 2943 admittatur
374 2890 448 2945 lectio
464 2905 489 2945 et
507 2895 690 2965 interpretatio
704 2892 846 2960 Gronovii,
864 2893 943 2964 plane
956 2910 1117 2963 supervacua
1132 2911 1203 2944 csse:

161 2969 227 3044 quid
237 2970 309 3023 enim
320 2968 353 3020 ad
362 2968 442 3022 Stellae
452 2974 574 3042 nuptias,
583 2974 605 3024 si
612 2971 710 3044 Apollo
718 2969 869 3024 etBacchus
877 2971 1009 3041 precipue
1017 2967 1141 3020 coluntur
1147 2969 1205 3022 Par·
1317 2974 1318 2983 ¹

160 3069 241 3103 nasso
252 3061 279 3102 et
289 3049 404 3101 lemaro?
412 3051 481 3102 Dicit
489 3069 553 3104 vero
563 3051 674 3118 Statius,
686 3053 843 3102 Parnassum
853 3048 970 3120 Apollini
979 3059 1083 3114 sonare,
1093 3052 1206 3122 strepitu

161 3129 215 3182 scil.
227 3129 366 3181 illusarum
378 3132 529 3200 parantium
542 3149 569 3182 ae
578 3131 710 3202 profectui
723 3129 757 3182 ad
769 3128 853 3184 stetis
864 3126 945 3194 aedes,
957 3141 986 3179 nt
998 3128 1037 3180 his
1050 3131 1148 3200 nuptiis
1157 3130 1207 3182 ho·

162 3228 256 3262 norem
268 3209 413 3263 haberent:
424 3210 483 3264 vide
495 3213 599 3262 initium
613 3211 744 3264 carminis.
757 3211 867 3282 Pangaea
877 3228 996 3282 quoquo,
1010 3223 1035 3261 et
1044 3213 1170 3278 ismarus,
1182 3225 1207 3263 et

161 3290 252 3340 Naxos
261 3288 300 3340 illi
309 3287 446 3360 (Baccho)
455 3290 598 3355 resultant,
611 3287 731 3341 resiliunt
743 3302 769 3342 ct
779 3281 915 3353 resonant,
928 3301 1001 3340 motu
1012 3301 1037 3339 et
1049 3289 1158 3362 strepitu
1168 3289 1208 3342 iti-

163 3365 223 3419 dem
237 3367 390 3418 Munatium
402 3383 427 3420 et
439 3368 538 3422 Bacchi
552 3371 679 3421 comitum
692 3369 774 3422 eidem
787 3367 949 3440 expeditioni
961 3386 989 3420 se
1001 3369 1206 3437 accingentium.

161 3446 238 3499 Nihil
252 3447 357 3500 clarius.
371 3450 522 3520 Legeudum
539 3449 628 3521 itaque
641 3451 862 3511 Possumusne,
879 3447 1101 3522 quemadmodum
1116 3468 1206 3502 emen-

162 3524 238 3577 davit
250 3527 386 3591 Heinsiua;
401 3526 474 3600 quod
485 3527 555 3580 idem
567 3542 605 3579 est
617 3546 647 3580 ac
660 3527 801 3581 Parnassus
813 3541 899 3594 sonat,
914 3525 1073 3600 apostrophe
1084 3527 1166 3580 Statio
1182 3540 1208 3580 et

161 3603 286 3658 omnihus
295 3607 383 3678 poetis
392 3607 606 3684 familiarissima.
618 3609 657 3658 lta
665 3607 714 3658 Via
725 3609 822 3660 Domit.
834 3607 934 3660 uiola

382 3713 431 3760 Ceu
440 3711 505 3760 leuis
514 3713 554 3760 uhi
563 3715 675 3776 remigum
684 3713 774 3761 lacertis
850 3693 867 3706 Η
882 3694 886 3704 ¹
953 3691 964 3702 χ’

382 3786 465 3834 Primae
474 3785 568 3834 carbasa
577 3784 690 3833 ventilatis
699 3801 767 3834 auru.
828 3826 831 3836 .

161 3834 259 3943 lilaea,
271 3881 363 3950 primu
376 3894 449 3936 tuta
459 3881 588 3937 ventilant
597 3880 725 3934 carbasa:
737 3882 785 3936 ubi
795 3847 1042 3946 vide'cronssiars,
1054 3895 1080 3934 et
1092 3899 1150 3952 qun
1161 3898 1210 3931 no·

162 3959 217 4014 tari
230 3957 266 4010 ael
279 3977 316 4012 rs.
333 3961 398 4032 1³7,
411 3960 530 4031 ejusdem
544 3964 674 4014 caminis.
686 3963 745 4014 Pari
754 3961 849 4014 maudo
860 3977 909 4032 pro
921 3963 1025 4033 Tepeaer
1032 3955 1209 4013 samana.

261 4047 290 4113 l.
1051 4049 1070 4112 6
