2784 4484
510 337 762 402 PRAEFATIO.
1070 349 1158 442 xxvij

117 489 156 523 res
165 465 321 542 aliquanto,
333 465 355 518 si
365 461 532 540 capitalibus
544 463 659 533 scribas,
670 483 779 536 runnu,
791 487 895 531 rincum
908 489 1010 543 retina,
1022 493 1117 531 crure.
1129 485 1159 534 in

15 599 16 614 r
117 556 708 638 singulispaginisexcmplahujusccgenetis
717 559 937 639 habebis3qunm
945 582 1160 648 perpetuorum.

15 669 16 672 ’
118 655 1157 724 mutetureinnecini;oinuctc,·uinic:ethae0mnesvicevcrsa.

118 752 159 804 Sic
170 751 223 802 rin
235 750 244 801 i
257 759 284 802 et
296 762 306 802 t
316 757 344 801 et
356 765 386 800 r.-
402 765 416 798 c
430 745 520 799 iuret
533 745 557 798 l:
574 757 597 799 te
611 747 639 800 iu
650 770 666 799 a
681 745 795 813 coaluit;
807 748 882 804 unde
894 769 1069 826 procerarum
1081 764 1158 816 resti-

119 843 305 907 miserentem,
319 839 374 893 hoc
389 849 447 905 cst,
458 841 599 892 sedentem:
616 851 709 894 contra
721 854 747 894 et
759 859 810 916 pro
822 863 857 904 ας
871 843 945 898 unde
957 863 1007 922 pro
1019 849 1070 904 iiie
1076 851 1159 922 feret,

120 935 171 988 leci
180 935 246 1005 fera,
261 933 312 988 sed
329 933 444 1007 hujusce
461 933 569 1006 generis
580 935 718 1009 praecipua
732 946 772 988 est
788 938 925 992 restitutio
938 936 992 995 loci
1007 941 1109 1017 Sylvar.
1121 951 1160 1017 11,

121 1031 208 1084 cren.
222 1031 254 1096 6,
268 1043 339 1080 rere.
357 1043 413 1096 ²7²

300 1137 349 1181 Nec
359 1133 423 1180 Paria
431 1133 541 1180 OEbalios
549 1133 599 1180 talis
609 1135 699 1181 risurus
708 1151 799 1183 amores

301 1219 408 1267 limones
416 1221 502 1266 inritas
511 1217 596 1278 deiecit
605 1219 629 1264 in
638 1231 731 1281 aequora
740 1221 824 1281 pinon

122 1319 167 1374 ubi
177 1317 266 1396 probo
278 1317 358 1374 scribi
371 1315 486 1386 debere,
500 1319 607 1371 Troasin
623 1319 716 1372 inuisus
726 1333 777 1395 pro
789 1322 913 1376 Rusticus.
925 1320 993 1376 Vide
1005 1335 1097 1378 autern
1109 1327 1160 1380 iui-

124 1415 188 1466 tium
204 1425 231 1466 et
247 1429 423 1489 progressum
441 1409 524 1485 hujus
541 1407 652 1464 mendi:
673 1408 768 1465 ultima
783 1409 886 1489 syllaba
903 1418 931 1467 iu
949 1417 1048 1471 amissa
1063 1431 1121 1473 erat
1133 1421 1161 1475 in

123 1523 186 1560 rore
199 1507 321 1580 proxime
335 1511 480 1580 sequente,
495 1502 589 1557 irruitur
596 1542 606 1568 ‚
620 1513 651 1557 ut
664 1521 735 1578 saepe
749 1502 794 1557 lit:
809 1503 873 1558 inde
886 1517 952 1560 noar
959 1522 1096 1584 ceperunt
1112 1532 1162 1587 pro
1228 1559 1242 1573 .

125 1599 198 1664 ricus,
207 1615 292 1672 quum
303 1594 445 1650 literatum
455 1589 611 1648 differentia
621 1591 649 1648 in
660 1595 714 1648 isto
724 1591 879 1648 charactere
889 1598 1002 1653 minima
1014 1603 1061 1669 sit,
1072 1613 1099 1654 et
1109 1605 1163 1658 nisi

125 1693 215 1765 peritis
228 1693 273 1744 rix
286 1688 489 1766 dignoscenda:
504 1687 663 1764 adJ'ecerunt
677 1685 778 1742 deiude
790 1685 834 1742 vel
849 1705 881 1742 ex
897 1707 965 1744 voce
978 1692 1163 1766 precedente,

125 1783 166 1840 rel
181 1805 213 1840 ex
230 1787 350 1860 ingenio,
366 1780 502 1860 syllabam
520 1803 579 1837 nu:
600 1794 626 1837 et
643 1785 682 1838 sic
699 1783 899 1838 concinnarunt
916 1802 1013 1840 vocem
1029 1791 1162 1859 Rusticus,

126 1897 186 1954 quae
197 1879 313 1934 absurda
324 1891 360 1934 est
371 1890 398 1932 ct
409 1875 502 1932 falsa.¹
1096 1869 1097 1874 ’

161 2026 294 2080 Infinitum
306 2037 389 2092 essm,
400 2026 422 2078 si
432 2025 525 2078 omnia
536 2024 564 2076 iu
574 2022 645 2077 banc
655 2041 713 2076 rem
723 2021 839 2078 dicenda
849 2041 1027 2100 exsequerer:
1037 2026 1163 2084 desinam

129 2123 214 2194 igitur,
224 2121 246 2176 si
255 2121 331 2197 prius
341 2129 474 2173 notavere
485 2115 560 2171 aliud
569 2115 734 2171 mundonem
746 2135 832 2190 genus
844 2135 875 2171 ex
887 2115 937 2172 hac
947 2123 1084 2197 precipue
1095 2125 1162 2178 scri·

128 2215 216 2288 priene
225 2227 250 2268 ct
259 2214 414 2268 charactere
425 2211 581 2288 proflueusr
592 2209 647 2264 boc
657 2221 713 2278 est,
728 2225 815 2284 quum
825 2221 890 2266 tutte
900 2229 998 2282 voces,
1010 2232 1067 2268 non
1080 2211 1163 2270 literae

127 2317 224 2360 tantum
235 2325 289 2360 una
300 2319 328 2360 et
339 2303 437 2373 altera,
448 2322 499 2379 pro
512 2299 571 2356 aliis
583 2300 802 2356 substituuntur:
814 2319 871 2356 non
883 2307 951 2378 quin
964 2317 991 2359 et
1003 2307 1163 2382 antiquiori·

127 2397 172 2453 bus
181 2399 280 2469 libris,
292 2412 320 2454 et
329 2397 416 2452 literis
426 2393 584 2470 majusculis
594 2393 717 2470 scriptis,
727 2395 782 2450 hoo
791 2413 844 2450 utu
852 2399 972 2462 venerim
983 2399 1031 2452 secl
1040 2417 1097 2454 non
1106 2413 1163 2456 tarn

125 2487 285 2566 frequenter,
301 2509 353 2544 nec
367 2499 423 2544 tarn
438 2485 512 2543 facili
525 2489 626 2544 erroris
642 2490 792 2546 occasione.
805 2491 915 2566 Quippe
927 2490 1065 2546 interdum
1077 2499 1164 2549 luter·

126 2583 271 2660 Maiores,
289 2581 428 2639 interdum
447 2580 608 2636 festinantes
627 2579 758 2650 Libratii,
776 2599 895 2657 quorum
912 2581 989 2638 lucro
1004 2596 1062 2638 crat
1078 2583 1162 2642 libros

124 2695 202 2751 qam
214 2675 358 2734 celerrime
370 2673 571 2744 transcribere,
584 2691 672 2752 quum
683 2677 755 2730 mut
769 2688 860 2730 essent
874 2675 1020 2753 Exemplar·
1032 2676 1162 2754 aliquod,

123 2771 168 2824 vel
188 2769 272 2824 literis
289 2767 448 2824 minusculis
462 2781 490 2824 et
508 2766 778 2834 abbreviationibus,
795 2766 840 2823 vel
857 2779 993 2824 vetustate
1009 2781 1058 2824 aut
1074 2769 1163 2828 multo

124 2882 175 2918 usu
187 2875 215 2918 ct
228 2882 358 2918 murrum
367 2864 527 2920 mentione
538 2861 694 2930 obscurius,
705 2879 764 2916 non
776 2878 885 2938 semper
896 2862 961 2918 fidei
974 2862 1102 2930 litabant,
1115 2864 1164 2919 sed

123 2957 279 3032 postlmbita
294 2961 373 3013 reteri
386 2969 415 3013 et
427 2975 493 3014 vera
505 2958 650 3028 Lectione,
667 2958 711 3011 cui
725 2955 887 3032 mdagattdar
903 2955 1016 3030 aliquod
1031 2961 1164 3034 temporis

123 3051 189 3106 torte
197 3063 269 3108 esset
277 3049 491 3120 insumendum,
502 3047 581 3105 ubam
592 3051 627 3105 dc
636 3067 687 3104 suo
697 3049 809 3124 benigni
821 3049 1024 3124 impingebant;
1037 3049 1073 3106 de
1082 3069 1163 3107 sensu

122 3147 221 3212 securi,
236 3145 320 3200 modo
333 3164 370 3200 ne
381 3143 532 3201 violarum
544 3157 681 3212 metmm,
696 3155 723 3197 et
735 3139 932 3217 exemplarium
946 3157 1060 3201 snorum
1073 3162 1163 3202 renu-

122 3251 179 3292 stas.
190 3241 252 3294 iloc
262 3252 356 3294 autem
369 3238 453 3294 semel
466 3239 603 3308 admisto,
618 3255 690 3314 sepe
701 3235 815 3307 accidit,
830 3247 861 3290 ut
872 3233 977 3314 reliqua
988 3257 1051 3316 pars
1065 3257 1162 3297 versus

123 3331 287 3387 immutanda
301 3344 387 3398 essa,
405 3343 435 3386 ut
452 3347 565 3387 sensum
579 3330 730 3386 inductitias
743 3332 805 3384 voci
818 3343 1016 3404 congruentem
1033 3333 1161 3389 baberet:

121 3443 170 3498 quo
179 3437 278 3502 pamm
290 3444 369 3480 error
380 3443 453 3480 unus
463 3421 669 3500 Interpolatoris
679 3420 723 3479 rel
734 3423 850 3478 Librarii
862 3443 956 3480 ausam
967 3425 1044 3482 dedit
1054 3427 1162 3484 dnobus

122 3513 159 3568 rel
173 3516 263 3570 tribus
279 3514 398 3571 aliorum
411 3517 439 3570 iu
452 3515 549 3570 eodem
563 3534 653 3571 versu.
669 3518 739 3570 Huic
754 3516 908 3572 Scribarum
923 3517 1105 3591 festinationi,
1120 3517 1163 3576 vel

122 3607 343 3685 interpolatorum
356 3608 494 3676 audacie,
509 3605 616 3680 refero,
631 3607 705 3684 qnod
718 3607 789 3686 Sylr.
806 3616 832 3680 l,
849 3631 880 3676 a,
894 3631 946 3688 pro
959 3625 1016 3668 uota
1027 3633 1163 3688 precesque

150 3783 156 3802 ¹
172 3777 200 3820 ln
209 3791 262 3838 quas
274 3769 389 3824 lectiones
399 3779 488 3830 variat,
501 3777 675 3824 emendationes
685 3789 708 3823 et
720 3775 837 3824 literarum
851 3780 990 3826 mutationes
1004 3781 1113 3842 ampliora
1127 3781 1162 3827 le-

120 3869 168 3911 cere
182 3857 202 3901 ri
214 3855 281 3914 telas,
297 3857 339 3905 adi
353 3855 425 3916 hujus
436 3849 559 3902 voluminis
574 3871 627 3919 pag.
639 3855 699 3912 260;
710 3857 742 3902 ibi
756 3855 821 3919 plura
836 3861 939 3905 inveniet
956 3859 1059 3922 exempla
1074 3877 1086 3906 a
1100 3863 1162 3907 Mar·

119 3935 296 3988 llandoernrlite
306 3939 420 3986 adducta.
439 3939 482 3984 iio.

995 4043 1021 4084 B.
