2844 4484
445 344 585 407 LIBER
609 346 656 423 V,
681 346 875 410 GARMEN
901 349 926 410 l.
1138 349 1202 433 545
1256 295 1260 300 '

212 477 389 540 Pacensem
401 486 506 538 terras
517 470 707 554 dominum,
715 471 942 569 juvenemque
954 475 1122 570 relinquas

212 587 289 677 Ipse
300 605 420 650 senex:
435 599 533 650 certae
541 579 658 675 jurent
668 585 703 650 in
715 600 793 652 vota
804 587 950 653 Sorores.

165 819 215 872 pro
225 798 350 873 etproeul
359 797 449 869 ittam,
461 801 532 871 lege,
545 803 565 854 it
571 801 666 875 procul
710 821 770 874 cap.
786 805 884 872 XVIII,
904 822 913 856 r
935 826 941 855 ε
964 801 1168 856 -Conditorium
1182 819 1208 857 et

167 879 229 942 illa;
242 879 315 952 quod
326 899 376 951 per
387 899 415 933 se
426 882 530 953 patebit
544 883 566 933 si
576 881 665 934 locum
710 880 1055 954 corpusMagniAlexaudri
1063 898 1145 953 quum
1151 901 1208 954 pro·

166 961 288 1029 inspicias
299 981 304 1007 :
317 958 355 1011 ibi
366 977 473 1030 quoque
484 971 510 1012 et
520 959 665 1013 confundi·
709 959 792 1012 latum
804 979 819 1013 e
830 959 972 1032 penetrali,
983 960 1138 1032 subjecisset
1146 979 1210 1013 ocu·

167 1051 278 1091 turcum
287 1038 663 1111 it3ridesupre‚adrers.245.
709 1039 741 1091 lis
753 1058 853 1092 corona
868 1057 946 1092 aurea
957 1041 1083 1112 imposita
1097 1031 1131 1092 26
1141 1039 1209 1093 flori-

168 1118 275 1171 -cou
283 1121 341 1172 Par.
351 1118 393 1172 ed.
400 1139 440 1191 pr.
446 1133 619 1192 presumere.
631 1122 663 1174 A.
709 1118 759 1170 bus
773 1119 901 1190 aspersis,
915 1131 1055 1172 veneratus
1070 1133 1119 1171 est.
1131 1143 1143 1168 ι

167 1229 202 1240 -
216 1199 340 1271 Sertaque
351 1210 376 1251 et
384 1198 487 1270 Elysios
495 1202 591 1252 animoe
600 1218 665 1272 proe·
746 1199 805 1251 261.
820 1201 869 1251 Pro
880 1200 1037 1266 Parentes,
1050 1199 1135 1252 Perm.
1147 1198 1210 1252 Pla-

167 1279 370 1354 stemereflores.
388 1279 426 1329 Ex
440 1297 512 1330 more
526 1279 666 1350 spargendi
710 1289 827 1340 tantm
843 1278 951 1333 frustra.
973 1307 1010 1318 -
1029 1276 1099 1331 Edit.
1123 1279 1209 1350 princ.

168 1355 246 1409 llores
259 1357 286 1408 in
298 1375 356 1422 eos,
370 1375 437 1427 quos
452 1357 584 1411 honorare
596 1358 666 1413 vole·
710 1357 879 1425 Plaeautem,
893 1372 919 1410 et
930 1360 968 1412 sic
978 1361 1057 1411 etiam
1067 1357 1141 1429 apud
1149 1357 1209 1410 cod.

168 1436 246 1506 haut,
255 1438 296 1490 vel
305 1457 372 1510 quos
382 1438 566 1494 benevolentis
575 1458 666 1510 prose·
710 1437 790 1488 I’an's.
805 1438 850 1508 qui
862 1455 894 1488 ex
907 1433 1091 1490 emendatione
1103 1438 1208 1506 reponit

169 1516 328 1589 quebantur.
359 1518 465 1584 Livius,
491 1517 539 1570 lib.
561 1521 665 1587 XXIII,
714 1515 866 1568 Pacantem.
883 1518 914 1567 A.

171 1620 182 1644 ι
194 1599 293 1650 Omnes
305 1597 415 1649 tendere
430 1595 465 1649 ad
481 1598 666 1668 imperatorem
751 1595 810 1646 262.
821 1596 892 1646 Certe
898 1597 989 1665 jurent
997 1595 1025 1645 in
1035 1605 1094 1645 vote
1100 1594 1212 1646 Sorores.

167 1676 334 1744 Ilomanum,
359 1688 389 1728 ut
414 1688 507 1728 ruente
534 1675 612 1728 turbs
639 1678 666 1728 in
714 1675 747 1724 Et
757 1671 802 1724 hic
814 1691 918 1744 quoque
929 1669 1113 1744 reponendum
1124 1683 1211 1724 certer.-

169 1773 267 1821 unum,
282 1753 371 1821 adire,
385 1756 536 1823 contingere
547 1752 666 1806 dextram
714 1749 779 1804 vidit
790 1753 953 1816 Gronovius,
966 1752 1050 1802 Diatr.
1060 1768 1119 1822 cup.
1131 1751 1175 1820 47,
1188 1763 1215 1804 et

169 1835 465 1907 cupientium,coronas
473 1833 666 1906 lemniscosque
715 1831 836 1883 Heinsius
852 1828 887 1882 ad
902 1827 1041 1882 claudian.
1058 1830 1086 1880 in
1101 1827 1212 1898 Eutrop.

167 1915 340 1986 jacientium,
358 1911 429 1964 haud
442 1911 537 1984 procul
550 1912 669 1983 periculo
714 1910 755 1978 ll,
773 1928 801 1976 2,
819 1928 873 1982 quo
891 1923 978 1962 tamen
995 1907 1056 1961 loco
1072 1927 1122 1979 pro
1139 1920 1213 1960 eertoe

170 1994 282 2046 fuerit.»
306 1990 435 2058 Ovidius,
457 1988 491 2043 de
512 1993 669 2044 Germanico
716 1990 836 2064 Prodiqir'
845 1990 1058 2059 patueremr'noe,
1071 1984 1214 2058 legendum

173 2069 371 2142 triurnphante;
388 2069 469 2123 Trist.
487 2072 539 2136 IV,
562 2090 595 2133 2,
616 2071 668 2140 49ε
713 2083 780 2142 puto
800 2089 882 2124 reroe:
901 2067 961 2121 vide
982 2068 1134 2140 sequentia,
1155 2085 1212 2138 quse

169 2148 670 2223 nQuaqneibis‚msnibuscireumplau·
715 2149 766 2201 hoc
782 2148 919 2221 postulare
933 2147 1065 2200 videntur.
1085 2146 1212 2198 usorores

169 2230 232 2282 dere
240 2242 347 2282 tuorum
355 2227 491 2301 :Undique
496 2232 597 2299 jactato
604 2229 669 2282 llore
714 2228 756 2300 (id
769 2241 822 2294 est,
835 2229 935 2299 Parere)
942 2229 1035 2297 jurant
1046 2229 1074 2278 in
1085 2239 1148 2278 vote
1159 2243 1213 2278 eer-

169 2321 275 2379 tegente
284 2309 347 2360 vius.
360 2330 370 2354 ι
383 2309 585 2377 Tacitus,dnn.
595 2309 668 2375 XIV,
714 2318 759 2374 toe,
783 2309 839 2360 lixas
863 2319 889 2358 et
910 2305 1128 2370 determinatoe,»
1156 2303 1212 2356 huc

172 2386 309 2438 «Octavire
322 2386 448 2458 imagines
459 2398 563 2458 gestant
577 2386 668 2440 hume·
713 2401 839 2439 eventura
850 2403 907 2438 esse
918 2404 974 2456 quae
985 2386 1086 2455 rogavit
1097 2401 1146 2454 pro
1156 2385 1213 2435 Do-

170 2466 218 2530 ris,
233 2477 360 2537 spargunt
374 2463 514 2516 floribus.»
530 2465 668 2536 Virgilius,
712 2467 822 2518 miliano
833 2461 958 2516 Priscilla.
969 2492 1005 2503 -
1015 2465 1108 2528 Certe,
1121 2460 1148 2512 id
1158 2473 1212 2527 est,

169 2543 270 2594 AEneid.
287 2541 333 2594 lib.
345 2543 396 2608 Vl,
408 2561 446 2594 vs.
460 2542 528 2608 885,
545 2545 668 2614 «Purpu-
712 2543 804 2609 bonu,
819 2556 845 2595 et
859 2543 955 2615 quibus
968 2541 1047 2594 fidere
1060 2541 1156 2612 possis.
1171 2540 1213 2592 Sic

169 2639 228 2673 reos
249 2637 371 2691 spargam
390 2620 483 2690 liores,
502 2622 669 2691 animamque
713 2624 806 2675 Cicero
814 2623 841 2673 in
849 2623 958 2674 Verrem
968 2643 974 2672 ε
986 2623 1058 2673 «Iste
1066 2618 1148 2671 horno
1159 2637 1212 2670 cer·

169 2700 274 2769 nepotis
288 2699 334 2748 His
347 2694 439 2748 saltem
451 2697 616 2749 accumulem
624 2697 670 2748 do·
714 2716 755 2754 rus
768 2714 795 2752 et
808 2699 934 2770 diligens,
948 2700 982 2751 ad
990 2698 1085 2752 horam
1093 2710 1212 2750 octavam

169 2778 220 2828 nis.
232 2797 243 2822 r
259 2777 357 2828 Noster
366 2774 453 2846 Epith.
464 2775 549 2828 Stellre
556 2815 565 2842 ,
575 2774 634 2827 Silv.
645 2778 671 2841 l,
714 2793 811 2851 presto
822 2792 869 2831 est.
880 2802 891 2824 ι
904 2778 1072 2849 Ibidemque:
1084 2781 1214 2846 *Propter

171 2873 202 2918 2,
212 2872 258 2920 ur,
270 2875 280 2900 a
291 2855 393 2926 Optata
401 2855 521 2925 conjugis
532 2866 603 2906 artus
612 2853 671 2905 Flo-
714 2859 835 2910 virentem
848 2868 874 2909 et
887 2855 983 2922 iidem,
998 2874 1058 2908 curn
1068 2853 1213 2918 Androne,

169 2933 245 2988 ribus
256 2935 400 2986 innumeris
411 2945 438 2985 et
449 2933 531 2986 olenti
547 2950 670 3004 spargere
715 2935 821 2988 homine
841 2933 1027 2988 honestissimo
1048 2945 1075 2985 et
1095 2933 1211 2985 certissi-

170 3009 295 3063 uimbo.=
320 3011 392 3079 Quin
412 3010 490 3064 etiam
510 3011 610 3062 mortui
628 3009 670 3063 his
714 3030 775 3078 uro,
797 3010 897 3064 electus
915 3025 963 3064 est.
987 3041 1022 3052 -
1047 3009 1115 3086 cod,
1128 3011 1209 3062 Puris.

171 3093 279 3163 aspersi.
305 3092 464 3157 Suetonius,
484 3091 511 3142 in
530 3090 670 3160 Augusto,
716 3088 756 3143 ed.
772 3108 813 3162 pr.
827 3109 887 3144 cum
899 3092 999 3144 ceteris
1010 3101 1083 3142 certe.
1103 3091 1133 3140 Δ.
