2858 4492
179 290 242 368 264
371 239 506 356 NOTAE
531 291 579 354 ΙΝ
604 292 801 355 CARMEN
826 293 1026 358 SEXTUM

179 431 230 470 tem
242 415 378 484 veniebat,

361 509 407 552 Seu
415 504 538 552 Pollentini
546 505 615 552 mersi
626 517 701 552 essent
709 505 804 551 llumine
813 505 895 560 saltus,

361 581 406 626 Seu
415 580 521 624 Lucanus
530 592 599 639 aqer:
609 591 651 623 seu
659 577 767 641 Tybridis
776 579 875 640 impetus
884 577 942 626 altas

361 651 389 695 ln
398 647 505 694 dextrum
514 649 616 694 torsisset
624 663 708 710 aquas,
719 659 764 696 etc.

177 757 225 809 pro
243 737 409 791 Pollentinos
424 737 566 791 mersissent
573 735 708 813 flumiua5
723 737 810 788 statim
827 735 928 807 abjeci,
941 755 1040 807 gnarus
1054 738 1123 792 hanc
1136 741 1221 793 laxant

177 818 399 889 compositionem
410 835 464 870 non
479 835 535 870 esse
547 817 629 869 Statii.
646 818 698 867 Aut
709 817 789 886 igitur
802 814 929 869 excidisse
941 815 1045 870 videtur
1059 837 1164 887 versus,
1176 834 1223 872 ant

177 897 243 948 mira
253 907 293 948 est
303 895 414 968 ellipsis,
424 918 435 941 ι
445 895 495 948 Seu
507 896 629 947 Lucanus
642 912 704 966 ager
716 893 863 947 admisisset
874 913 971 966 aquas,
984 915 1029 949 sen
1042 887 1221 971 Tybridisint·

177 989 255 1047 petus
264 979 384 1030 torsisset
398 993 480 1046 aquas
492 977 519 1026 in
532 972 682 1026 dextrum·
697 973 749 1027 Sed
760 973 824 1046 quid
837 975 946 1045 Tytn'di
956 994 1018 1028 enm
1028 996 1091 1051 apro
1102 979 1220 1042 Ιιιιεαιιο,

179 1070 232 1108 tarn
240 1057 319 1127 longe
331 1055 441 1110 dissito?
451 1058 571 1127 Despero
583 1057 672 1126 igitur,
685 1069 712 1107 et
720 1073 799 1126 supra
810 1069 918 1127 captum
929 1075 1017 1110 meum
1028 1077 1086 1111 esse
1094 1058 1151 1112 haec
1161 1079 1223 1112 con·

177 1134 262 1188 fiteor.
279 1137 361 1190 llecte
377 1155 437 1189 vero
453 1155 484 1188 cx
500 1135 606 1188 dnobus
621 1133 764 1188 (lodicibus
779 1134 861 1187 edidit
874 1136 1023 1190 Gronovius
1037 1137 1071 1189 Iu
1085 1138 1222 1204 destmm,

178 1215 233 1269 scil.
248 1214 330 1279 lstns3
345 1236 399 1268 non
413 1216 545 1277 dextram
557 1217 593 1266 ita
606 1214 691 1267 Theb.
707 1216 744 1282 ll,
758 1237 770 1260 ι
781 1218 807 1266 in
821 1213 914 1268 levum
928 1235 1013 1289 prona
1023 1219 1094 1287 jacet
1106 1219 1221 1270 Inachus

176 1315 280 1358 urnu-
298 1310 326 1349 et
342 1297 382 1348 X:
404 1295 487 1348 shuic
506 1295 629 1366 languida
647 1297 747 1360 cervix,
765 1296 796 1345 ln
814 1294 907 1347 laevum
926 1309 1037 1366 cogente
1051 1298 1124 1362 Deo,
1143 1308 1193 1349 etc.
1206 1321 1218 1344 ι

176 1375 211 1444 Q.
223 1374 344 1442 Curtius,
355 1375 404 1442 lV,
420 1375 468 1439 13,
486 1373 530 1426 16:
550 1371 704 1424 «interdum
718 1371 852 1436 hesitare,
867 1391 901 1425 an
915 1377 1004 1444 potins
1016 1377 1042 1425 in
1056 1374 1148 1426 levum
1161 1386 1221 1426 tor-

178 1467 270 1525 queret
284 1473 386 1526 sgmen.
398 1478 409 1500 ι
423 1454 522 1506 Passim
534 1451 661 1522 exempla.

215 1617 258 1669 70.
276 1601 449 1674 ludendique
460 1603 526 1667 uias,
538 1613 588 1652 etc.
602 1601 685 1650 Totus
698 1599 741 1651 hic
754 1600 829 1652 loeus
842 1599 920 1669 vulgo
932 1603 968 1652 ita
982 1600 1075 1671 legitur
1087 1613 1112 1652 et
1124 1600 1221 1654 distin·

178 1694 281 1749 gmmr:
364 1751 520 1814 laedendique
528 1751 577 1798 vias
586 1751 638 1796 vitre
648 1749 717 1796 modo
727 1765 821 1795 carmen
830 1749 913 1796 adulta·

364 1823 462 1868 Nectere
472 1820 575 1867 tentabat
581 1819 695 1881 juvennm
704 1817 872 1880 pulcherrimus
881 1819 919 1866 ille

364 1891 421 1935 Cum
432 1891 505 1936 tribus
515 1888 573 1934 Eleis
582 1903 651 1934 unam
662 1887 777 1934 trieterida
786 1887 862 1935 lustris

363 1955 467 2005 Attendit
475 1971 542 2005 torvo
551 1959 621 2004 tristis
631 1957 768 2004 Rhamnusia
777 1956 851 2004 vultu.

180 2051 251 2104 Nihil
267 2049 377 2114 foedins,
395 2050 544 2102 autminus
560 2047 722 2118 intelligibile
738 2045 780 2100 his
796 2047 890 2101 verbis.
908 2047 1003 2101 Sensus
1021 2049 1126 2124 quidem
1144 2051 1223 2104 facile

180 2130 349 2202 perspicitur,
357 2147 466 2200 nempe,
476 2127 605 2180 Philetum
612 2130 668 2199 jam
679 2146 808 2181 annorum
817 2147 874 2182 csse
884 2119 1049 2200 quindecim:
1061 2127 1222 2201 quindecim,

180 2211 303 2280 inquam,
312 2225 365 2258 non
378 2206 540 2274 octodecim,
551 2221 580 2259 ut
589 2207 656 2259 laiso
667 2209 816 2260 Bernartius
827 2221 853 2260 et
861 2209 1013 2274 Gerendus,
1024 2207 1106 2261 Elect.
1116 2212 1165 2274 lll,
1179 2227 1223 2274 to,

180 2290 285 2362 decepti
298 2287 487 2359 significatione
498 2306 595 2340 vocum
607 2289 686 2341 tribus
697 2289 768 2342 Eleis
780 2289 876 2356 lustris,
889 2308 945 2361 quse
957 2287 1092 2342 duodecim
1106 2304 1223 2358 tantum,

180 2391 234 2424 non
246 2369 395 2444 quindecim
406 2386 487 2421 annos
499 2369 631 2420 efficiunt:
646 2389 727 2442 quum
738 2370 818 2423 lustra
830 2368 896 2423 Elea
905 2369 975 2422 idem
988 2370 1040 2423 sint
1053 2371 1125 2443 quod
1136 2371 1224 2442 Olym-

177 2453 280 2525 piades,
294 2450 346 2504 huc
361 2464 413 2517 est,
422 2449 603 2519 mrpemspil‘sm
618 2469 673 2501 non
686 2452 866 2520 esmemrpliss.
878 2452 920 2503 Ad
931 2469 1036 2504 sensum
1048 2453 1128 2523 igitur
1139 2465 1224 2504 atten-

181 2531 255 2583 denti
267 2532 355 2583 ststim
370 2528 479 2601 patebat
492 2527 605 2581 Statium
620 2531 771 2601 scripsisse,
788 2532 867 2582 «vitre
880 2529 962 2581 modo
980 2528 1071 2582 limine
1090 2529 1199 2592 adultam
1210 2557 1221 2578 ι

180 2610 271 2676 idest,
283 2611 309 2660 in
322 2609 380 2681 ipso
391 2607 484 2659 limine
492 2603 683 2674 adolescentiae,
696 2607 743 2659 ubi
752 2609 874 2662 concessit
883 2621 982 2680 tempus
990 2609 1091 2680 puerili
1093 2614 1224 2682 juventu,

181 2703 210 2742 ut
222 2686 355 2760 eleganter
367 2687 491 2753 Ovidius,
504 2687 611 2740 Metam.
627 2690 675 2754 Vl,
691 2705 742 2758 7¹9
755 2687 815 2741 ubi:
834 2691 1001 2759 :terquinos
1015 2689 1165 2743 adoleverat
1179 2709 1226 2741 an-

181 2789 266 2837 nos,=
282 2781 311 2821 ut
324 2767 357 2820 de
368 2766 482 2819 Romulo
495 2780 520 2819 et
531 2769 614 2821 llemo
627 2767 711 2834 idem,
722 2769 792 2822 Fast.
807 2770 859 2836 lll,
876 2767 923 2838 59,
938 2771 988 2821 nisi
1002 2769 1075 2841 quod
1089 2769 1126 2822 ibi
1140 2773 1174 2823 sit
1188 2783 1227 2822 ter

181 2869 260 2906 senos.
273 2851 388 2902 AElatrm
400 2846 517 2901 adultam
528 2863 607 2902 vocnt
616 2848 769 2915 Lucretius,
784 2848 829 2901 lib.
842 2850 878 2914 ll,
893 2862 920 2900 et
934 2849 1013 2901 robur
1024 2849 1159 2916 adultum,
1173 2849 1225 2902 ibi·

182 2935 250 2986 dem.
267 2930 352 2996 ldent,
365 2931 413 2995 Ill,
428 2927 494 2995 l5o,
509 2941 535 2982 et
548 2929 593 2994 lV,
609 2929 688 2990 toln
700 2928 792 2999 virgil.
807 2928 903 2998 Georq.
918 2928 955 2994 ll,
969 2927 1034 2991 3623
1048 2943 1074 2980 et
1087 2930 1145 2980 AEn.
1161 2931 1226 2993 Xll,

182 3033 205 3063 v.
220 3010 287 3077 438:
303 3009 346 3058 κΤ
347 3027 365 3059 ιι
374 3007 469 3075 incito,
481 3025 543 3059 mox
552 3026 633 3080 quum
643 3021 745 3060 matura
755 3006 900 3059 adoleverit
909 3019 987 3072 retas,
998 3007 1037 3059 Sis
1045 3024 1159 3070 memor,
1169 3031 1181 3053 ιι
1195 3006 1225 3058 id

182 3105 235 3156 ost,
250 3112 262 3135 ι
272 3109 355 3162 quurn
369 3087 459 3141 adulta
472 3103 534 3141 retas
549 3092 731 3152 maturaverit,
742 3113 753 3136 ι
769 3087 824 3150 vel,
839 3111 850 3134 ι
861 3087 1037 3140 adolescendo
1049 3101 1152 3140 matura
1165 3107 1225 3142 esse

181 3171 323 3242 ceperis„
335 3183 364 3220 ut
373 3167 442 3221 bene
452 3169 563 3221 Servius.
573 3171 615 3222 Sic
625 3171 711 3240 prima
725 3169 777 3220 vita
787 3187 835 3238 pro
843 3169 957 3238 pueritia
966 3170 1065 3240 possim
1076 3169 1148 3240 apud
1156 3189 1226 3241 poe·

182 3265 235 3302 tas:
249 3249 363 3318 primam
377 3259 477 3300 etatem
490 3261 568 3300 vocat
578 3249 684 3313 Noster,
695 3246 780 3300 Theb.
791 3247 841 3312 Vl,
855 3246 920 3313 252,
935 3262 962 3300 et
974 3249 1113 3302 Achilleid.
1126 3253 1150 3316 l,
1165 3250 1224 3303 163.

180 3331 222 3384 Sic
231 3330 315 3400 puber
322 3345 406 3380 oeoum
415 3346 464 3398 pro
472 3331 593 3398 pubertas
603 3329 751 3394 Ausonius,
764 3327 877 3380 Proless.
889 3329 976 3396 xvn,
989 3349 1027 3382 vs.
1044 3347 1088 3382 ro:
1105 3349 1226 3401 «pueros

181 3406 275 3482 grandi
288 3406 410 3460 mercede
423 3406 538 3458 docendi
551 3409 682 3459 Formasti
697 3406 794 3473 rhetor,
808 3421 905 3462 metam
918 3429 1004 3482 prope
1017 3411 1125 3484 puberis
1139 3413 1199 3472 mri;
1212 3435 1223 3457 ι

180 3489 207 3540 id
217 3501 269 3551 cst,
279 3510 290 3533 ι
302 3505 397 3558 pueros
406 3485 570 3558 pubertatem
578 3489 686 3557 jamJ'am
696 3489 888 3558 ingressuros·
901 3487 988 3554 Idem,
1002 3491 1121 3562 Protrep.
1132 3494 1165 3555 V,
1178 3491 1224 3559 73:

363 3583 428 3630 idem
439 3584 559 3647 vesticipes
569 3597 634 3631 motu
640 3583 689 3646 jam
699 3584 793 3646 puberis
803 3587 845 3631 reri

365 3653 485 3772 ppospores
493 3669 601 3718 artesque
609 3655 682 3703 bonas
691 3657 803 3720 laudique
813 3658 915 3720 vigorem

427 3743 465 3772 nsr
474 3742 479 3770 :

179 3829 226 3882 ubi
235 3829 303 3880 lorte
315 3838 421 3898 prestat
426 3825 557 3899 fandique
566 3829 681 3882 decorem
691 3852 699 3880 .·
712 3841 796 3882 motus
806 3829 908 3900 puberis
916 3831 965 3882 uui
974 3843 1013 3882 est
1023 3847 1170 3901 propressus
1179 3849 1227 3901 pu·

179 3911 293 3962 hortulis:
308 3921 334 3958 et
343 3909 380 3958 ita
389 3909 497 3972 iterum,
509 3908 697 3974 Genethliauo,
707 3929 731 3962 v.
743 3910 768 3962 8.
786 3909 905 3962 Primum
916 3910 985 3962 hatte
995 3918 1111 3975 uiuum,
1124 3907 1159 3960 de
1172 3927 1226 3978 quo

83 4049 86 4057 ι
183 3991 262 4042 morlo
279 3989 345 4056 diri,
362 3989 394 4040 ad
413 4006 495 4041 anuos
512 3991 704 4063 quatuordecim
722 3989 755 4043 ad
772 3992 908 4043 minimum
925 3991 1061 4062 pertigisse
1079 3987 1175 4058 colligo
1194 4005 1226 4037 ex
