2804 4490
210 315 272 398 rid
377 314 514 379 NOTAE
537 315 586 378 lli
610 315 810 381 CARMEN
833 317 1079 402 QUARTUM

241 457 297 514 rop.
316 439 379 493 llitu¹
395 459 421 495 se
439 439 522 514 clepit
539 451 643 516 reteque
660 441 863 496 Poeoru'o.1nter
880 457 980 501 cotem
999 449 1167 506 conditiones
1185 469 1249 525 quas

203 526 377 595 Hippocrates
386 523 534 595 requisitio
544 521 684 596 chirurgo,
694 525 814 597 inprimis
826 524 881 578 ltaac
893 539 964 594 erat,
977 541 1007 580 ut
1016 545 1090 584 veste
1100 547 1170 585 esset
1180 537 1250 587 astri·

202 619 245 658 cto
256 617 283 658 et
297 606 445 670 succincta,
461 621 515 655 non
531 604 591 656 laxa
603 604 644 657 vel
656 604 805 677 duplicato,
820 607 849 660 in
863 605 981 662 humeris
993 623 1020 663 et
1034 613 1139 668 cubitis.
1154 617 1250 686 Hujus·

101 749 108 760 1
202 685 274 738 modi
285 685 405 738 habitum
417 687 496 738 etiam
507 683 648 758 descripsit
657 700 737 760 poeta
745 727 753 754 ,
761 689 809 740 Vll
820 689 877 742 AEn.
892 707 974 762 quum
985 691 1105 768 loquitur
1115 695 1150 749 de
1160 695 1249 770 lapide

200 767 324 840 efflei-go
338 790 350 815 ι
362 766 445 820 ...ills
455 780 554 820 retorto
569 769 701 821 Paeouium
713 771 740 820 iu
750 787 853 822 morem
869 773 959 825 senior
972 779 1124 830 succinctus
1138 781 1249 848 amictu,

200 848 286 900 Multa
298 865 380 918 manu
396 847 512 915 medice,
526 846 672 920 Phoebique
689 847 844 920 potentibus
861 849 985 904 herbis.»
1003 855 1036 906 Et
1049 855 1084 908 ad
1097 856 1148 910 bos
1160 875 1249 912 versus

201 927 314 981 Statium
323 929 471 1000 respexisse
484 927 650 978 crediderim.
669 929 824 980 cursarius.

239 1103 297 1140 ιιι.
316 1087 458 1158 Morboque
473 1082 607 1154 ιιιιὶιιιιίυι·
623 1087 698 1136 omni
715 1087 832 1159 Occupat
846 1087 986 1141 auxilium.
1003 1091 1090 1163 lege,
1106 1093 1247 1163 mianum,

199 1187 236 1222 to.
251 1165 398 1228 misilinus,-
411 1166 548 1217 nonenim
559 1162 649 1217 dicere
662 1164 747 1216 soluit
760 1164 912 1237 Apollinem
926 1173 999 1222 omni
1013 1171 1107 1224 morbo
1122 1173 1248 1229 nebulio·

199 1267 253 1302 rem
263 1249 362 1310 fuisse;
377 1244 443 1297 nihil
454 1246 553 1316 quippe
565 1246 675 1310 mirum,
688 1247 814 1317 quoniam
824 1246 901 1309 deus,·
913 1247 960 1300 sed
971 1248 1024 1302 boc
1035 1251 1105 1320 vult,
1117 1255 1248 1308 auxilium

199 1347 246 1382 seo
258 1327 400 1381 temedium
413 1323 487 1397 quod
497 1323 595 1395 Apollo
606 1324 695 1376 intulit
706 1327 780 1377 omni
793 1326 889 1379 morbo
902 1328 1032 1385 valentius
1041 1333 1131 1386 faisse.
1144 1336 1184 1386 De
1196 1355 1248 1388 me-

199 1427 287 1470 tuente
299 1415 406 1480 Atrida,
419 1411 479 1466 vide
492 1411 600 1464 Homer.
615 1411 688 1464 lliad.
701 1425 734 1480 o,
750 1413 809 1467 150.
824 1417 874 1466 Pro
891 1416 972 1485 Deus,
984 1435 1060 1472 versu
1071 1421 1249 1492 praecedeuti,

198 1497 282 1550 Pam.
294 1508 321 1547 et
331 1494 407 1546 Rom.
419 1491 520 1545 babent
531 1491 615 1545 Deos:
626 1504 656 1544 ut
664 1490 691 1544 si
705 1493 757 1565 ipse
768 1509 825 1545 non
838 1491 872 1546 ad
885 1495 1047 1570 Apollinem,
1057 1499 1103 1552 sed
1114 1500 1247 1554 Gallicum

199 1577 336 1629 referatur.
347 1575 381 1626 Et
393 1591 455 1626 sane
467 1570 519 1623 hoc
531 1589 622 1623 verum
634 1584 688 1624 est:
702 1571 736 1624 de
747 1571 872 1644 Apolline
885 1578 954 1627 enim
964 1577 1102 1649 odorante
1113 1579 1194 1632 modo
1206 1579 1247 1633 di·

198 1671 270 1710 xerat
281 1675 289 1708 s
299 1657 354 1727 jam
366 1651 595 1707 narratGallicum
606 1669 657 1724 pro
668 1670 716 1705 sua
728 1667 804 1725 parts
814 1655 964 1726 Apollinem
975 1667 1001 1707 et
1010 1657 1190 1732 AEsculapium
1201 1661 1249 1713 od-

194 1738 308 1808 juvasse,
327 1749 449 1808 paratum
463 1745 490 1786 et
502 1731 620 1784 habilem
636 1751 664 1786 se
679 1733 844 1803 praestando,
862 1749 887 1787 et
900 1735 1092 1790 medicamenta
1106 1755 1194 1792 eorum
1213 1741 1247 1792 li·

196 1815 291 1868 benter
303 1813 432 1868 sumendo
443 1825 468 1864 et
480 1811 639 1884 occupando.
654 1813 684 1862 ln
695 1825 850 1864 contextum
859 1814 947 1886 itaque
956 1817 1100 1888 recipiatur
1110 1840 1122 1865 ι
1131 1818 1247 1890 Adjusat

196 1897 255 1966 ipse
269 1893 348 1960 deos,
361 1892 511 1961 morboque
521 1890 651 1943 valentius
665 1895 738 1944 omni
749 1893 871 1965 Occupat
886 1895 1022 1948 auxilium.
1034 1919 1045 1944 ι
1059 1899 1146 1950 versu
1158 1901 1248 1969 proxi·

197 1994 256 2040 mo,
272 1992 322 2043 pro
334 1984 389 2024 arte
403 1973 540 2033 AEmonia,
555 1974 705 2024 Bernartius
720 1987 810 2044 sperat
824 1973 982 2047 placituram
996 1994 1053 2029 esse
1066 1982 1245 2050 conjecturam

197 2073 284 2120 suam,
294 2071 343 2106 oere
353 2053 474 2105 AEmonio
483 2072 490 2114 ς
500 2069 555 2103 non
566 2051 645 2105 milri:
656 2057 748 2125 potius
755 2057 826 2108 euim
835 2055 930 2109 dixisse
941 2057 1033 2110 debuit
1041 2063 1157 2134 empine
1167 2080 1245 2133 quarn

84 2139 88 2146 '
195 2151 252 2185 sere.
266 2132 332 2185 Plio.
347 2133 431 2199 XXV,
445 2131 475 2196 5,
489 2129 523 2181 de
537 2129 641 2182 Achille
655 2131 784 2204 loquens:
800 2134 873 2187 uAlii
888 2137 1004 2206 primum
1019 2140 1162 2208 eruginem
1175 2140 1247 2192 inve·

195 2217 265 2266 uisse
275 2213 439 2268 utilissimam
450 2209 616 2282 emplastris:
628 2209 743 2286 ideoque
752 2215 871 2285 pingitur
879 2231 910 2266 ex
919 2215 1031 2288 cuspide
1040 2215 1178 2270 decutiens
1188 2235 1247 2270 eam
1282 2210 1287 2218 '

195 2293 431 2368 glsdioiurulnus
444 2289 589 2364 Telephi·
645 2321 647 2329 ν
701 2291 705 2300 ’

233 2437 290 2490 ιι5.
311 2437 375 2507 Quis
387 2434 455 2486 milri
467 2445 505 2487 tot
515 2444 594 2484 coetsss
608 2433 683 2496 irater,
699 2447 750 2487 etc.
763 2435 850 2486 Male:
866 2433 962 2488 dixisse
974 2438 1044 2490 enim
1055 2436 1149 2493 debuit
1160 2451 1248 2496 tantos

194 2528 272 2570 cestus
284 2516 329 2569 vel
339 2527 442 2568 tantum
455 2523 550 2564 coetum
564 2512 714 2583 populique
730 2526 902 2585 patrumque,
916 2533 972 2566 nou
986 2527 1025 2569 tot
1037 2529 1129 2580 cotum
1144 2523 1247 2592 quippe

194 2593 339 2651 absurdum
354 2608 394 2646 ast
407 2611 560 2665 supponere
570 2591 669 2645 'inultos'
680 2593 763 2646 luisse
772 2606 851 2647 cotue
860 2594 969 2666 populi,
983 2608 1009 2648 et
1019 2595 1114 2650 multos
1123 2613 1247 2670 petrum,

195 2677 363 2750 querentium
376 2673 409 2726 de
419 2673 511 2724 Rutilii
521 2671 682 2726 valetudine.
695 2676 780 2746 Lege,
795 2676 882 2744 sQuis
893 2675 957 2728 milri
968 2690 1008 2730 tor
1016 2691 1127 2751 φιοιιιιι
1137 2682 1220 2744 luten
1231 2703 1244 2728 ι

194 2759 252 2831 quis
260 2758 335 2810 locus
345 2758 381 2808 sit
389 2753 561 2808 sollicitudini
569 2769 595 2807 et
600 2757 670 2808 votis
678 2757 745 2809 meis
755 2758 824 2809 inter
832 2771 873 2810 tot
881 2769 982 2830 questus
990 2759 1083 2831 populi
1091 2774 1117 2812 et
1125 2764 1248 2832 patrum?

193 2841 252 2912 quis
262 2839 339 2891 locas
348 2839 413 2889 meis
425 2835 551 2908 questibus
560 2837 628 2888 inter
636 2849 678 2888 tot
688 2849 793 2908 questus
802 2837 932 2890 aliorum?
943 2857 998 2891 nou
1009 2851 1087 2894 coetus
1092 2877 1102 2906 ,
1115 2845 1189 2911 cujus
1199 2842 1247 2895 ab·

193 2921 348 2974 surditatem
359 2918 447 2981 sides3
462 2929 577 2990 questro,
589 2929 619 2968 ut
630 2916 715 2970 Theb.
731 2919 778 2984 ill,
792 2922 859 2989 704;
874 2921 934 2988 Vll,
946 2919 1012 2987 46ος
1027 2924 1066 2989 Χ,
1077 2923 1125 2985 66;
1136 2924 1245 2978 Tacitus

192 3001 288 3053 Annei.
303 3001 323 3050 1.
335 3001 369 3051 Hi
382 3008 484 3071 questus
495 2995 589 3069 populi
602 3011 627 3049 et
641 3011 746 3069 patrum
762 3013 824 3051 suut
836 2999 1000 3070 intelligendi
1013 3003 1177 3072 querentium
1187 3002 1247 3056 Diis

192 3078 234 3130 sel
249 3079 280 3130 cle
293 3079 365 3143 Diis,
380 3075 416 3128 ob
429 3074 566 3128 adversam
579 3073 675 3128 Gallici
688 3074 875 3128 valetudinem.
892 3077 930 3128 lta
947 3076 1019 3148 apud
1030 3079 1089 3130 Vel.
1105 3080 1245 3146 Flaccum,

191 3161 228 3224 11,
244 3160 301 3228 ¹67.
312 3161 359 3210 Hc
370 3175 434 3210 vero
444 3175 523 3212 rooes
535 3167 613 3210 eorus
624 3171 651 3210 et
661 3168 765 3229 questus
775 3174 844 3227 sepa
855 3171 1066 3220 commutantem
1078 3161 1114 3211 ita
1127 3159 1245 3231 Epirbel.

191 3234 264 3288 Stell.
275 3253 315 3287 vs.
331 3235 396 3301 235,
415 3255 465 3308 pro
482 3248 548 3288 coetu
559 3235 601 3289 vel
618 3247 696 3288 coetus
710 3249 772 3287 ante
787 3237 954 3286 Bernartium
966 3249 1022 3287 erat
1038 3239 1065 3287 in
1083 3237 1246 3293 editionibus

193 3325 308 3389 questum
320 3316 357 3368 sic
368 3317 446 3368 etiam
458 3318 587 3388 Protrept.
600 3315 633 3368 ad
644 3315 758 3387 Crispin.
768 3333 793 3366 ι.
810 3315 873 3381 160,
884 3331 933 3384 pro
945 3325 1047 3388 questus
1055 3315 1161 3383 solitos,
1171 3321 1246 3372 stote

190 3394 342 3450 Gronovius
354 3407 439 3448 coeuo.
454 3397 540 3450 Causa
555 3395 665 3449 eruditis
677 3409 740 3447 nota
747 3416 757 3456 ,·
769 3413 864 3466 nempe
877 3395 938 3466 quia
953 3411 967 3446 c
980 3407 1006 3446 et
1017 3414 1053 3469 qu
1064 3393 1181 3465 ejusdem
1193 3415 1245 3470 po·

190 3478 291 3529 testatis
300 3490 327 3528 et
336 3495 418 3530 sonus
429 3477 563 3530 veteribus
574 3477 698 3542 luerunt,
710 3488 741 3526 ut
751 3477 778 3527 in
788 3475 898 3527 vocibus
910 3475 980 3550 quod
988 3488 1015 3528 et
1026 3475 1087 3540 cod,
1101 3496 1206 3551 quoque
1217 3491 1244 3529 et

190 3575 263 3620 coce,·
279 3556 312 3609 de
328 3577 381 3632 quo
396 3573 476 3612 notus
490 3559 626 3612 Ciceronis
640 3558 723 3626 jorres
735 3554 806 3628 apud
822 3558 1033 3624 Quintilianum,
1050 3556 1100 3622 vl,
1119 3557 1150 3624 3,
1168 3557 1181 3629 §
1198 3555 1241 3621 48.

189 3635 258 3690 vida
272 3651 363 3706 notas,
378 3659 406 3710 p.
418 3639 469 3708 49⁶
482 3653 545 3690 rom.
558 3639 582 3688 ll
593 3638 677 3688 nostri
687 3635 852 3704 Quintiliani.
867 3639 907 3691 lta
920 3637 1033 3691 condam
1046 3657 1097 3712 pro
1108 3637 1241 3714 quondam

189 3719 362 3792 inscriptione
371 3731 422 3772 vet.
435 3715 508 3788 apud
520 3718 622 3769 lleincs.
637 3735 664 3790 p.
678 3715 738 3788 543.

201 3879 205 3885 ’
227 3877 285 3932 119.
304 3863 383 3915 Nune
396 3857 495 3910 lumine
506 3867 600 3910 cuneta
612 3859 742 3932 Aepuror.
759 3860 901 3914 Burmann.
918 3859 957 3914 ad
965 3859 1024 3914 Vel.
1039 3861 1127 3915 Flaoc.
1141 3863 1177 3926 11,
1191 3859 1240 3928 li,

188 3939 250 4012 legit
263 3945 401 4015 Armupors
412 3953 494 3992 recte.
508 3939 586 3992 Ovid.
599 3941 708 3996 Heroid.
721 3941 771 4010 lx,
784 3943 833 4010 41:

374 4033 485 4092 Aucupor
493 4029 573 4078 inielia
580 4032 675 4078 incertae
684 4048 803 4080 murmure
815 4031 890 4080 imre.
