<?xml version="1.0" encoding="UTF-8"?>
<!DOCTYPE html PUBLIC "-//W3C//DTD XHTML 1.0 Transitional//EN"
    "http://www.w3.org/TR/xhtml1/DTD/xhtml1-transitional.dtd">
<html xmlns="http://www.w3.org/1999/xhtml" xml:lang="en" lang="en">
 <head>
  <title>
</title>
<meta http-equiv="Content-Type" content="text/html;charset=utf-8" />
  <meta name='ocr-system' content='tesseract 3.04.00' />
  <meta name='ocr-capabilities' content='ocr_page ocr_carea ocr_par ocr_line ocrx_word'/>
</head>
<body>
  <div class='ocr_page' id='page_1' title='image "./quexstantomniao03lemagoog_0679.png"; bbox 0 0 2782 4486; ppageno 0'>
   <div class='ocr_carea' id='block_1_1' title="bbox 387 321 1213 414">
    <p class='ocr_par' dir='ltr' id='par_1_1' title="bbox 387 321 1213 414">
     <span class='ocr_line' id='line_1_1' title="bbox 387 321 1213 414; baseline 0.005 -28"><span class='ocrx_word' id='word_1_1' title='bbox 387 321 516 386; x_wconf 87' lang='lat' dir='ltr'><strong>LIBRI</strong></span> <span class='ocrx_word' id='word_1_2' title='bbox 541 322 718 405; x_wconf 81' lang='lat' dir='ltr'><strong>QUINTI</strong></span> <span class='ocrx_word' id='word_1_3' title='bbox 743 323 995 389; x_wconf 81' lang='lat' dir='ltr'>SILVARUM.</span> <span class='ocrx_word' id='word_1_4' title='bbox 1147 323 1213 414; x_wconf 74' lang='grc'>647</span> 
     </span>
    </p>
   </div>
   <div class='ocr_carea' id='block_1_2' title="bbox 165 444 1216 2198">
    <p class='ocr_par' dir='ltr' id='par_1_2' title="bbox 165 444 1216 2198">
     <span class='ocr_line' id='line_1_2' title="bbox 171 444 1215 520; baseline -0.002 -17"><span class='ocrx_word' id='word_1_5' title='bbox 171 466 247 503; x_wconf 80' lang='lat' dir='ltr'>susm</span> <span class='ocrx_word' id='word_1_6' title='bbox 259 444 361 520; x_wconf 75' lang='lat' dir='ltr'>syllaba</span> <span class='ocrx_word' id='word_1_7' title='bbox 375 447 419 512; x_wconf 84' lang='lat' dir='ltr'>de,</span> <span class='ocrx_word' id='word_1_8' title='bbox 434 465 466 501; x_wconf 80' lang='lat' dir='ltr'>ex</span> <span class='ocrx_word' id='word_1_9' title='bbox 478 446 590 500; x_wconf 73' lang='lat' dir='ltr'>deusto</span> <span class='ocrx_word' id='word_1_10' title='bbox 607 447 694 499; x_wconf 85' lang='lat' dir='ltr'>facere</span> <span class='ocrx_word' id='word_1_11' title='bbox 706 446 832 500; x_wconf 72' lang='lat' dir='ltr'>Vendino</span> <span class='ocrx_word' id='word_1_12' title='bbox 846 445 898 498; x_wconf 91' lang='lat' dir='ltr'>boc</span> <span class='ocrx_word' id='word_1_13' title='bbox 909 459 949 499; x_wconf 84' lang='lat' dir='ltr'>est</span> <span class='ocrx_word' id='word_1_14' title='bbox 966 446 1094 501; x_wconf 67' lang='lat' dir='ltr'>Venusino</span> <span class='ocrx_word' id='word_1_15' title='bbox 1104 446 1147 501; x_wconf 80' lang='lat' dir='ltr'>rel</span> <span class='ocrx_word' id='word_1_16' title='bbox 1161 449 1215 504; x_wconf 85' lang='lat' dir='ltr'>Ve-</span> 
     </span>
     <span class='ocr_line' id='line_1_3' title="bbox 170 525 1216 600; baseline -0.003 -17"><span class='ocrx_word' id='word_1_17' title='bbox 170 531 261 591; x_wconf 78' lang='lat' dir='ltr'>suieo,·</span> <span class='ocrx_word' id='word_1_18' title='bbox 274 541 388 600; x_wconf 82' lang='lat' dir='ltr'>utroque</span> <span class='ocrx_word' id='word_1_19' title='bbox 402 529 471 579; x_wconf 85' lang='lat' dir='ltr'>enirn</span> <span class='ocrx_word' id='word_1_20' title='bbox 483 526 564 578; x_wconf 82' lang='lat' dir='ltr'>modo</span> <span class='ocrx_word' id='word_1_21' title='bbox 580 525 635 578; x_wconf 88' lang='lat' dir='ltr'>diei</span> <span class='ocrx_word' id='word_1_22' title='bbox 648 528 747 597; x_wconf 88' lang='lat' dir='ltr'>possit,</span> <span class='ocrx_word' id='word_1_23' title='bbox 762 544 844 598; x_wconf 58' lang='lat' dir='ltr'>vum</span> <span class='ocrx_word' id='word_1_24' title='bbox 857 527 962 582; x_wconf 84' lang='lat' dir='ltr'>Vesbius</span> <span class='ocrx_word' id='word_1_25' title='bbox 973 540 999 578; x_wconf 92' lang='lat' dir='ltr'>et</span> <span class='ocrx_word' id='word_1_26' title='bbox 1011 527 1116 582; x_wconf 82' lang='lat' dir='ltr'>Vesvius</span> <span class='ocrx_word' id='word_1_27' title='bbox 1130 531 1216 600; x_wconf 89' lang='lat' dir='ltr'>poetis</span> 
     </span>
     <span class='ocr_line' id='line_1_4' title="bbox 169 606 1215 682; baseline 0 -20"><span class='ocrx_word' id='word_1_28' title='bbox 169 610 270 682; x_wconf 77' lang='lat' dir='ltr'>passini</span> <span class='ocrx_word' id='word_1_29' title='bbox 288 607 437 680; x_wconf 77' lang='lat' dir='ltr'>appelletur</span> <span class='ocrx_word' id='word_1_30' title='bbox 450 606 494 658; x_wconf 91' lang='lat' dir='ltr'>hic</span> <span class='ocrx_word' id='word_1_31' title='bbox 506 625 598 658; x_wconf 87' lang='lat' dir='ltr'>mons:</span> <span class='ocrx_word' id='word_1_32' title='bbox 615 626 665 658; x_wconf 89' lang='lat' dir='ltr'>nec</span> <span class='ocrx_word' id='word_1_33' title='bbox 682 606 776 660; x_wconf 89' lang='lat' dir='ltr'>dubito</span> <span class='ocrx_word' id='word_1_34' title='bbox 793 608 856 678; x_wconf 90' lang='lat' dir='ltr'>qnin</span> <span class='ocrx_word' id='word_1_35' title='bbox 871 607 968 659; x_wconf 77' lang='lat' dir='ltr'><strong>Statius</strong></span> <span class='ocrx_word' id='word_1_36' title='bbox 987 608 1120 678; x_wconf 79' lang='lat' dir='ltr'><strong>scripserit</strong></span> <span class='ocrx_word' id='word_1_37' title='bbox 1136 609 1215 662; x_wconf 88' lang='lat' dir='ltr'>Vesu-</span> 
     </span>
     <span class='ocr_line' id='line_1_5' title="bbox 169 684 1215 756; baseline -0.002 -14"><span class='ocrx_word' id='word_1_38' title='bbox 169 689 241 742; x_wconf 90' lang='lat' dir='ltr'>uino.</span> <span class='ocrx_word' id='word_1_39' title='bbox 259 689 425 752; x_wconf 75' lang='lat' dir='ltr'>Gronovius,</span> <span class='ocrx_word' id='word_1_40' title='bbox 438 685 547 739; x_wconf 86' lang='lat' dir='ltr'>Elencb.</span> <span class='ocrx_word' id='word_1_41' title='bbox 562 684 704 738; x_wconf 79' lang='lat' dir='ltr'>Antidiatr.</span> <span class='ocrx_word' id='word_1_42' title='bbox 718 705 741 738; x_wconf 92' lang='lat' dir='ltr'>c.</span> <span class='ocrx_word' id='word_1_43' title='bbox 758 704 783 756; x_wconf 89' lang='lat'>7,</span> <span class='ocrx_word' id='word_1_44' title='bbox 797 686 874 738; x_wconf 89' lang='lat' dir='ltr'>aliter</span> <span class='ocrx_word' id='word_1_45' title='bbox 886 684 959 740; x_wconf 89' lang='lat' dir='ltr'>hunc</span> <span class='ocrx_word' id='word_1_46' title='bbox 973 685 1061 738; x_wconf 85' lang='lat' dir='ltr'>locum</span> <span class='ocrx_word' id='word_1_47' title='bbox 1075 687 1215 740; x_wconf 86' lang='lat' dir='ltr'>emendare</span> 
     </span>
     <span class='ocr_line' id='line_1_6' title="bbox 169 765 1215 839; baseline -0.003 -17"><span class='ocrx_word' id='word_1_48' title='bbox 169 767 267 822; x_wconf 81' lang='lat' dir='ltr'>rolnits</span> <span class='ocrx_word' id='word_1_49' title='bbox 286 771 404 822; x_wconf 74' lang='lat' dir='ltr'>sExsere</span> <span class='ocrx_word' id='word_1_50' title='bbox 419 768 545 820; x_wconf 86' lang='lat' dir='ltr'>semiruto</span> <span class='ocrx_word' id='word_1_51' title='bbox 560 766 661 818; x_wconf 87' lang='lat' dir='ltr'>subitos</span> <span class='ocrx_word' id='word_1_52' title='bbox 675 765 708 819; x_wconf 91' lang='lat' dir='ltr'>de</span> <span class='ocrx_word' id='word_1_53' title='bbox 724 766 831 837; x_wconf 86' lang='lat' dir='ltr'>pulvere</span> <span class='ocrx_word' id='word_1_54' title='bbox 844 766 970 827; x_wconf 80' lang='lat' dir='ltr'>vultus3·</span> <span class='ocrx_word' id='word_1_55' title='bbox 988 767 1145 820; x_wconf 76' lang='lat' dir='ltr'>tsemirutus</span> <span class='ocrx_word' id='word_1_56' title='bbox 1153 766 1215 839; x_wconf 87' lang='lat' dir='ltr'>pul·</span> 
     </span>
     <span class='ocr_line' id='line_1_7' title="bbox 170 844 1215 920; baseline -0.002 -18"><span class='ocrx_word' id='word_1_57' title='bbox 170 849 219 914; x_wconf 84' lang='lat' dir='ltr'>vis,</span> <span class='ocrx_word' id='word_1_58' title='bbox 228 850 374 920; x_wconf 85' lang='lat' dir='ltr'>inquit,est</span> <span class='ocrx_word' id='word_1_59' title='bbox 382 845 456 919; x_wconf 89' lang='lat' dir='ltr'>quod</span> <span class='ocrx_word' id='word_1_60' title='bbox 462 845 528 898; x_wconf 91' lang='lat' dir='ltr'>alter</span> <span class='ocrx_word' id='word_1_61' title='bbox 538 848 574 899; x_wconf 87' lang='lat' dir='ltr'>ait</span> <span class='ocrx_word' id='word_1_62' title='bbox 582 844 683 917; x_wconf 90' lang='lat' dir='ltr'>(Valer.</span> <span class='ocrx_word' id='word_1_63' title='bbox 695 845 781 899; x_wconf 84' lang='lat' dir='ltr'>Flacc.</span> <span class='ocrx_word' id='word_1_64' title='bbox 790 848 840 912; x_wconf 90' lang='lat' dir='ltr'>sit,</span> <span class='ocrx_word' id='word_1_65' title='bbox 848 846 956 918; x_wconf 84' lang='lat' dir='ltr'>11‚3o)‚</span> <span class='ocrx_word' id='word_1_66' title='bbox 963 849 1054 919; x_wconf 53' lang='lat' dir='ltr'>pectet</span> <span class='ocrx_word' id='word_1_67' title='bbox 1064 847 1134 900; x_wconf 82' lang='lat' dir='ltr'>adesi</span> <span class='ocrx_word' id='word_1_68' title='bbox 1145 849 1215 900; x_wconf 89' lang='lat' dir='ltr'>Fun-</span> 
     </span>
     <span class='ocr_line' id='line_1_8' title="bbox 169 923 1216 1003; baseline 0.001 -23"><span class='ocrx_word' id='word_1_69' title='bbox 169 928 365 1003; x_wconf 72' lang='lat' dir='ltr'>damentajupi.</span> <span class='ocrx_word' id='word_1_70' title='bbox 377 951 388 974; x_wconf 75' lang='lat' dir='ltr'>r</span> <span class='ocrx_word' id='word_1_71' title='bbox 405 927 472 980; x_wconf 90' lang='lat' dir='ltr'>Sane</span> <span class='ocrx_word' id='word_1_72' title='bbox 483 929 594 978; x_wconf 80' lang='lat' dir='ltr'>nimium</span> <span class='ocrx_word' id='word_1_73' title='bbox 606 928 762 980; x_wconf 75' lang='lat' dir='ltr'>festinanter</span> <span class='ocrx_word' id='word_1_74' title='bbox 775 923 878 980; x_wconf 82' lang='lat' dir='ltr'>videtur</span> <span class='ocrx_word' id='word_1_75' title='bbox 893 925 949 978; x_wconf 86' lang='lat' dir='ltr'>haeo</span> <span class='ocrx_word' id='word_1_76' title='bbox 963 929 1096 998; x_wconf 77' lang='lat' dir='ltr'>scripsisse</span> <span class='ocrx_word' id='word_1_77' title='bbox 1108 929 1149 980; x_wconf 81' lang='lat' dir='ltr'>vir</span> <span class='ocrx_word' id='word_1_78' title='bbox 1161 947 1216 982; x_wconf 82' lang='lat' dir='ltr'>sna·</span> 
     </span>
     <span class='ocr_line' id='line_1_9' title="bbox 168 1004 1215 1078; baseline 0.002 -20"><span class='ocrx_word' id='word_1_79' title='bbox 168 1025 245 1078; x_wconf 70' lang='lat' dir='ltr'>gnus.</span> <span class='ocrx_word' id='word_1_80' title='bbox 256 1007 328 1078; x_wconf 84' lang='lat' dir='ltr'>Quid</span> <span class='ocrx_word' id='word_1_81' title='bbox 340 1009 410 1060; x_wconf 83' lang='lat' dir='ltr'>enirn</span> <span class='ocrx_word' id='word_1_82' title='bbox 422 1008 456 1059; x_wconf 94' lang='lat' dir='ltr'>sit</span> <span class='ocrx_word' id='word_1_83' title='bbox 466 1006 553 1078; x_wconf 81' lang='lat' dir='ltr'>pulvis</span> <span class='ocrx_word' id='word_1_84' title='bbox 561 1006 697 1060; x_wconf 70' lang='lat' dir='ltr'>seminatus</span> <span class='ocrx_word' id='word_1_85' title='bbox 708 1005 797 1058; x_wconf 88' lang='lat' dir='ltr'>adhuc</span> <span class='ocrx_word' id='word_1_86' title='bbox 806 1023 861 1058; x_wconf 87' lang='lat' dir='ltr'>non</span> <span class='ocrx_word' id='word_1_87' title='bbox 873 1004 1004 1077; x_wconf 71' lang='lat' dir='ltr'>intelligo,</span> <span class='ocrx_word' id='word_1_88' title='bbox 1017 1024 1066 1058; x_wconf 89' lang='lat' dir='ltr'>nec</span> <span class='ocrx_word' id='word_1_89' title='bbox 1078 1026 1120 1060; x_wconf 88' lang='lat' dir='ltr'>me</span> <span class='ocrx_word' id='word_1_90' title='bbox 1132 1007 1215 1060; x_wconf 86' lang='lat' dir='ltr'>hilum</span> 
     </span>
     <span class='ocr_line' id='line_1_10' title="bbox 165 1085 1216 1160; baseline 0.003 -21"><span class='ocrx_word' id='word_1_91' title='bbox 165 1089 245 1158; x_wconf 87' lang='lat' dir='ltr'>juvat</span> <span class='ocrx_word' id='word_1_92' title='bbox 256 1090 304 1142; x_wconf 90' lang='lat' dir='ltr'>iste</span> <span class='ocrx_word' id='word_1_93' title='bbox 315 1088 375 1141; x_wconf 89' lang='lat' dir='ltr'>Val.</span> <span class='ocrx_word' id='word_1_94' title='bbox 388 1087 476 1140; x_wconf 78' lang='lat' dir='ltr'>Flacci</span> <span class='ocrx_word' id='word_1_95' title='bbox 491 1088 579 1140; x_wconf 87' lang='lat' dir='ltr'>locus:</span> <span class='ocrx_word' id='word_1_96' title='bbox 597 1107 646 1141; x_wconf 90' lang='lat' dir='ltr'>nec</span> <span class='ocrx_word' id='word_1_97' title='bbox 658 1087 752 1140; x_wconf 87' lang='lat' dir='ltr'>melius</span> <span class='ocrx_word' id='word_1_98' title='bbox 764 1089 842 1160; x_wconf 89' lang='lat' dir='ltr'>capio</span> <span class='ocrx_word' id='word_1_99' title='bbox 854 1088 947 1141; x_wconf 76' lang='lat' dir='ltr'>asbitos</span> <span class='ocrx_word' id='word_1_100' title='bbox 961 1085 1058 1150; x_wconf 69' lang='lat' dir='ltr'>cultura</span> <span class='ocrx_word' id='word_1_101' title='bbox 1073 1087 1147 1159; x_wconf 92' lang='lat' dir='ltr'>quod</span> <span class='ocrx_word' id='word_1_102' title='bbox 1162 1092 1216 1142; x_wconf 86' lang='lat' dir='ltr'>uti·</span> 
     </span>
     <span class='ocr_line' id='line_1_11' title="bbox 168 1165 1215 1240; baseline 0.004 -23"><span class='ocrx_word' id='word_1_103' title='bbox 168 1183 232 1218; x_wconf 88' lang='lat' dir='ltr'>narn</span> <span class='ocrx_word' id='word_1_104' title='bbox 246 1165 324 1221; x_wconf 88' lang='lat' dir='ltr'>latius</span> <span class='ocrx_word' id='word_1_105' title='bbox 337 1167 494 1239; x_wconf 78' lang='lat' dir='ltr'>explicasset</span> <span class='ocrx_word' id='word_1_106' title='bbox 507 1181 533 1220; x_wconf 89' lang='lat' dir='ltr'>et</span> <span class='ocrx_word' id='word_1_107' title='bbox 544 1166 716 1220; x_wconf 75' lang='lat' dir='ltr'>illustrasset:</span> <span class='ocrx_word' id='word_1_108' title='bbox 730 1185 808 1231; x_wconf 86' lang='lat' dir='ltr'>nam,</span> <span class='ocrx_word' id='word_1_109' title='bbox 820 1180 849 1220; x_wconf 91' lang='lat' dir='ltr'>ut</span> <span class='ocrx_word' id='word_1_110' title='bbox 861 1165 926 1220; x_wconf 87' lang='lat' dir='ltr'>mibi</span> <span class='ocrx_word' id='word_1_111' title='bbox 937 1166 1049 1232; x_wconf 86' lang='lat' dir='ltr'>videtur,</span> <span class='ocrx_word' id='word_1_112' title='bbox 1061 1187 1134 1240; x_wconf 81' lang='lat' dir='ltr'>aeque</span> <span class='ocrx_word' id='word_1_113' title='bbox 1146 1167 1215 1222; x_wconf 90' lang='lat' dir='ltr'>bene</span> 
     </span>
     <span class='ocr_line' id='line_1_12' title="bbox 168 1245 1215 1320; baseline 0.001 -20"><span class='ocrx_word' id='word_1_114' title='bbox 168 1249 306 1319; x_wconf 80' lang='lat' dir='ltr'>scripsisse</span> <span class='ocrx_word' id='word_1_115' title='bbox 319 1250 406 1320; x_wconf 90' lang='lat' dir='ltr'>potuit</span> <span class='ocrx_word' id='word_1_116' title='bbox 419 1247 516 1302; x_wconf 76' lang='lat' dir='ltr'>Statius</span> <span class='ocrx_word' id='word_1_117' title='bbox 528 1267 581 1302; x_wconf 90' lang='lat' dir='ltr'>non</span> <span class='ocrx_word' id='word_1_118' title='bbox 592 1248 687 1302; x_wconf 84' lang='lat' dir='ltr'>subitos</span> <span class='ocrx_word' id='word_1_119' title='bbox 699 1246 795 1300; x_wconf 85' lang='lat' dir='ltr'>vultus.</span> <span class='ocrx_word' id='word_1_120' title='bbox 808 1247 859 1300; x_wconf 85' lang='lat' dir='ltr'>Sed</span> <span class='ocrx_word' id='word_1_121' title='bbox 871 1245 949 1300; x_wconf 91' lang='lat' dir='ltr'>altius</span> <span class='ocrx_word' id='word_1_122' title='bbox 962 1248 1027 1301; x_wconf 87' lang='lat' dir='ltr'>latet</span> <span class='ocrx_word' id='word_1_123' title='bbox 1038 1248 1115 1302; x_wconf 85' lang='lat' dir='ltr'>ulcus</span> <span class='ocrx_word' id='word_1_124' title='bbox 1126 1250 1153 1300; x_wconf 93' lang='lat' dir='ltr'>in</span> <span class='ocrx_word' id='word_1_125' title='bbox 1166 1269 1215 1301; x_wconf 86' lang='lat' dir='ltr'>vo·</span> 
     </span>
     <span class='ocr_line' id='line_1_13' title="bbox 169 1327 1215 1401; baseline 0.002 -23"><span class='ocrx_word' id='word_1_126' title='bbox 169 1327 244 1382; x_wconf 90' lang='lat' dir='ltr'>cibus</span> <span class='ocrx_word' id='word_1_127' title='bbox 256 1330 403 1396; x_wconf 85' lang='lat' dir='ltr'>semirutos,</span> <span class='ocrx_word' id='word_1_128' title='bbox 422 1341 448 1380; x_wconf 92' lang='lat' dir='ltr'>et</span> <span class='ocrx_word' id='word_1_129' title='bbox 462 1328 585 1401; x_wconf 86' lang='lat' dir='ltr'>pulvere:</span> <span class='ocrx_word' id='word_1_130' title='bbox 600 1329 700 1400; x_wconf 85' lang='lat' dir='ltr'>quippe</span> <span class='ocrx_word' id='word_1_131' title='bbox 714 1327 800 1382; x_wconf 82' lang='lat' dir='ltr'>nultus</span> <span class='ocrx_word' id='word_1_132' title='bbox 814 1329 943 1394; x_wconf 82' lang='lat' dir='ltr'>semiruti,</span> <span class='ocrx_word' id='word_1_133' title='bbox 955 1327 997 1380; x_wconf 81' lang='lat' dir='ltr'>rel</span> <span class='ocrx_word' id='word_1_134' title='bbox 1008 1327 1097 1400; x_wconf 86' lang='lat' dir='ltr'>pulvis</span> <span class='ocrx_word' id='word_1_135' title='bbox 1108 1329 1215 1382; x_wconf 81' lang='lat' dir='ltr'>semim·</span> 
     </span>
     <span class='ocr_line' id='line_1_14' title="bbox 169 1406 1216 1481; baseline 0.004 -23"><span class='ocrx_word' id='word_1_136' title='bbox 169 1416 223 1474; x_wconf 73' lang='lat' dir='ltr'>tais,</span> <span class='ocrx_word' id='word_1_137' title='bbox 233 1407 308 1460; x_wconf 85' lang='lat' dir='ltr'>nihili</span> <span class='ocrx_word' id='word_1_138' title='bbox 318 1423 389 1463; x_wconf 90' lang='lat' dir='ltr'>sunt.</span> <span class='ocrx_word' id='word_1_139' title='bbox 401 1406 513 1462; x_wconf 84' lang='lat' dir='ltr'>Casteilc</span> <span class='ocrx_word' id='word_1_140' title='bbox 523 1407 645 1481; x_wconf 83' lang='lat' dir='ltr'>quidem,</span> <span class='ocrx_word' id='word_1_141' title='bbox 657 1422 683 1460; x_wconf 89' lang='lat' dir='ltr'>et</span> <span class='ocrx_word' id='word_1_142' title='bbox 694 1407 808 1474; x_wconf 82' lang='lat' dir='ltr'>vallum,</span> <span class='ocrx_word' id='word_1_143' title='bbox 822 1419 848 1460; x_wconf 93' lang='lat' dir='ltr'>et</span> <span class='ocrx_word' id='word_1_144' title='bbox 858 1417 940 1472; x_wconf 84' lang='lat' dir='ltr'>tecta,</span> <span class='ocrx_word' id='word_1_145' title='bbox 951 1421 977 1459; x_wconf 93' lang='lat' dir='ltr'>et</span> <span class='ocrx_word' id='word_1_146' title='bbox 987 1425 1074 1460; x_wconf 84' lang='lat' dir='ltr'>muros</span> <span class='ocrx_word' id='word_1_147' title='bbox 1083 1408 1216 1462; x_wconf 82' lang='lat' dir='ltr'>semirutos</span> 
     </span>
     <span class='ocr_line' id='line_1_15' title="bbox 167 1485 1215 1560; baseline 0.002 -22"><span class='ocrx_word' id='word_1_148' title='bbox 167 1485 279 1558; x_wconf 72' lang='lat' dir='ltr'>legimus</span> <span class='ocrx_word' id='word_1_149' title='bbox 289 1491 316 1542; x_wconf 92' lang='lat' dir='ltr'>in</span> <span class='ocrx_word' id='word_1_150' title='bbox 325 1490 434 1553; x_wconf 89' lang='lat' dir='ltr'>Tacito,</span> <span class='ocrx_word' id='word_1_151' title='bbox 447 1489 569 1552; x_wconf 88' lang='lat' dir='ltr'>Lucano,</span> <span class='ocrx_word' id='word_1_152' title='bbox 583 1501 609 1540; x_wconf 92' lang='lat' dir='ltr'>et</span> <span class='ocrx_word' id='word_1_153' title='bbox 619 1487 693 1551; x_wconf 81' lang='lat' dir='ltr'>aliis3</span> <span class='ocrx_word' id='word_1_154' title='bbox 707 1487 777 1540; x_wconf 90' lang='lat' dir='ltr'>unde</span> <span class='ocrx_word' id='word_1_155' title='bbox 788 1501 911 1560; x_wconf 86' lang='lat' dir='ltr'>apparet,</span> <span class='ocrx_word' id='word_1_156' title='bbox 924 1486 1045 1540; x_wconf 85' lang='lat' dir='ltr'>derebus</span> <span class='ocrx_word' id='word_1_157' title='bbox 1056 1488 1215 1557; x_wconf 82' lang='lat' dir='ltr'>majoribus,</span> 
     </span>
     <span class='ocr_line' id='line_1_16' title="bbox 168 1565 1215 1640; baseline 0 -20"><span class='ocrx_word' id='word_1_158' title='bbox 168 1578 196 1620; x_wconf 93' lang='lat' dir='ltr'>et</span> <span class='ocrx_word' id='word_1_159' title='bbox 209 1568 237 1620; x_wconf 86' lang='lat' dir='ltr'>ia</span> <span class='ocrx_word' id='word_1_160' title='bbox 253 1568 349 1639; x_wconf 89' lang='lat' dir='ltr'>quibus</span> <span class='ocrx_word' id='word_1_161' title='bbox 362 1567 496 1622; x_wconf 84' lang='lat' dir='ltr'>diruendis</span> <span class='ocrx_word' id='word_1_162' title='bbox 510 1567 611 1640; x_wconf 88' lang='lat' dir='ltr'>aliquid</span> <span class='ocrx_word' id='word_1_163' title='bbox 627 1565 727 1621; x_wconf 87' lang='lat' dir='ltr'>laboris</span> <span class='ocrx_word' id='word_1_164' title='bbox 741 1567 782 1621; x_wconf 82' lang='lat' dir='ltr'>vel</span> <span class='ocrx_word' id='word_1_165' title='bbox 795 1569 923 1639; x_wconf 83' lang='lat' dir='ltr'>temporis</span> <span class='ocrx_word' id='word_1_166' title='bbox 937 1567 1145 1620; x_wconf 80' lang='lat' dir='ltr'>exhauriendum</span> <span class='ocrx_word' id='word_1_167' title='bbox 1160 1581 1215 1636; x_wconf 89' lang='lat' dir='ltr'>est,</span> 
     </span>
     <span class='ocr_line' id='line_1_17' title="bbox 167 1644 1215 1721; baseline 0.002 -23"><span class='ocrx_word' id='word_1_168' title='bbox 167 1644 239 1698; x_wconf 89' lang='lat' dir='ltr'>banc</span> <span class='ocrx_word' id='word_1_169' title='bbox 249 1665 342 1700; x_wconf 86' lang='lat' dir='ltr'>vocem</span> <span class='ocrx_word' id='word_1_170' title='bbox 357 1649 493 1720; x_wconf 87' lang='lat' dir='ltr'>usurpari;</span> <span class='ocrx_word' id='word_1_171' title='bbox 505 1667 560 1701; x_wconf 89' lang='lat' dir='ltr'>non</span> <span class='ocrx_word' id='word_1_172' title='bbox 572 1648 605 1700; x_wconf 90' lang='lat' dir='ltr'>de</span> <span class='ocrx_word' id='word_1_173' title='bbox 616 1646 725 1721; x_wconf 86' lang='lat' dir='ltr'>pulvere</span> <span class='ocrx_word' id='word_1_174' title='bbox 739 1647 779 1700; x_wconf 84' lang='lat' dir='ltr'>rel</span> <span class='ocrx_word' id='word_1_175' title='bbox 792 1648 874 1700; x_wconf 83' lang='lat' dir='ltr'>uultu.</span> <span class='ocrx_word' id='word_1_176' title='bbox 885 1647 967 1719; x_wconf 79' lang='lat' dir='ltr'>Lege,</span> <span class='ocrx_word' id='word_1_177' title='bbox 981 1646 1057 1700; x_wconf 86' lang='lat' dir='ltr'>nulla</span> <span class='ocrx_word' id='word_1_178' title='bbox 1069 1665 1144 1719; x_wconf 77' lang='lat' dir='ltr'>pune</span> <span class='ocrx_word' id='word_1_179' title='bbox 1154 1651 1215 1700; x_wconf 81' lang='lat' dir='ltr'>&#39;mu-</span> 
     </span>
     <span class='ocr_line' id='line_1_18' title="bbox 168 1727 1215 1801; baseline 0.004 -24"><span class='ocrx_word' id='word_1_180' title='bbox 168 1727 283 1794; x_wconf 87' lang='lat' dir='ltr'>tatione,</span> <span class='ocrx_word' id='word_1_181' title='bbox 302 1731 419 1780; x_wconf 76' lang='lat' dir='ltr'>«Exsere</span> <span class='ocrx_word' id='word_1_182' title='bbox 434 1730 575 1781; x_wconf 86' lang='lat' dir='ltr'>semiustos</span> <span class='ocrx_word' id='word_1_183' title='bbox 592 1729 726 1782; x_wconf 86' lang='lat' dir='ltr'>Vesuvino</span> <span class='ocrx_word' id='word_1_184' title='bbox 740 1727 844 1801; x_wconf 71' lang='lat' dir='ltr'>fulgure</span> <span class='ocrx_word' id='word_1_185' title='bbox 863 1727 950 1780; x_wconf 81' lang='lat' dir='ltr'>vultus</span> <span class='ocrx_word' id='word_1_186' title='bbox 967 1727 1165 1801; x_wconf 57' lang='lat' dir='ltr'>Parthenopen</span> <span class='ocrx_word' id='word_1_187' title='bbox 1183 1747 1215 1781; x_wconf 86' lang='lat' dir='ltr'>ex</span> 
     </span>
     <span class='ocr_line' id='line_1_19' title="bbox 167 1805 1215 1879; baseline 0.001 -22"><span class='ocrx_word' id='word_1_188' title='bbox 167 1808 293 1878; x_wconf 73' lang='lat' dir='ltr'>Virgilio,</span> <span class='ocrx_word' id='word_1_189' title='bbox 307 1809 365 1860; x_wconf 80' lang='lat' dir='ltr'>AEn.</span> <span class='ocrx_word' id='word_1_190' title='bbox 379 1811 429 1873; x_wconf 92' lang='lat' dir='ltr'>lll,</span> <span class='ocrx_word' id='word_1_191' title='bbox 443 1808 511 1879; x_wconf 79' lang='lat'>578,</span> <span class='ocrx_word' id='word_1_192' title='bbox 523 1807 557 1860; x_wconf 91' lang='lat' dir='ltr'>de</span> <span class='ocrx_word' id='word_1_193' title='bbox 569 1810 660 1874; x_wconf 81' lang='lat' dir='ltr'>AEtna,</span> <span class='ocrx_word' id='word_1_194' title='bbox 679 1810 782 1860; x_wconf 76' lang='lat' dir='ltr'>sFama</span> <span class='ocrx_word' id='word_1_195' title='bbox 793 1821 846 1873; x_wconf 90' lang='lat' dir='ltr'>est,</span> <span class='ocrx_word' id='word_1_196' title='bbox 858 1806 985 1860; x_wconf 81' lang='lat' dir='ltr'>Enceladi</span> <span class='ocrx_word' id='word_1_197' title='bbox 998 1808 1151 1860; x_wconf 86' lang='lat' dir='ltr'>semiustum</span> <span class='ocrx_word' id='word_1_198' title='bbox 1163 1805 1215 1858; x_wconf 89' lang='lat' dir='ltr'>ful·</span> 
     </span>
     <span class='ocr_line' id='line_1_20' title="bbox 166 1885 1214 1959; baseline -0.002 -21"><span class='ocrx_word' id='word_1_199' title='bbox 166 1888 239 1939; x_wconf 87' lang='lat' dir='ltr'>mine</span> <span class='ocrx_word' id='word_1_200' title='bbox 255 1907 352 1959; x_wconf 89' lang='lat' dir='ltr'>corpus</span> <span class='ocrx_word' id='word_1_201' title='bbox 369 1891 463 1959; x_wconf 73' lang='lat' dir='ltr'>Urgeri</span> <span class='ocrx_word' id='word_1_202' title='bbox 479 1886 549 1940; x_wconf 87' lang='lat' dir='ltr'>mole</span> <span class='ocrx_word' id='word_1_203' title='bbox 563 1886 649 1950; x_wconf 52' lang='lat' dir='ltr'>hac„</span> <span class='ocrx_word' id='word_1_204' title='bbox 669 1887 715 1940; x_wconf 92' lang='lat' dir='ltr'>ubi</span> <span class='ocrx_word' id='word_1_205' title='bbox 728 1886 786 1940; x_wconf 85' lang='lat' dir='ltr'>vide</span> <span class='ocrx_word' id='word_1_206' title='bbox 802 1888 916 1939; x_wconf 83' lang='lat' dir='ltr'>Pieriam</span> <span class='ocrx_word' id='word_1_207' title='bbox 931 1885 1110 1958; x_wconf 81' lang='lat' dir='ltr'>disputantem</span> <span class='ocrx_word' id='word_1_208' title='bbox 1126 1900 1214 1937; x_wconf 85' lang='lat' dir='ltr'>utrum</span> 
     </span>
     <span class='ocr_line' id='line_1_21' title="bbox 166 1966 1215 2034; baseline -0.003 -11"><span class='ocrx_word' id='word_1_209' title='bbox 166 1981 278 2023; x_wconf 83' lang='lat' dir='ltr'>semusta</span> <span class='ocrx_word' id='word_1_210' title='bbox 288 1970 331 2023; x_wconf 83' lang='lat' dir='ltr'>vel</span> <span class='ocrx_word' id='word_1_211' title='bbox 345 1972 466 2022; x_wconf 83' lang='lat' dir='ltr'>semiusto</span> <span class='ocrx_word' id='word_1_212' title='bbox 482 1968 651 2022; x_wconf 88' lang='lat' dir='ltr'>scribendum</span> <span class='ocrx_word' id='word_1_213' title='bbox 662 1971 702 2024; x_wconf 86' lang='lat' dir='ltr'>sit.</span> <span class='ocrx_word' id='word_1_214' title='bbox 720 1968 763 2021; x_wconf 88' lang='lat' dir='ltr'>Sic</span> <span class='ocrx_word' id='word_1_215' title='bbox 779 1969 850 2021; x_wconf 76' lang='lat' dir='ltr'>bruta</span> <span class='ocrx_word' id='word_1_216' title='bbox 860 1980 970 2021; x_wconf 57' lang='lat' dir='ltr'>&amp;musto</span> <span class='ocrx_word' id='word_1_217' title='bbox 985 1966 1071 2033; x_wconf 87' lang='lat' dir='ltr'>idem,</span> <span class='ocrx_word' id='word_1_218' title='bbox 1089 1969 1147 2020; x_wconf 84' lang='lat' dir='ltr'>AEn.</span> <span class='ocrx_word' id='word_1_219' title='bbox 1162 1969 1215 2034; x_wconf 76' lang='lat' dir='ltr'>xi,</span> 
     </span>
     <span class='ocr_line' id='line_1_22' title="bbox 168 2046 1214 2114; baseline -0.002 -14"><span class='ocrx_word' id='word_1_220' title='bbox 168 2065 234 2111; x_wconf 71' lang='lat'><strong>2005</strong></span> <span class='ocrx_word' id='word_1_221' title='bbox 251 2051 319 2102; x_wconf 86' lang='lat' dir='ltr'>dona</span> <span class='ocrx_word' id='word_1_222' title='bbox 335 2061 445 2103; x_wconf 80' lang='lat' dir='ltr'>semusta</span> <span class='ocrx_word' id='word_1_223' title='bbox 457 2047 502 2100; x_wconf 85' lang='lat' dir='ltr'>sit.</span> <span class='ocrx_word' id='word_1_224' title='bbox 520 2047 603 2101; x_wconf 88' lang='lat' dir='ltr'>italic.</span> <span class='ocrx_word' id='word_1_225' title='bbox 620 2050 669 2114; x_wconf 90' lang='lat' dir='ltr'>lll,</span> <span class='ocrx_word' id='word_1_226' title='bbox 686 2049 734 2110; x_wconf 84' lang='lat'>16;</span> <span class='ocrx_word' id='word_1_227' title='bbox 747 2049 843 2101; x_wconf 87' lang='lat' dir='ltr'>cineres</span> <span class='ocrx_word' id='word_1_228' title='bbox 856 2047 970 2102; x_wconf 80' lang='lat' dir='ltr'>semiusti</span> <span class='ocrx_word' id='word_1_229' title='bbox 980 2049 1104 2113; x_wconf 86' lang='lat' dir='ltr'>Tacitus,</span> <span class='ocrx_word' id='word_1_230' title='bbox 1119 2046 1214 2098; x_wconf 78' lang='lat' dir='ltr'>Annal.</span> 
     </span>
     <span class='ocr_line' id='line_1_23' title="bbox 165 2124 1215 2198; baseline -0.004 -18"><span class='ocrx_word' id='word_1_231' title='bbox 165 2130 205 2189; x_wconf 82' lang='lat'>11;</span> <span class='ocrx_word' id='word_1_232' title='bbox 225 2141 251 2180; x_wconf 93' lang='lat' dir='ltr'>et</span> <span class='ocrx_word' id='word_1_233' title='bbox 270 2128 400 2198; x_wconf 76' lang='lat' dir='ltr'>ejusmodi</span> <span class='ocrx_word' id='word_1_234' title='bbox 418 2130 563 2180; x_wconf 88' lang='lat' dir='ltr'>innumera.</span> <span class='ocrx_word' id='word_1_235' title='bbox 583 2129 664 2179; x_wconf 84' lang='lat' dir='ltr'>Recte</span> <span class='ocrx_word' id='word_1_236' title='bbox 678 2141 767 2179; x_wconf 84' lang='lat' dir='ltr'>autern</span> <span class='ocrx_word' id='word_1_237' title='bbox 786 2127 915 2182; x_wconf 84' lang='lat' dir='ltr'>Vesuuina</span> <span class='ocrx_word' id='word_1_238' title='bbox 928 2125 1053 2198; x_wconf 51' lang='lat' dir='ltr'>sulpura·</span> <span class='ocrx_word' id='word_1_239' title='bbox 1068 2129 1167 2197; x_wconf 90' lang='lat' dir='ltr'>quippe</span> <span class='ocrx_word' id='word_1_240' title='bbox 1186 2124 1215 2177; x_wconf 90' lang='lat' dir='ltr'>hi</span> 
     </span>
    </p>
   </div>
   <div class='ocr_carea' id='block_1_3' title="bbox 79 2204 1213 2280">
    <p class='ocr_par' dir='ltr' id='par_1_3' title="bbox 79 2204 1213 2280">
     <span class='ocr_line' id='line_1_24' title="bbox 79 2204 1213 2280; baseline -0.004 -18"><span class='ocrx_word' id='word_1_241' title='bbox 79 2237 85 2244; x_wconf 93' lang='lat'>·</span> <span class='ocrx_word' id='word_1_242' title='bbox 166 2222 270 2262; x_wconf 87' lang='lat' dir='ltr'>montes</span> <span class='ocrx_word' id='word_1_243' title='bbox 285 2210 404 2280; x_wconf 73' lang='lat' dir='ltr'>igniferi,</span> <span class='ocrx_word' id='word_1_244' title='bbox 422 2209 498 2280; x_wconf 89' lang='lat' dir='ltr'>quasi</span> <span class='ocrx_word' id='word_1_245' title='bbox 508 2206 688 2279; x_wconf 76' lang='lat' dir='ltr'>fulminantes</span> <span class='ocrx_word' id='word_1_246' title='bbox 703 2221 730 2259; x_wconf 90' lang='lat' dir='ltr'>et</span> <span class='ocrx_word' id='word_1_247' title='bbox 745 2217 860 2260; x_wconf 83' lang='lat' dir='ltr'>tonantes</span> <span class='ocrx_word' id='word_1_248' title='bbox 877 2224 893 2258; x_wconf 86' lang='lat' dir='ltr'>a</span> <span class='ocrx_word' id='word_1_249' title='bbox 908 2209 994 2279; x_wconf 86' lang='lat' dir='ltr'>poetis</span> <span class='ocrx_word' id='word_1_250' title='bbox 1012 2204 1213 2268; x_wconf 88' lang='lat' dir='ltr'>describuntnr;</span> 
     </span>
    </p>
   </div>
   <div class='ocr_carea' id='block_1_4' title="bbox 167 2286 1212 2435">
    <p class='ocr_par' dir='ltr' id='par_1_4' title="bbox 167 2286 1212 2435">
     <span class='ocr_line' id='line_1_25' title="bbox 167 2286 1212 2359; baseline -0.005 -16"><span class='ocrx_word' id='word_1_251' title='bbox 167 2289 238 2342; x_wconf 88' lang='lat' dir='ltr'>unde</span> <span class='ocrx_word' id='word_1_252' title='bbox 249 2288 282 2342; x_wconf 90' lang='lat' dir='ltr'>de</span> <span class='ocrx_word' id='word_1_253' title='bbox 291 2291 369 2342; x_wconf 81' lang='lat' dir='ltr'>AEtns</span> <span class='ocrx_word' id='word_1_254' title='bbox 379 2287 518 2359; x_wconf 73' lang='lat' dir='ltr'>Virgilius,</span> <span class='ocrx_word' id='word_1_255' title='bbox 530 2289 589 2340; x_wconf 82' lang='lat' dir='ltr'>AEn.</span> <span class='ocrx_word' id='word_1_256' title='bbox 600 2289 648 2355; x_wconf 89' lang='lat' dir='ltr'>lll,</span> <span class='ocrx_word' id='word_1_257' title='bbox 661 2287 709 2358; x_wconf 83' lang='lat'>571</span> <span class='ocrx_word' id='word_1_258' title='bbox 721 2309 728 2340; x_wconf 71' lang='lat' dir='ltr'>a</span> <span class='ocrx_word' id='word_1_259' title='bbox 745 2286 812 2340; x_wconf 74' lang='lat' dir='ltr'>used</span> <span class='ocrx_word' id='word_1_260' title='bbox 823 2286 953 2340; x_wconf 87' lang='lat' dir='ltr'>horrificis</span> <span class='ocrx_word' id='word_1_261' title='bbox 962 2290 1037 2358; x_wconf 83' lang='lat' dir='ltr'>juxta</span> <span class='ocrx_word' id='word_1_262' title='bbox 1049 2300 1124 2344; x_wconf 90' lang='lat' dir='ltr'>tonat</span> <span class='ocrx_word' id='word_1_263' title='bbox 1137 2287 1212 2340; x_wconf 82' lang='lat' dir='ltr'>AEtna</span> 
     </span>
     <span class='ocr_line' id='line_1_26' title="bbox 167 2368 626 2435; baseline 0 -15"><span class='ocrx_word' id='word_1_264' title='bbox 167 2369 286 2431; x_wconf 61' lang='lat' dir='ltr'>ruinius</span> <span class='ocrx_word' id='word_1_265' title='bbox 301 2371 409 2435; x_wconf 83' lang='lat' dir='ltr'>Noster,</span> <span class='ocrx_word' id='word_1_266' title='bbox 422 2368 505 2435; x_wconf 88' lang='lat' dir='ltr'>infra,</span> <span class='ocrx_word' id='word_1_267' title='bbox 519 2385 544 2420; x_wconf 84' lang='lat' dir='ltr'>v.</span> <span class='ocrx_word' id='word_1_268' title='bbox 560 2383 626 2435; x_wconf 83' lang='lat'>207,</span> 
     </span>
    </p>
   </div>
   <div class='ocr_carea' id='block_1_5' title="bbox 350 2469 944 2602">
    <p class='ocr_par' dir='ltr' id='par_1_5' title="bbox 350 2469 944 2602">
     <span class='ocr_line' id='line_1_27' title="bbox 352 2469 944 2533; baseline -0.005 -14"><span class='ocrx_word' id='word_1_269' title='bbox 352 2473 430 2533; x_wconf 83' lang='lat' dir='ltr'>Quom</span> <span class='ocrx_word' id='word_1_270' title='bbox 439 2474 506 2519; x_wconf 86' lang='lat' dir='ltr'>Pater</span> <span class='ocrx_word' id='word_1_271' title='bbox 515 2483 631 2518; x_wconf 85' lang='lat' dir='ltr'>eremtum</span> <span class='ocrx_word' id='word_1_272' title='bbox 640 2472 708 2517; x_wconf 84' lang='lat' dir='ltr'>terris</span> <span class='ocrx_word' id='word_1_273' title='bbox 718 2469 747 2515; x_wconf 82' lang='lat' dir='ltr'>ml</span> <span class='ocrx_word' id='word_1_274' title='bbox 756 2469 831 2516; x_wconf 80' lang='lat' dir='ltr'>sidera</span> <span class='ocrx_word' id='word_1_275' title='bbox 841 2481 944 2516; x_wconf 84' lang='lat' dir='ltr'>montem</span> 
     </span>
     <span class='ocr_line' id='line_1_28' title="bbox 350 2541 873 2602; baseline -0.01 -11"><span class='ocrx_word' id='word_1_276' title='bbox 350 2543 458 2597; x_wconf 83' lang='lat' dir='ltr'>Sustulit,</span> <span class='ocrx_word' id='word_1_277' title='bbox 468 2553 492 2588; x_wconf 91' lang='lat' dir='ltr'>et</span> <span class='ocrx_word' id='word_1_278' title='bbox 500 2544 596 2588; x_wconf 81' lang='lat' dir='ltr'>miseras</span> <span class='ocrx_word' id='word_1_279' title='bbox 605 2541 650 2588; x_wconf 86' lang='lat' dir='ltr'>late</span> <span class='ocrx_word' id='word_1_280' title='bbox 661 2541 747 2602; x_wconf 84' lang='lat' dir='ltr'>dejecit</span> <span class='ocrx_word' id='word_1_281' title='bbox 754 2541 780 2586; x_wconf 94' lang='lat' dir='ltr'>in</span> <span class='ocrx_word' id='word_1_282' title='bbox 788 2541 873 2596; x_wconf 68' lang='lat' dir='ltr'>urbm</span> 
     </span>
    </p>
   </div>
   <div class='ocr_carea' id='block_1_6' title="bbox 162 2638 1214 2793">
    <p class='ocr_par' dir='ltr' id='par_1_6' title="bbox 162 2638 1214 2793">
     <span class='ocr_line' id='line_1_29' title="bbox 162 2638 1214 2716; baseline -0.001 -22"><span class='ocrx_word' id='word_1_283' title='bbox 162 2642 290 2714; x_wconf 78' lang='lat' dir='ltr'>fulminis</span> <span class='ocrx_word' id='word_1_284' title='bbox 301 2640 401 2696; x_wconf 89' lang='lat' dir='ltr'>scilicet</span> <span class='ocrx_word' id='word_1_285' title='bbox 413 2649 489 2694; x_wconf 75' lang='lat' dir='ltr'>more¹</span> <span class='ocrx_word' id='word_1_286' title='bbox 497 2641 590 2714; x_wconf 81' lang='lat' dir='ltr'>dejecit</span> <span class='ocrx_word' id='word_1_287' title='bbox 602 2643 698 2694; x_wconf 86' lang='lat' dir='ltr'>montis</span> <span class='ocrx_word' id='word_1_288' title='bbox 707 2640 836 2716; x_wconf 80' lang='lat' dir='ltr'>flammat</span> <span class='ocrx_word' id='word_1_289' title='bbox 845 2641 977 2713; x_wconf 83' lang='lat' dir='ltr'>luppiter.</span> <span class='ocrx_word' id='word_1_290' title='bbox 989 2641 1077 2693; x_wconf 87' lang='lat' dir='ltr'>Valer.</span> <span class='ocrx_word' id='word_1_291' title='bbox 1089 2638 1214 2708; x_wconf 84' lang='lat' dir='ltr'>Flaccus,</span> 
     </span>
     <span class='ocr_line' id='line_1_30' title="bbox 168 2723 375 2793; baseline -0.01 -17"><span class='ocrx_word' id='word_1_292' title='bbox 168 2726 213 2790; x_wconf 93' lang='lat' dir='ltr'>lV,</span> <span class='ocrx_word' id='word_1_293' title='bbox 227 2741 294 2776; x_wconf 82' lang='lat' dir='ltr'>vers.</span> <span class='ocrx_word' id='word_1_294' title='bbox 309 2723 375 2793; x_wconf 83' lang='lat'><strong>507:</strong></span> 
     </span>
    </p>
   </div>
   <div class='ocr_carea' id='block_1_7' title="bbox 352 2809 944 3016">
    <p class='ocr_par' dir='ltr' id='par_1_7' title="bbox 352 2809 944 3016">
     <span class='ocr_line' id='line_1_31' title="bbox 352 2809 885 2875; baseline -0.006 -17"><span class='ocrx_word' id='word_1_295' title='bbox 352 2812 388 2859; x_wconf 82' lang='lat' dir='ltr'>ste</span> <span class='ocrx_word' id='word_1_296' title='bbox 398 2811 438 2858; x_wconf 87' lang='lat' dir='ltr'>ubi</span> <span class='ocrx_word' id='word_1_297' title='bbox 448 2811 556 2875; x_wconf 84' lang='lat' dir='ltr'>prorupti</span> <span class='ocrx_word' id='word_1_298' title='bbox 566 2811 642 2856; x_wconf 86' lang='lat' dir='ltr'>tonuit</span> <span class='ocrx_word' id='word_1_299' title='bbox 651 2825 723 2874; x_wconf 83' lang='lat' dir='ltr'>quum</span> <span class='ocrx_word' id='word_1_300' title='bbox 732 2809 792 2856; x_wconf 90' lang='lat' dir='ltr'>forte</span> <span class='ocrx_word' id='word_1_301' title='bbox 801 2811 885 2857; x_wconf 84' lang='lat' dir='ltr'>Vesevi</span> 
     </span>
     <span class='ocr_line' id='line_1_32' title="bbox 353 2879 937 2944; baseline -0.002 -16"><span class='ocrx_word' id='word_1_302' title='bbox 353 2883 471 2944; x_wconf 83' lang='lat' dir='ltr'>llesperise</span> <span class='ocrx_word' id='word_1_303' title='bbox 480 2881 553 2928; x_wconf 85' lang='lat' dir='ltr'>letalis</span> <span class='ocrx_word' id='word_1_304' title='bbox 563 2895 636 2944; x_wconf 83' lang='lat' dir='ltr'>apex,</span> <span class='ocrx_word' id='word_1_305' title='bbox 646 2883 683 2925; x_wconf 84' lang='lat' dir='ltr'>rix</span> <span class='ocrx_word' id='word_1_306' title='bbox 692 2879 748 2927; x_wconf 87' lang='lat' dir='ltr'>dum</span> <span class='ocrx_word' id='word_1_307' title='bbox 757 2881 825 2942; x_wconf 64' lang='lat' dir='ltr'>ignea</span> <span class='ocrx_word' id='word_1_308' title='bbox 833 2889 937 2927; x_wconf 86' lang='lat' dir='ltr'>montem</span> 
     </span>
     <span class='ocr_line' id='line_1_33' title="bbox 352 2951 944 3016; baseline 0 -16"><span class='ocrx_word' id='word_1_309' title='bbox 352 2955 430 3000; x_wconf 80' lang='lat' dir='ltr'>Torsit</span> <span class='ocrx_word' id='word_1_310' title='bbox 439 2953 525 3008; x_wconf 86' lang='lat' dir='ltr'>hiems,</span> <span class='ocrx_word' id='word_1_311' title='bbox 534 2954 631 3016; x_wconf 82' lang='lat' dir='ltr'>janque</span> <span class='ocrx_word' id='word_1_312' title='bbox 641 2953 700 2999; x_wconf 80' lang='lat' dir='ltr'>ans</span> <span class='ocrx_word' id='word_1_313' title='bbox 709 2953 767 2999; x_wconf 88' lang='lat' dir='ltr'>cinit</span> <span class='ocrx_word' id='word_1_314' title='bbox 775 2951 851 2998; x_wconf 89' lang='lat' dir='ltr'>induit</span> <span class='ocrx_word' id='word_1_315' title='bbox 860 2953 944 3008; x_wconf 65' lang='lat' dir='ltr'>urben</span> 
     </span>
    </p>
   </div>
   <div class='ocr_carea' id='block_1_8' title="bbox 166 3049 1216 3754">
    <p class='ocr_par' dir='ltr' id='par_1_8' title="bbox 166 3049 1216 3531">
     <span class='ocr_line' id='line_1_34' title="bbox 167 3049 1211 3122; baseline -0.008 -16"><span class='ocrx_word' id='word_1_316' title='bbox 167 3049 246 3106; x_wconf 84' lang='lat' dir='ltr'>Orid.</span> <span class='ocrx_word' id='word_1_317' title='bbox 263 3052 320 3104; x_wconf 80' lang='lat' dir='ltr'>Art.</span> <span class='ocrx_word' id='word_1_318' title='bbox 335 3051 394 3102; x_wconf 80' lang='lat' dir='ltr'>Am.</span> <span class='ocrx_word' id='word_1_319' title='bbox 412 3051 462 3116; x_wconf 85' lang='lat'>111,</span> <span class='ocrx_word' id='word_1_320' title='bbox 477 3051 545 3122; x_wconf 69' lang='lat'>49⁰²</span> <span class='ocrx_word' id='word_1_321' title='bbox 562 3049 635 3103; x_wconf 70' lang='lat' dir='ltr'>used</span> <span class='ocrx_word' id='word_1_322' title='bbox 652 3063 741 3102; x_wconf 88' lang='lat' dir='ltr'>tamen</span> <span class='ocrx_word' id='word_1_323' title='bbox 758 3051 849 3101; x_wconf 83' lang='lat' dir='ltr'>AEtnsei</span> <span class='ocrx_word' id='word_1_324' title='bbox 864 3051 981 3103; x_wconf 85' lang='lat' dir='ltr'>fulminis</span> <span class='ocrx_word' id='word_1_325' title='bbox 998 3053 1080 3102; x_wconf 88' lang='lat' dir='ltr'>instar</span> <span class='ocrx_word' id='word_1_326' title='bbox 1095 3049 1211 3113; x_wconf 59' lang='lat' dir='ltr'>haben·</span> 
     </span>
     <span class='ocr_line' id='line_1_35' title="bbox 166 3129 1216 3204; baseline -0.002 -19"><span class='ocrx_word' id='word_1_327' title='bbox 166 3131 228 3185; x_wconf 90' lang='lat' dir='ltr'>licet</span> <span class='ocrx_word' id='word_1_328' title='bbox 240 3131 292 3183; x_wconf 89' lang='lat' dir='ltr'>hoc</span> <span class='ocrx_word' id='word_1_329' title='bbox 304 3131 472 3184; x_wconf 87' lang='lat' dir='ltr'>referendum</span> <span class='ocrx_word' id='word_1_330' title='bbox 483 3133 518 3184; x_wconf 89' lang='lat' dir='ltr'>sit</span> <span class='ocrx_word' id='word_1_331' title='bbox 530 3129 563 3184; x_wconf 88' lang='lat' dir='ltr'>ad</span> <span class='ocrx_word' id='word_1_332' title='bbox 576 3149 666 3183; x_wconf 84' lang='lat' dir='ltr'>uerum</span> <span class='ocrx_word' id='word_1_333' title='bbox 679 3129 796 3197; x_wconf 87' lang='lat' dir='ltr'>fulmen,</span> <span class='ocrx_word' id='word_1_334' title='bbox 809 3130 881 3204; x_wconf 87' lang='lat' dir='ltr'>quod</span> <span class='ocrx_word' id='word_1_335' title='bbox 892 3133 920 3185; x_wconf 93' lang='lat' dir='ltr'>in</span> <span class='ocrx_word' id='word_1_336' title='bbox 933 3134 1014 3184; x_wconf 83' lang='lat' dir='ltr'>AEtna</span> <span class='ocrx_word' id='word_1_337' title='bbox 1026 3132 1154 3204; x_wconf 73' lang='lat' dir='ltr'>Cyclopes</span> <span class='ocrx_word' id='word_1_338' title='bbox 1165 3132 1216 3183; x_wconf 89' lang='lat' dir='ltr'>fin-</span> 
     </span>
     <span class='ocr_line' id='line_1_36' title="bbox 166 3210 1214 3286; baseline -0.002 -20"><span class='ocrx_word' id='word_1_339' title='bbox 166 3213 298 3286; x_wconf 77' lang='lat' dir='ltr'>gebantur</span> <span class='ocrx_word' id='word_1_340' title='bbox 309 3213 468 3284; x_wconf 89' lang='lat' dir='ltr'>procudere.</span> <span class='ocrx_word' id='word_1_341' title='bbox 479 3210 557 3266; x_wconf 86' lang='lat' dir='ltr'>Clare</span> <span class='ocrx_word' id='word_1_342' title='bbox 568 3226 663 3265; x_wconf 85' lang='lat' dir='ltr'>auctor</span> <span class='ocrx_word' id='word_1_343' title='bbox 675 3213 770 3278; x_wconf 79' lang='lat' dir='ltr'>AEtne,</span> <span class='ocrx_word' id='word_1_344' title='bbox 782 3231 807 3264; x_wconf 86' lang='lat' dir='ltr'>v.</span> <span class='ocrx_word' id='word_1_345' title='bbox 818 3212 884 3277; x_wconf 82' lang='lat'>360,</span> <span class='ocrx_word' id='word_1_346' title='bbox 896 3211 929 3266; x_wconf 89' lang='lat' dir='ltr'>de</span> <span class='ocrx_word' id='word_1_347' title='bbox 941 3230 974 3265; x_wconf 91' lang='lat' dir='ltr'>eo</span> <span class='ocrx_word' id='word_1_348' title='bbox 986 3224 1077 3266; x_wconf 85' lang='lat' dir='ltr'>moute</span> <span class='ocrx_word' id='word_1_349' title='bbox 1087 3212 1214 3285; x_wconf 87' lang='lat' dir='ltr'>loquens,</span> 
     </span>
     <span class='ocr_line' id='line_1_37' title="bbox 169 3292 1214 3367; baseline 0.002 -21"><span class='ocrx_word' id='word_1_350' title='bbox 169 3293 372 3367; x_wconf 71' lang='lat' dir='ltr'>uArdentesque</span> <span class='ocrx_word' id='word_1_351' title='bbox 382 3293 460 3347; x_wconf 86' lang='lat' dir='ltr'>simul</span> <span class='ocrx_word' id='word_1_352' title='bbox 470 3292 588 3348; x_wconf 85' lang='lat' dir='ltr'>flammas</span> <span class='ocrx_word' id='word_1_353' title='bbox 598 3307 624 3346; x_wconf 88' lang='lat' dir='ltr'>et</span> <span class='ocrx_word' id='word_1_354' title='bbox 634 3294 746 3346; x_wconf 83' lang='lat' dir='ltr'>fulmina</span> <span class='ocrx_word' id='word_1_355' title='bbox 756 3296 889 3365; x_wconf 62' lang='lat' dir='ltr'>rumpia·</span> <span class='ocrx_word' id='word_1_356' title='bbox 902 3307 928 3346; x_wconf 85' lang='lat' dir='ltr'>ct</span> <span class='ocrx_word' id='word_1_357' title='bbox 937 3293 1019 3367; x_wconf 91' lang='lat' dir='ltr'>paulo</span> <span class='ocrx_word' id='word_1_358' title='bbox 1029 3307 1103 3360; x_wconf 88' lang='lat' dir='ltr'>ante,</span> <span class='ocrx_word' id='word_1_359' title='bbox 1112 3313 1138 3346; x_wconf 83' lang='lat' dir='ltr'>v.</span> <span class='ocrx_word' id='word_1_360' title='bbox 1148 3294 1214 3363; x_wconf 74' lang='lat'>343,</span> 
     </span>
     <span class='ocr_line' id='line_1_38' title="bbox 169 3375 1213 3450; baseline -0.002 -20"><span class='ocrx_word' id='word_1_361' title='bbox 169 3375 244 3444; x_wconf 73' lang='lat' dir='ltr'>sQui</span> <span class='ocrx_word' id='word_1_362' title='bbox 255 3395 336 3450; x_wconf 89' lang='lat' dir='ltr'>rupes</span> <span class='ocrx_word' id='word_1_363' title='bbox 347 3389 500 3449; x_wconf 84' lang='lat' dir='ltr'>terramque</span> <span class='ocrx_word' id='word_1_364' title='bbox 511 3389 601 3443; x_wconf 83' lang='lat' dir='ltr'>rorat,</span> <span class='ocrx_word' id='word_1_365' title='bbox 614 3377 660 3449; x_wconf 88' lang='lat' dir='ltr'>qui</span> <span class='ocrx_word' id='word_1_366' title='bbox 672 3375 794 3428; x_wconf 86' lang='lat' dir='ltr'>fulminat</span> <span class='ocrx_word' id='word_1_367' title='bbox 807 3378 889 3447; x_wconf 68' lang='lat' dir='ltr'>ignes.</span> <span class='ocrx_word' id='word_1_368' title='bbox 901 3399 913 3423; x_wconf 75' lang='grc' dir='ltr'><strong><em>ο</em></strong></span> <span class='ocrx_word' id='word_1_369' title='bbox 927 3377 1012 3442; x_wconf 85' lang='lat' dir='ltr'>infra,</span> <span class='ocrx_word' id='word_1_370' title='bbox 1026 3396 1051 3428; x_wconf 82' lang='lat' dir='ltr'>v.</span> <span class='ocrx_word' id='word_1_371' title='bbox 1065 3375 1130 3443; x_wconf 82' lang='lat'>5⁵5,</span> <span class='ocrx_word' id='word_1_372' title='bbox 1142 3394 1213 3428; x_wconf 88' lang='lat' dir='ltr'>com·</span> 
     </span>
     <span class='ocr_line' id='line_1_39' title="bbox 166 3455 758 3531; baseline -0.005 -21"><span class='ocrx_word' id='word_1_373' title='bbox 166 3471 244 3530; x_wconf 86' lang='lat' dir='ltr'>parat</span> <span class='ocrx_word' id='word_1_374' title='bbox 256 3455 308 3510; x_wconf 91' lang='lat' dir='ltr'>bos</span> <span class='ocrx_word' id='word_1_375' title='bbox 322 3459 396 3531; x_wconf 69' lang='lat' dir='ltr'>ignes</span> <span class='ocrx_word' id='word_1_376' title='bbox 410 3459 482 3510; x_wconf 81' lang='lat' dir='ltr'>iovis</span> <span class='ocrx_word' id='word_1_377' title='bbox 496 3458 565 3529; x_wconf 74' lang='lat' dir='ltr'>igni,</span> <span class='ocrx_word' id='word_1_378' title='bbox 580 3475 627 3509; x_wconf 88' lang='lat' dir='ltr'>seu</span> <span class='ocrx_word' id='word_1_379' title='bbox 638 3455 758 3508; x_wconf 89' lang='lat' dir='ltr'>fulmini:</span> 
     </span>
    </p>

    <p class='ocr_par' dir='ltr' id='par_1_9' title="bbox 353 3553 897 3619">
     <span class='ocr_line' id='line_1_40' title="bbox 353 3553 897 3619; baseline -0.002 -17"><span class='ocrx_word' id='word_1_380' title='bbox 353 3556 398 3602; x_wconf 75' lang='lat' dir='ltr'>Sed</span> <span class='ocrx_word' id='word_1_381' title='bbox 408 3571 457 3603; x_wconf 88' lang='lat' dir='ltr'>non</span> <span class='ocrx_word' id='word_1_382' title='bbox 466 3555 506 3619; x_wconf 82' lang='lat' dir='ltr'>qui</span> <span class='ocrx_word' id='word_1_383' title='bbox 515 3567 595 3602; x_wconf 82' lang='lat' dir='ltr'>nostro</span> <span class='ocrx_word' id='word_1_384' title='bbox 605 3555 681 3602; x_wconf 81' lang='lat' dir='ltr'>ferret</span> <span class='ocrx_word' id='word_1_385' title='bbox 689 3553 831 3602; x_wconf 84' lang='lat' dir='ltr'>moderatior</span> <span class='ocrx_word' id='word_1_386' title='bbox 839 3569 881 3601; x_wconf 85' lang='lat' dir='ltr'>utu</span> <span class='ocrx_word' id='word_1_387' title='bbox 890 3589 897 3610; x_wconf 89' lang='lat'>‚</span> 
     </span>
    </p>

    <p class='ocr_par' dir='ltr' id='par_1_10' title="bbox 352 3623 876 3689">
     <span class='ocr_line' id='line_1_41' title="bbox 352 3623 876 3689; baseline -0.002 -18"><span class='ocrx_word' id='word_1_388' title='bbox 352 3625 397 3671; x_wconf 83' lang='lat' dir='ltr'>Sed</span> <span class='ocrx_word' id='word_1_389' title='bbox 406 3625 463 3672; x_wconf 76' lang='lat' dir='ltr'>celo</span> <span class='ocrx_word' id='word_1_390' title='bbox 471 3627 582 3688; x_wconf 87' lang='lat' dir='ltr'>propior,</span> <span class='ocrx_word' id='word_1_391' title='bbox 592 3625 628 3672; x_wconf 81' lang='lat' dir='ltr'>rel</span> <span class='ocrx_word' id='word_1_392' title='bbox 638 3623 702 3689; x_wconf 82' lang='lat' dir='ltr'>quali</span> <span class='ocrx_word' id='word_1_393' title='bbox 710 3625 818 3688; x_wconf 78' lang='lat' dir='ltr'>iuppiter</span> <span class='ocrx_word' id='word_1_394' title='bbox 826 3627 876 3689; x_wconf 88' lang='lat' dir='ltr'>ipse</span> 
     </span>
    </p>

    <p class='ocr_par' dir='ltr' id='par_1_11' title="bbox 351 3697 619 3754">
     <span class='ocr_line' id='line_1_42' title="bbox 351 3697 619 3754; baseline 0.004 -12"><span class='ocrx_word' id='word_1_395' title='bbox 351 3697 459 3743; x_wconf 77' lang='lat' dir='ltr'>Amatne</span> <span class='ocrx_word' id='word_1_396' title='bbox 468 3697 559 3744; x_wconf 76' lang='lat' dir='ltr'>flemma</span> <span class='ocrx_word' id='word_1_397' title='bbox 569 3709 619 3754; x_wconf 87' lang='lat' dir='ltr'>est;</span> 
     </span>
    </p>
   </div>
   <div class='ocr_carea' id='block_1_9' title="bbox 166 3783 1214 4108">
    <p class='ocr_par' dir='ltr' id='par_1_12' title="bbox 166 3783 1214 4108">
     <span class='ocr_line' id='line_1_43' title="bbox 168 3783 1214 3868; baseline 0.005 -27"><span class='ocrx_word' id='word_1_398' title='bbox 168 3789 392 3862; x_wconf 82' lang='lat' dir='ltr'>quemadmodum</span> <span class='ocrx_word' id='word_1_399' title='bbox 406 3791 472 3844; x_wconf 89' lang='lat' dir='ltr'>Plin.</span> <span class='ocrx_word' id='word_1_400' title='bbox 483 3783 570 3866; x_wconf 84' lang='lat' dir='ltr'>Epist.</span> <span class='ocrx_word' id='word_1_401' title='bbox 582 3796 631 3861; x_wconf 89' lang='lat' dir='ltr'>Vl,</span> <span class='ocrx_word' id='word_1_402' title='bbox 648 3809 695 3860; x_wconf 74' lang='lat' dir='ltr'>ao,</span> <span class='ocrx_word' id='word_1_403' title='bbox 707 3809 724 3866; x_wconf 82' lang='lat'><strong>9</strong></span> <span class='ocrx_word' id='word_1_404' title='bbox 734 3815 740 3844; x_wconf 72' lang='grc' dir='ltr'><strong>ε</strong></span> <span class='ocrx_word' id='word_1_405' title='bbox 746 3793 896 3868; x_wconf 75' lang='lat' dir='ltr'>fulporibus</span> <span class='ocrx_word' id='word_1_406' title='bbox 907 3793 1040 3848; x_wconf 79' lang='lat' dir='ltr'>adsimilas</span> <span class='ocrx_word' id='word_1_407' title='bbox 1052 3793 1214 3846; x_wconf 77' lang='lat' dir='ltr'>vibrationes</span> 
     </span>
     <span class='ocr_line' id='line_1_44' title="bbox 167 3873 1214 3930; baseline -0.001 -4"><span class='ocrx_word' id='word_1_408' title='bbox 167 3884 194 3926; x_wconf 88' lang='lat' dir='ltr'>et</span> <span class='ocrx_word' id='word_1_409' title='bbox 211 3874 409 3926; x_wconf 87' lang='lat' dir='ltr'>coruscationes</span> <span class='ocrx_word' id='word_1_410' title='bbox 424 3873 591 3928; x_wconf 78' lang='lat' dir='ltr'>flammarum</span> <span class='ocrx_word' id='word_1_411' title='bbox 608 3895 639 3928; x_wconf 86' lang='lat' dir='ltr'>ex</span> <span class='ocrx_word' id='word_1_412' title='bbox 656 3889 746 3928; x_wconf 86' lang='lat' dir='ltr'>monte</span> <span class='ocrx_word' id='word_1_413' title='bbox 757 3878 889 3928; x_wconf 82' lang='lat' dir='ltr'>Vesuvio:</span> <span class='ocrx_word' id='word_1_414' title='bbox 905 3876 966 3928; x_wconf 62' lang='grc' dir='ltr'>,ΑΒ</span> <span class='ocrx_word' id='word_1_415' title='bbox 978 3876 1062 3930; x_wconf 89' lang='lat' dir='ltr'>altero</span> <span class='ocrx_word' id='word_1_416' title='bbox 1074 3875 1157 3927; x_wconf 89' lang='lat' dir='ltr'>latere</span> <span class='ocrx_word' id='word_1_417' title='bbox 1168 3891 1214 3925; x_wconf 90' lang='lat' dir='ltr'>nu·</span> 
     </span>
     <span class='ocr_line' id='line_1_45' title="bbox 166 3952 1212 4029; baseline 0.001 -24"><span class='ocrx_word' id='word_1_418' title='bbox 166 3953 215 4006; x_wconf 88' lang='lat' dir='ltr'>bes</span> <span class='ocrx_word' id='word_1_419' title='bbox 228 3963 284 4006; x_wconf 85' lang='lat' dir='ltr'>atra</span> <span class='ocrx_word' id='word_1_420' title='bbox 296 3966 322 4006; x_wconf 90' lang='lat' dir='ltr'>et</span> <span class='ocrx_word' id='word_1_421' title='bbox 333 3952 466 4008; x_wconf 83' lang='lat' dir='ltr'>horrenda</span> <span class='ocrx_word' id='word_1_422' title='bbox 479 3957 549 4027; x_wconf 71' lang='lat' dir='ltr'>ignei</span> <span class='ocrx_word' id='word_1_423' title='bbox 561 3957 669 4028; x_wconf 87' lang='lat' dir='ltr'>spiritns</span> <span class='ocrx_word' id='word_1_424' title='bbox 680 3958 757 4009; x_wconf 85' lang='lat' dir='ltr'>tortis</span> <span class='ocrx_word' id='word_1_425' title='bbox 769 3955 931 4029; x_wconf 79' lang='lat' dir='ltr'>vibratisque</span> <span class='ocrx_word' id='word_1_426' title='bbox 943 3955 1106 4010; x_wconf 84' lang='lat' dir='ltr'>discursibus</span> <span class='ocrx_word' id='word_1_427' title='bbox 1121 3967 1212 4026; x_wconf 84' lang='lat' dir='ltr'>rupta,</span> 
     </span>
     <span class='ocr_line' id='line_1_46' title="bbox 166 4029 1214 4108; baseline 0.008 -25"><span class='ocrx_word' id='word_1_428' title='bbox 166 4033 195 4084; x_wconf 89' lang='lat' dir='ltr'>in</span> <span class='ocrx_word' id='word_1_429' title='bbox 213 4031 307 4104; x_wconf 71' lang='lat' dir='ltr'>longas</span> <span class='ocrx_word' id='word_1_430' title='bbox 327 4029 491 4086; x_wconf 85' lang='lat' dir='ltr'>flammarum</span> <span class='ocrx_word' id='word_1_431' title='bbox 505 4034 601 4106; x_wconf 69' lang='lat' dir='ltr'>ligures</span> <span class='ocrx_word' id='word_1_432' title='bbox 616 4032 785 4090; x_wconf 85' lang='lat' dir='ltr'>dehiscebat:</span> <span class='ocrx_word' id='word_1_433' title='bbox 802 4036 951 4108; x_wconf 67' lang='lat' dir='ltr'>fulgoribus</span> <span class='ocrx_word' id='word_1_434' title='bbox 969 4035 1019 4088; x_wconf 80' lang='lat' dir='ltr'>illa</span> <span class='ocrx_word' id='word_1_435' title='bbox 1034 4049 1061 4088; x_wconf 91' lang='lat' dir='ltr'>et</span> <span class='ocrx_word' id='word_1_436' title='bbox 1077 4033 1174 4088; x_wconf 88' lang='lat' dir='ltr'>similes</span> <span class='ocrx_word' id='word_1_437' title='bbox 1189 4049 1214 4091; x_wconf 86' lang='lat' dir='ltr'>ct</span> 
     </span>
    </p>
   </div>
   <div class='ocr_carea' id='block_1_10' title="bbox 0 0 1396 4486">
    <p class='ocr_par' dir='ltr' id='par_1_13' title="bbox 0 0 1396 4486">
     <span class='ocr_line' id='line_1_47' title="bbox 0 0 1396 4486; baseline 0 1"><span class='ocrx_word' id='word_1_438' title='bbox 0 0 1396 4486; x_wconf 95' lang='lat' dir='ltr'> </span> 
     </span>
    </p>
   </div>
  </div>
 </body>
</html>
