2858 4492
193 311 1226 352 W

506 547 776 698 CARMEN
806 547 918 640 VII.
967 539 970 544 ’
1066 606 1072 614 -

656 830 767 848 ..ι’-

323 1013 330 1026 ’
382 1045 784 1114 aanaranmaou
815 1040 1043 1108 Lucani*

307 1375 449 1472 annu
462 1407 638 1497 proprium
650 1404 740 1470 diem
751 1403 957 1496 frequentet,

305 1517 465 1609 Quisquis
477 1511 621 1581 collibus
634 1511 782 1579 lsthmiae
793 1515 917 1580 Diones

306 1633 412 1696 Docto
425 1641 562 1720 pectora
573 1627 758 1693 concitatus
771 1641 872 1692 oestro

307 1737 487 1806 Pendentis
499 1736 585 1804 bibit
596 1734 733 1828 ungulae
746 1735 922 1830 liquorem.

279 1831 284 1845 ¹
307 1851 393 1940 lpsi,
408 1871 491 1942 quos
503 1869 607 1940 penes
619 1862 671 1913 est
680 1844 790 1913 hunor
801 1845 961 1924 canendi,

307 1957 882 2052 Vocaliscitharaerepertordrcas,

306 2075 347 2137 Et
360 2087 396 2137 tu
409 2068 623 2136 Bassaridum
634 2084 761 2136 rotator
772 2073 882 2150 Evan,

308 2186 349 2248 Et
361 2186 478 2264 Paean,
492 2197 526 2247 et
538 2182 692 2274 Hyantiae
704 2203 853 2264 sorores,

307 2296 408 2359 Laetae
420 2315 608 2384 purpureas
619 2307 741 2360 novate
751 2294 869 2359 vittas:

307 2405 441 2475 Grinem
454 2405 590 2485 comite,
603 2403 848 2498 candidamque
860 2417 986 2470 vestem
1030 2437 1032 2440 ·
1209 2433 1241 2467 ιο

307 2515 515 2584 Perfimdant
527 2515 635 2583 ederae
647 2517 859 2584 recentiores.

199 2615 201 2620 ¹
309 2631 404 2696 Docti
415 2627 540 2719 largius
553 2642 735 2720 evagentur
746 2649 880 2707 amnes,

309 2743 350 2806 Et
361 2737 438 2832 plus
450 2741 564 2806 Aoniae
575 2742 681 2806 virete
693 2737 801 2806 silvae:

310 2853 351 2916 Et
363 2851 391 2915 si
403 2871 469 2944 qua
481 2866 590 2944 patet,
605 2865 663 2916 aut
674 2847 763 2918 diem
777 2849 920 2940 recepit,

310 2963 409 3028 Sertis
420 2958 579 3027 mollibus
591 2957 765 3052 expleatur
776 2957 905 3028 umbra.

309 3072 453 3136 Centum
464 3068 659 3162 Thespiacis
671 3067 774 3136 odora
786 3065 870 3133 lucis

310 3179 403 3244 Stent
413 3179 548 3260 altaria,
561 3181 772 3272 victimaeque
783 3193 937 3258 centum,

535 3422 654 3468 VARIAE
678 3423 898 3470 Lucrlouus.

229 3537 239 3557 '
266 3536 453 3589 Genethliacon
474 3538 585 3592 Lucani.
607 3540 695 3595 Editio
778 3543 802 3596 5.
822 3545 872 3595 Pro
887 3542 955 3613 Ipsi,
968 3539 1009 3593 ed.
1022 3541 1107 3612 princ.
1121 3541 1188 3612 ipsis.
1210 3543 1245 3592 Δ.

193 3617 340 3668 Parmensis
353 3615 441 3683 addit,
453 3617 487 3668 ad
500 3619 605 3672 Pollam
617 3645 625 3670 .-
640 3641 695 3674 non
777 3622 801 3673 8.
821 3621 954 3691 Hyantia.
970 3619 1035 3672 Cod.
1045 3620 1127 3671 Paris.
1140 3617 1246 3672 mizan-

193 3696 276 3764 main,
285 3708 398 3767 propter
409 3713 440 3748 ea
452 3699 553 3751 Praefat.
565 3724 570 3751 :
583 3702 695 3754 uExclu-
741 3703 798 3764 tioe5
806 3715 832 3751 er
840 3719 905 3752 vers.
916 3717 946 3770 7,
955 3701 1043 3752 euhan
1051 3717 1101 3768 pro
1109 3700 1198 3751 Eum.
1210 3702 1245 3752 A.

193 3775 232 3828 dit
242 3775 366 3828 volumen
376 3775 571 3832 Genethliacon
580 3782 695 3849 Lucani,
779 3780 818 3848 14.
837 3781 874 3833 Er
891 3781 913 3833 si
931 3801 984 3854 qna
999 3791 1086 3853 paret,
1107 3789 1156 3831 aut
1172 3779 1248 3831 diem

195 3856 267 3934 quod
280 3855 355 3909 Polla
369 3858 537 3928 Argentaria,
551 3860 695 3914 clarissima
740 3860 841 3931 recepit.
857 3859 923 3911 Cod.
940 3861 1020 3912 Paris.
1033 3857 1096 3910 edit.
1115 3878 1156 3929 pr.
1171 3859 1211 3912 Et
1224 3865 1251 3912 εἰ

195 3935 696 4006 uxorumquumhuncdiemfortecon·
739 3958 792 4011 qua
804 3949 922 4012 pateram
936 3949 963 3990 et
973 3939 1041 3994 diem
1057 3939 1159 4010 recepit.
1175 3937 1252 3992 Vide

195 4031 370 4079 amaremus,
383 4017 507 4088 imputari
519 4017 568 4070 sihi
579 4018 692 4073 voluit·
740 4032 796 4070 not.
816 4022 846 4071 Δ.
