2776 4484
187 301 230 392 98
318 303 352 364 P.
374 301 409 362 P.
430 298 550 364 STAT.
570 297 683 364 SILV.
701 297 791 362 LIB.
813 298 844 378 l,
861 299 1005 363 CARM.
1027 300 1095 366 lll.

231 432 295 498 Seu
307 427 367 494 tibi
380 425 562 494 Pindaricis
574 430 709 496 animus
720 426 923 495 contendere
935 426 1090 520 plectris,

231 543 304 610 Sive
317 537 439 632 chelyn
450 537 548 607 tolles
560 538 661 606 heroa
673 537 715 606 ad
728 537 866 620 robora,
879 540 948 606 sive

229 652 403 717 Liventcm
416 651 552 718 satiram
564 651 659 740 nigra
670 648 824 740 rubigine
835 649 951 716 turbes
964 675 971 714 :

232 765 295 829 Seu
307 760 367 827 tibi
380 784 449 826 non
462 758 526 826 alia
538 757 751 852 splendescat
763 757 902 850 epistola
915 781 1006 826 cura.

231 873 338 963 Digne
351 868 467 952 Midae,
481 872 652 962 Croesique
664 868 762 936 bonis
772 918 780 949 ‚
792 885 826 936 et
838 869 973 936 Perside
985 893 1084 962 gana,
1184 881 1236 933 105

218 987 342 1048 *Macte
354 977 451 1046 bonis
462 981 583 1044 animi!
600 976 696 1068 cujus
709 981 901 1066 stagnantia
913 1002 992 1044 rura

231 1091 354 1157 Debuit
366 1106 399 1155 ct
410 1087 506 1156 flavis
520 1091 665 1154 Hermus
678 1102 908 1156 transcurrere
920 1089 1019 1180 ripis,

231 1205 273 1266 Et
283 1198 364 1266 limo
377 1196 574 1291 splendente
587 1201 712 1288 Tagus.
726 1198 778 1264 Sic
790 1195 888 1264 docta
901 1197 1095 1292 frequentes

230 1313 323 1392 Otia;
336 1311 383 1376 sic
395 1309 487 1378 omni
499 1306 651 1374 detersus
664 1323 797 1398 pectora
811 1308 901 1374 nube

232 1424 348 1488 Finem
360 1417 842 1511 Nestoreaeprecoregrediare
854 1424 1012 1488 senectae!
1183 1448 1238 1484 tto
1316 1455 1321 1466 ·

226 1625 283 1660 ror.
302 1607 353 1659 Seu
366 1605 419 1657 tibi.
434 1604 483 1657 Ed.
498 1621 536 1676 pr.
551 1605 572 1657 si
584 1603 637 1654 tibi.
654 1605 684 1654 Α.
771 1621 827 1674 107.
848 1605 1240 1668 ΗεηηιιεᾸὶοωλιοπιηιιεςἮ-

227 1703 283 1738 roa.
304 1685 403 1756 Cltelyn
423 1683 508 1738 tollas.
528 1683 593 1736 Cod.
613 1685 685 1734 Urat.
731 1696 801 1733 cent.
821 1681 941 1737 bormias.
961 1685 1087 1736 811111-
1103 1683 1173 1736 Edit.
1191 1706 1237 1758 pr.

187 1764 259 1819 laeid.
271 1767 352 1818 Paris.
363 1779 390 1818 et
401 1763 460 1816 edd.
474 1783 558 1836 usque
571 1761 605 1816 ad
617 1761 688 1813 Atdi·
732 1759 835 1814 ltermis.
854 1761 886 1813 Δ.

186 1867 248 1899 nam
259 1865 349 1898 ornnes
360 1843 475 1916 chelym,
485 1843 525 1896 vel
536 1842 623 1896 clrelin
637 1842 688 1893 tol·
771 1856 827 1910 ¹⁰9·
846 1841 891 1894 Sic
912 1842 985 1894 omni
1004 1843 1115 1896 detectus
1129 1852 1239 1913 pectora

189 1925 233 1992 tis,
254 1923 395 1976 Lindcnbr.
416 1923 569 1974 annotavit:
589 1923 686 1973 rectius
731 1919 805 1970 stuba.
821 1919 944 1973 Heinsius
962 1921 1025 1973 Not.
1041 1921 1075 1974 ad
1093 1919 1236 1975 claudian.

189 2003 280 2066 tollas,·
293 2000 366 2073 quod
380 2001 454 2052 Grut.
469 2001 565 2064 voluit,
580 2012 606 2050 et
618 2017 686 2072 prae-
731 1999 831 2050 Praefat.
844 1999 892 2050 lib.
905 2003 930 2068 1,
942 2001 969 2051 io
980 2001 1104 2053 Rufinum
1116 1999 1180 2070 legit
1191 2000 1240 2052 de·

188 2097 267 2135 eunte
281 2081 417 2145 Gerartio,
433 2097 525 2131 omnes
539 2077 632 2150 reliqui
645 2097 687 2129 re·
732 2087 827 2140 tentat
842 2091 868 2129 et
886 2081 922 2130 ita
943 2078 1007 2130 olim
1024 2077 1237 2132 emendaverant.

188 2173 322 2234 oeperunt.
337 2157 408 2209 Idem
424 2157 450 2207 in
465 2155 584 2229 exemplo
601 2157 687 2206 Parem,
732 2157 798 2208 Satis
813 2155 997 2230 exemplorum
1010 2158 1047 2210 ibi
1061 2157 1158 2220 haben
1174 2158 1239 2230 qui-

188 2253 308 2296 notatum
319 2237 419 2288 invenit
431 2237 563 2288 Ileinsius.
581 2237 663 2287 thtt.
731 2236 783 2290 bus
800 2251 888 2289 tamen
908 2237 960 2289 lios
977 2237 1058 2290 addas
1073 2237 1136 2288 licet
1150 2255 1180 2288 ax
1196 2237 1240 2290 si-

227 2319 284 2372 103,
299 2312 686 2388 Turbes.Legetirtqos.—-Vid.
733 2315 814 2368 donio
829 2315 978 2388 Apollinari
992 2315 1077 2368 Germ.
1091 2317 1150 2380 Vll,
1169 2317 1238 2382 1341

188 2411 287 2452 notam.
301 2426 337 2436 -
351 2397 450 2448 Omnes
464 2393 524 2448 libri
538 2398 616 2447 etiarn
627 2395 686 2446 Vct.
736 2397 900 2468 :Torpentia
908 2395 1095 2462 tolleLurnina‚
1103 2394 1241 2448 detersam

188 2475 357 2530 consentiunt
369 2474 395 2524 in
408 2493 472 2525 voce
485 2473 573 2526 turbes.
584 2467 688 2524 Forcel·
733 2488 848 2529 mentem
856 2475 940 2545 caligo
948 2474 1093 2546 relinquat;
1103 2497 1114 2520 ι
1125 2473 1178 2526 hoc
1186 2489 1241 2542 ess,

188 2557 271 2620 linus,
287 2553 336 2608 sub
348 2573 372 2606 v,
389 2554 483 2620 sotira,
501 2553 580 2606 affert
597 2547 688 2606 turbas.
736 2555 795 2608 «Sis
806 2555 878 2607 omni
886 2551 1006 2608 detersus
1014 2567 1121 2626 pectora
1129 2551 1212 2606 nube.
1223 2580 1236 2602 ι

188 2638 236 2686 Vir
255 2631 287 2685 cl.
308 2632 395 2686 Hand.
415 2631 519 2685 exbibet
540 2643 640 2706 turpes,
660 2645 690 2684 nt
732 2633 874 2704 Eleganter
887 2635 1005 2688 Alcimus
1018 2635 1125 2699 Avitus,
1141 2629 1187 2686 lib.
1202 2633 1240 2700 V,

189 2713 234 2766 liat
247 2711 289 2766 hic
299 2730 407 2763 sensus:
422 2711 475 2762 sive
487 2724 516 2761 tu
528 2709 636 2762 lividum
649 2729 691 2762 co·
733 2715 794 2782 426.
810 2715 918 2790 Terqere
930 2713 1028 2771 alicubi
1039 2713 1133 2768 eodem
1145 2731 1240 2766 sensu.

188 2793 270 2845 lorern
292 2794 377 2843 satirae
399 2807 495 2860 augeas
516 2788 622 2841 inducta
647 2789 690 2841 ni·
733 2793 851 2846 —lnlra
868 2796 906 2859 11,
928 2811 951 2859 1,
965 2814 1003 2848 rs.
1023 2795 1094 2866 193:
1119 2791 1241 2846 «similes

188 2892 234 2946 gra
250 2867 387 2942 rubigine,
406 2888 492 2940 eoque
506 2866 588 2919 modo
603 2871 689 2942 ipsam
735 2885 880 2944 tergentem
900 2888 1009 2944 pectore
1028 2893 1113 2926 curas.
1125 2897 1136 2919 ι
1158 2873 1241 2924 Eam·

188 2949 412 3004 mordacissimam
423 2947 530 3014 reddas,
541 2950 595 3000 sive
604 2947 688 3000 nitido
734 2949 795 3004 dem
812 2947 1025 3004 emeridationem
1038 2953 1158 3004 fecerunt
1172 2947 1241 3002 Lin-

188 3027 477 3104 splendorcepistolam
485 3024 617 3079 exhibeas.
628 3027 691 3079 Tun
734 3027 897 3098 denbrogius
910 3043 936 3080 et
946 3030 1071 3100 Hopfius‚
1085 3039 1198 3094 uterque
1210 3029 1241 3078 in

187 3109 259 3174 bare,
272 3107 359 3177 inquit
367 3105 523 3172 virdoctua,
533 3125 587 3157 non
596 3118 624 3156 nt
632 3105 689 3158 aliis
733 3105 853 3171 ineditis,
865 3119 890 3156 et
902 3107 941 3156 vir
950 3105 1046 3158 doctus
1059 3106 1086 3156 in
1097 3101 1165 3154 libro
1175 3103 1241 3156 Got-

188 3183 343 3250 videbatur‚
361 3183 431 3235 idem
450 3195 488 3236 est
507 3203 538 3236 ac
557 3185 686 3256 tinguere,
734 3185 797 3252 ting.
818 3183 866 3254 qui
881 3194 927 3234 ant
940 3183 1051 3254 dejmm
1067 3193 1112 3232 aut
1128 3179 1241 3233 detersus

189 3257 235 3315 sed
248 3263 321 3336 niqro
333 3261 417 3314 colore
431 3275 534 3337 turpare
546 3264 688 3336 significan
733 3261 873 3334 legendum
888 3279 945 3314 esse
960 3261 1072 3314 censuit.
1088 3261 1189 3312 Omnes
1204 3260 1240 3312 li-

188 3342 225 3392 rsi
240 3340 356 3393 maculas
374 3344 463 3412 nigras
481 3343 623 3410 inducere,
643 3356 690 3395 sut
732 3342 785 3406 bri,
798 3341 877 3392 ctiam
892 3341 1014 3392 Vaticani
1026 3351 1053 3390 et
1069 3338 1130 3390 edit.
1149 3340 1239 3410 princ.

188 3438 246 3472 earn
259 3419 399 3471 maculare.
407 3419 466 3473 Vid.
481 3435 535 3473 not.
556 3421 587 3474 Λ.
732 3419 856 3484 detectus,
869 3413 942 3487 quod
954 3418 995 3468 vix
1008 3415 1174 3470 defensorem
1187 3415 1239 3472 ha·

228 3498 285 3565 rod.
295 3497 354 3549 Tibi
361 3500 485 3554 nonalto.
494 3499 625 3554 Cllland.
636 3499 689 3554 edi·
734 3495 816 3548 bebit.
831 3495 980 3546 Dictionom
996 3495 1074 3548 nubes
1085 3497 1195 3566 pectoris
1207 3492 1239 3548 il-

189 3573 227 3628 dit
237 3587 282 3630 tua
294 3597 345 3629 non
359 3578 422 3630 clia.
433 3578 480 3631 Ed.
494 3599 534 3654 pr.
546 3601 588 3633 seu
598 3593 626 3632 tu
637 3599 691 3632 non
734 3575 854 3628 lustravit
874 3571 1106 3627 Drakenborobius
1128 3573 1162 3626 ad
1182 3575 1238 3629 Silii

189 3653 252 3708 alia.
267 3657 326 3711 Vid.
341 3671 438 3710 notam.
463 3661 495 3712 Δ.
733 3654 830 3719 Italici,
849 3653 894 3706 lib.
910 3653 984 3720 viti,
1000 3674 1068 3712 vers.
1087 3653 1139 3708 613
1157 3673 1239 3728 quem

229 3738 284 3788 105.
306 3737 394 3790 Midae.
405 3737 470 3790 Cod.
482 3737 554 3792 leid.
564 3737 646 3792 Mida.
658 3739 688 3789 H.
734 3735 803 3789 vide.
825 3737 907 3788 thn.
