2784 4484
423 512 981 714 PRAEuArlo

285 879 763 980 RECENTIORIS
794 885 1103 983 EDITORIS

527 1147 585 1208 ru
609 1101 882 1211 LECTOREM.

622 1400 781 1424 ...Q-q·-
799 1385 801 1392 ’

164 1649 280 1774 Quon
300 1699 378 1750 erat
398 1683 438 1746 in
460 1679 542 1744 votis
563 1679 752 1771 praecipue,
773 1695 812 1744 ut
825 1687 918 1770 'opus
939 1683 1049 1772 Regiis
1070 1683 1225 1772 auspiciis

171 1802 392 1882 inchoatum,
409 1815 445 1866 et
462 1801 612 1866 unanimi
626 1798 804 1866 doctorum
816 1802 967 1867 virorum
982 1799 1104 1892 plausu
1117 1799 1227 1868 adhuc

178 1938 378 2013 exceptum,
396 1916 507 2013 majus
524 1918 650 2014 aliquid
667 1918 730 1986 sibi
747 1937 779 1987 et
793 1905 1068 1990 hoborificentius
1083 1919 1227 2014 gratula-
1266 2007 1268 2019 Ι

184 2161 406 2228 Bibliothecam
427 2175 578 2227 nostram
603 2161 691 2228 iuter
710 2159 814 2228 libros
839 2163 882 2227 ad
901 2185 991 2228 usum
1009 2158 1224 2228 instituendae

182 2278 283 2373 pmlis
302 2281 416 2372 Regiae
434 2280 635 2363 destinatos,
655 2277 911 2348 adscribendam
925 2280 1015 2348 ultro
1029 2280 1223 2368 decreverit.

178 2407 254 2487 Quo
266 2399 405 2497 quidem
415 2425 556 2469 munere
572 2399 658 2468 nihil
676 2406 809 2470 evenire
825 2405 952 2495 potuit,
969 2401 1023 2470 vel
1041 2402 1149 2470 laetius
1167 2425 1224 2468 no·

178 2519 246 2602 bis,
255 2521 309 2589 vel
320 2523 426 2616 ipsius
438 2523 548 2615 operis
561 2521 706 2588 fortunae
717 2524 875 2614 optatius.
886 2527 978 2608 Quos
990 2524 1080 2590 enim
1093 2523 1223 2588 animos

181 2656 216 2706 et
234 2641 393 2732 spiritus,
419 2663 502 2734 quas
526 2641 613 2707 vires
637 2639 797 2708 ducturos
823 2639 901 2707 inde
923 2638 1129 2733 sperandum
1152 2651 1222 2720 est,

181 2756 257 2826 illos
275 2781 412 2842 omueS,
431 2761 489 2853 qui
510 2783 569 2826 sex
588 2757 711 2827 abhinc
731 2763 828 2828 aunis
849 2783 948 2828 curas
965 2758 1168 2840 indefessas,
1191 2773 1224 2825 et

182 2875 346 2970 quidquid
360 2875 462 2944 studii
475 2879 563 2944 inest
576 2902 615 2945 ac
628 2877 758 2945 roboris
770 2881 806 2944 iu
818 2875 942 2946 molem
953 2876 1041 2944 hanc
1055 2892 1224 2944 exstruen-

180 2995 261 3064 dam
276 2995 508 3080 contulerunt,
529 3023 605 3098 quae
621 2997 693 3091 jam
708 3023 802 3066 nunc
816 2998 975 3090 adstupet
997 3001 1070 3089 ipsa
1088 2996 1168 3077 sibi,
1191 3013 1224 3062 et

179 3115 347 3208 stupenda
363 3120 470 3210 magis
488 3141 528 3184 ac
544 3121 651 3210 magis
670 3121 706 3186 iu
724 3133 898 3208 posterum
918 3114 1069 3183 exstabit.

227 3281 295 3342 Ave
311 3291 381 3343 tam
397 3276 505 3359 bona,
519 3279 672 3344 comitem
693 3301 745 3358 se,
769 3293 802 3343 et
822 3272 1042 3343 confidentius
1064 3271 1221 3368 quidem,

181 3395 338 3487 Vir-pilio,
352 3397 489 3478 Nasoni,
506 3397 668 3490 Propertio
683 3411 745 3462 etc.
771 3393 967 3487 superaddit
984 3398 1151 3472 Famulus,
1167 3416 1224 3459 cu-

178 3511 232 3603 jus
245 3537 308 3606 ego
322 3513 516 3606 publicandi
534 3518 741 3608 provinciam
761 3540 800 3583 eo
819 3518 952 3606 suscepi
967 3512 1141 3595 libentius,
1156 3535 1223 3608 quo

185 3629 364 3700 faciiiorem
384 3631 467 3701 mihi
485 3637 574 3702 viam
595 3637 835 3726 praemunierat
855 3633 1059 3701 clarissimus
1081 3647 1114 3697 et
1134 3631 1222 3699 idem

183 3755 416 3840 sagacissimus
431 3756 614 3846 interpres,
632 3759 702 3824 Jun.
723 3761 967 3836 Minutinnu53
988 3755 1063 3848 qui,
1079 3755 1124 3836 si,
1141 3776 1225 3849 quas

180 3868 215 3932 in
233 3863 334 3936 Silvas
346 3869 531 3964 impendit,
547 3897 644 3940 curas
655 3875 692 3941 in
707 3873 891 3940 Thebaidem
903 3891 936 3940 et
948 3871 1156 3937 Achilleidem
1169 3893 1224 3936 ex-

180 3981 358 4071 tendisset,
380 3987 467 4056 nihil
486 3989 557 4058 fere
574 3990 695 4060 futuris
714 3991 951 4084 interpretibus
969 3987 1137 4079 agendum
1151 3983 1226 4050 reli-

271 4105 299 4170 1.
1067 4128 1087 4170 Δ
