2858 4492
217 308 281 396 274
467 305 502 366 r.
529 307 563 366 r.
590 296 742 368 suurn
767 297 1007 366 sruvnuuu

329 437 437 500 Cantu
451 448 660 524 purpureum
672 427 785 496 trahes
797 431 966 498 Senatum.

331 551 518 612 Nocturnas
530 542 587 610 alii
598 541 771 633 Phrygum
783 543 915 621 ruinas,

332 659 374 721 Et
384 654 478 722 tarde
489 654 621 722 reducis
633 654 703 718 vias
716 651 823 732 Ulixi,

331 773 372 834 Et
383 780 532 859 puppem
543 765 757 832 temerariam
768 765 946 844 Minervae,

332 879 424 944 Trita
436 875 568 943 vatibus
580 873 706 954 orbita,
720 887 923 967 sequantur:

331 994 385 1056 Tu
396 1013 495 1056 carus
507 988 619 1070 Latio,
632 1007 832 1078 memorque
843 985 951 1075 gentis

332 1102 474 1166 Carmen
484 1096 604 1164 fortior
615 1117 731 1163 exeres
744 1110 913 1185 togatum:

331 1214 378 1274 Ac
389 1209 555 1300 primum,
568 1208 696 1272 teneris
704 1201 814 1271 adhuc
826 1207 862 1270 itt
873 1205 990 1282 annis,

332 1312 1027 1407 LudesHectora,'Phessalosqueourrus,
1231 1320 1264 1372 55

334 1433 374 1496 Et
386 1428 528 1523 supplex
539 1431 661 1495 Priami
673 1429 818 1520 potentis
831 1447 964 1492 aurum.

333 1543 387 1606 Tu
398 1539 495 1607 sedes
506 1538 670 1606 reserabis
682 1535 868 1606 inferorum
879 1561 887 1617 ;

336 1656 491 1743 Ingratus
503 1655 592 1719 Nero
603 1647 758 1720 dulcibus
772 1646 911 1718 theatris

336 1767 378 1828 Et
390 1763 505 1830 noster
519 1761 575 1829 tibi
587 1760 779 1854 proferetur
790 1757 960 1851 Orpheus.

335 1873 432 1939 Dices
445 1869 646 1939 culminibus
659 1873 753 1938 Remi
765 1885 942 1962 vagantes,

336 1978 496 2047 Infandos
509 1979 636 2047 domiui
649 1982 802 2048 nocentis
814 1981 920 2070 ignee.

334 2092 388 2154 Tu
399 2105 500 2156 castae
510 2089 647 2156 titulum
658 2089 834 2185 decusque
844 2085 945 2156 Pollae

337 2197 492 2265 Jucunda
502 2197 598 2265 dabis
610 2199 832 2268 Allocutione.

223 2427 249 2467 et
260 2413 319 2466 vide
331 2425 386 2468 not.
401 2414 468 2468 God.
484 2417 563 2470 Pstis.
575 2417 669 2472 ᾰοωω.
689 2417 720 2468 Δ.
768 2431 830 2470 sunt
840 2415 988 2472 acontium
997 2418 1064 2470 citus
1075 2427 1102 2468 ct
1110 2413 1216 2468 habitus
1224 2412 1274 2464 bo-

260 2496 303 2566 ⁴9·
324 2494 416 2547 Tarde.
430 2494 495 2549 cod.
509 2497 588 2548 Paris.
602 2495 666 2548 edit.
679 2517 720 2570 pr.
769 2500 871 2554 minum
885 2509 1054 2568 togatorum,
1068 2494 1096 2550 id
1108 2507 1163 2560 est,
1175 2495 1276 2545 Rorna-

225 2590 250 2629 et
265 2576 383 2629 Gronov.
397 2577 472 2630 tardi.
491 2578 523 2629 A.
768 2596 872 2629 norum.
881 2601 892 2623 ι
904 2575 981 2630 Unde
994 2585 1111 2647 topatum
1117 2573 1210 2645 summ
1222 2591 1275 2644 pro

233 2687 237 2694 ,
261 2654 304 2708 53.
324 2658 432 2708 (lamen
445 2657 544 2729 fortior
558 2658 638 2709 exen's
650 2667 724 2731 topa-
768 2656 903 2724 Romano,
920 2658 1040 2726 Protrep.
1061 2652 1094 2706 ad
1107 2653 1276 2725 (bispidum,

226 2747 290 2788 tum.
307 2735 391 2805 Supra
407 2734 471 2787 dixit
487 2737 612 2803 moveam
627 2736 727 2797 trudon
772 2757 795 2790 v.
814 2736 871 2794 108.
884 2766 920 2779 -·-
932 2735 1001 2794 (lod.
1014 2737 1095 2791 Parte
1113 2747 1142 2788 et
1157 2735 1276 2787 Gronov.

224 2816 313 2879 inira,
325 2813 410 2879 ludes,
421 2817 552 2883 merobis,
564 2831 615 2868 etc.
623 2815 667 2868 bic
679 2820 727 2868 ita·
772 2819 866 2868 exeris:
879 2815 949 2870 idem
961 2817 1076 2870 Gronov.
1088 2817 1178 2868 nescio
1189 2833 1225 2866 an
1235 2826 1280 2885 ty·

227 2913 279 2966 que
290 2908 435 2967 reponatur
446 2913 537 2948 exem.
549 2894 728 2948 Hocnonad-
772 2913 868 2967 porum
886 2895 965 2962 vitio,
982 2913 1032 2966 pro
1050 2901 1166 2966 sopatrum
1184 2891 1280 2944 scribit

225 2988 328 3027 vertens
344 2977 483 3042 lleinsius,
498 2975 570 3028 bunc
586 2975 676 3029 locum
692 2977 728 3027 ite
774 2987 900 3048 ωφαιιιι.
920 2975 951 3026 Δ.

226 3052 343 3123 legebat:
355 3056 414 3105 ·Tu
425 3057 605 3126 parabatis,
616 3073 728 3110 memor·
808 3054 851 3124 54.
870 3057 904 3108 In
915 3055 999 3110 anub.
1013 3053 1060 3110 nd.
1072 3054 1156 3126 princ.
1171 3053 1280 3105 inanit:

228 3150 280 3201 que
295 3136 380 3202 gentis
399 3133 511 3188 Carmen
531 3137 626 3190 lortius
646 3137 728 3189 exeris
773 3133 895 3189 absurde.
915 3136 947 3188 A.

225 3220 334 3279 togaton
342 3235 353 3256 ι
363 3209 444 3264 male:
456 3211 551 3265 dirim
560 3216 630 3265 enirn
637 3213 730 3266 debuit
809 3214 853 3286 57.
873 3215 915 3268 Tu
924 3217 1000 3268 sedes.
1010 3211 1077 3268 Cod.
1088 3213 1145 3264 l‘tr.
1157 3225 1183 3264 et
1191 3211 1282 3263 oron.

225 3303 275 3356 par
282 3289 330 3339 eris
338 3305 391 3339 uon
398 3300 473 3354 es,ut
481 3289 682 3362 respondeaterqi
689 3307 730 3342 ex·
774 3295 897 3350 litardus.
907 3294 967 3352 vid.
979 3306 1036 3350 not.
1056 3293 1087 3346 Δ.

225 3365 515 3437 eres,quodsiuedubio
522 3371 669 3421 statianum
678 3382 726 3422 est.
809 3375 851 3445 59.
871 3373 1030 3446 Proseretur.
1045 3371 1087 3424 sic
1099 3366 1166 3422 cod.
1179 3369 1238 3420 Per.
1253 3385 1285 3422 et

226 3439 282 3494 Nec
291 3461 358 3514 opus
366 3457 404 3495 est
412 3458 441 3496 ut
448 3444 567 3515 legamus
577 3457 670 3521 topatoe
679 3465 727 3517 pro
773 3451 854 3503 Grou.
864 3450 944 3524 Apud
952 3449 1028 3502 Cruc-
1041 3447 1202 3519 proeferetur.
1215 3446 1285 3501 Vid.

226 3527 564 3596 topatumtoqatumenim
574 3539 729 3580 camenest
772 3542 829 3582 not.
849 3531 880 3582 Δ.
959 3525 961 3530 ’

225 3621 330 3656 carmen
339 3606 487 3675 argumenti
494 3606 621 3658 Romani:
633 3609 669 3658 ita
676 3625 728 3677 pax
807 3609 851 3658 60.
873 3607 1011 3677 Vapantcs.
1019 3603 1086 3657 Cod.
1095 3604 1155 3655 Par.
1165 3618 1191 3655 st
1199 3604 1286 3657 cruc.

225 3693 326 3755 togata,
340 3701 389 3754 pro
403 3683 523 3735 Romana
535 3685 608 3756 apud
620 3686 728 3758 Calpur-
773 3687 900 3760 vapantis.
915 3685 990 3736 Vere.
1007 3701 1062 3756 seq.
1077 3682 1139 3736 cod.
1156 3684 1238 3734 Paris.
1256 3699 1288 3736 et

224 3765 299 3816 nium
306 3761 437 3827 Siculum,
450 3762 534 3834 eclog.
546 3765 591 3830 tt,
603 3765 635 3818 8:
653 3767 727 3833 «Qui
772 3765 813 3818 ed.
827 3767 910 3836 princ.
923 3783 974 3836 pro
987 3762 1106 3826 domini,
1118 3759 1221 3816 babent
1233 3761 1288 3815 do-

225 3841 569 3916 populosurbesqueregit‚
581 3861 727 3916 pacemque
772 3841 859 3895 minis.
881 3844 911 3893 A.

224 3935 372 3995 togatam·
390 3920 510 3974 Diomed.
527 3921 573 3974 lib.
589 3921 637 3974 111:
654 3923 726 3973 «To-
807 3921 850 3972 62.
872 3922 922 3972 Tu.
937 3919 1004 3972 Cod.
1017 3921 1100 3972 Paris.
1113 3915 1177 3974 edu.
1191 3921 1292 3990 princ.

225 4015 291 4074 gatte
300 4003 396 4070 fabule
406 4001 543 4071 dicuutur,
556 4023 614 4077 que
625 4007 726 4076 scripta
772 4002 837 4054 Huc.
857 4003 888 4052 A.
