2850 4488
215 282 281 366 416
410 277 547 344 nore
572 277 621 342 1n
645 269 843 342 cannen
868 228 1068 342 reninis

208 409 301 484 fastos.
317 404 435 460 Probum
448 422 497 458 sno
514 403 577 456 loco
592 403 676 458 roma
687 413 793 476 potem
809 403 948 469 Horatius,
964 404 1049 476 Epist.
1064 405 1104 471 11,
1120 421 1143 472 1,
1156 423 1195 458 rs.
1209 405 1260 459 fro:

217 488 288 541 «bos
307 499 380 540 arcto
394 486 492 557 stipate
510 482 616 536 tbeatro
635 483 743 556 Spectat
759 484 843 535 Rome
860 495 995 555 petenen
1016 483 1117 536 Annon.
1134 485 1263 556 Mosella,

214 587 238 621 r.
254 567 323 634 378,
341 589 352 611 ι
361 565 403 617 Da
414 565 519 616 veniam
529 562 610 630 mihi,
622 564 706 615 Roma
717 577 849 634 potem:-
864 562 906 614 Sic
917 561 951 614 de
963 563 1043 614 Atina
1053 561 1145 634 virgil.
1158 565 1263 618 AEneid.

214 649 278 715 vn,
292 644 360 698 630:
376 643 462 696 «Tela
474 656 590 710 norant,
603 641 683 695 Atina
693 655 806 715 potens,
816 642 953 715 Tiburque
965 642 1148 716 superbum.
1164 658 1191 696 et
1205 645 1264 698 eliis

215 727 327 780 urbibus
342 724 470 778 donatum
485 722 539 777 boc
557 723 694 796 epitheton
707 723 832 776 invenias.
846 724 908 774 Non
924 723 1003 794 igitur
1018 722 1052 775 de
1065 741 1148 792 rece,
1166 723 1215 778 eed
1231 723 1266 779 de

217 826 295 861 sensu
308 809 382 860 vocis
400 803 587 878 querendum
601 816 691 855 unum
710 800 768 856 scil.
783 802 846 854 huic
860 802 921 856 loco
935 816 1015 874 aptus
1029 805 1079 857 sit:
1096 805 1170 878 qnod
1183 825 1265 878 nega-

216 906 289 951 mns;
299 885 364 938 nihil
373 887 443 937 enim
453 885 518 937 facit
524 883 642 956 potentia
649 883 739 935 Rome
747 881 783 935 ad
792 880 863 956 istud
872 881 968 956 dequo
976 879 1028 935 boc
1039 883 1100 936 loco
1108 889 1162 957 egit
1170 901 1265 958 poete,

218 969 274 1023 scil.
290 965 324 1020 ed
340 965 523 1018 recensionem
536 965 678 1016 Fastorum
694 975 724 1015 nt
738 961 800 1014 inde
814 975 969 1034 repetentur
980 963 1100 1035 exempla
1116 983 1209 1018 eonem
1221 969 1267 1039 qui

218 1048 317 1101 multos
329 1042 483 1097 consulatus
497 1054 653 1114 gesserunt,
668 1052 695 1092 et
709 1042 756 1112 qni
770 1059 831 1092 cnm
844 1042 997 1094 Domitiano
1009 1043 1037 1094 in
1050 1041 1102 1096 bec
1116 1062 1145 1097 re
1157 1063 1267 1118 eompa-

218 1139 325 1182 rentnr:
343 1122 427 1192 nibil,
444 1125 571 1196 inquam,
587 1120 641 1173 hnc
654 1121 718 1174 fecit
730 1122 814 1173 domo
826 1130 933 1192 potens,
947 1119 995 1174 sed
1007 1121 1091 1174 Roma
1101 1125 1227 1197 antique,
1241 1137 1268 1177 et

220 1205 298 1280 lonpa
311 1214 433 1256 vetustas:
445 1219 502 1253 non
514 1202 584 1253 enim
594 1197 627 1253 e'x
639 1218 670 1252 eo
684 1199 756 1271 qnod
767 1202 922 1271 proterruit,
935 1201 1056 1272 proferre
1068 1214 1131 1274 epta
1147 1205 1270 1276 exempla

218 1298 323 1362 potest,
335 1282 383 1336 sed
396 1280 470 1354 quod
481 1281 591 1354 antiquo
600 1293 628 1333 et
639 1279 758 1354 lonpoeoa
770 1293 797 1332 et
811 1281 956 1333 multorum
970 1280 1127 1335 seculorum
1140 1283 1268 1356 exemplis

219 1381 246 1422 et
259 1363 445 1438 experimentis
456 1360 560 1414 erudite
575 1374 601 1413 et
615 1361 753 1412 instructa.
767 1361 853 1433 bego,
867 1363 938 1414 aDic
949 1379 1010 1434 age,
1024 1362 1110 1416 Rome
1120 1380 1230 1434 perena,
1243 1377 1269 1418 et

219 1465 340 1512 mecum,
351 1444 432 1514 longe
443 1444 582 1508 vetustas,
594 1441 741 1493 Dinumere
753 1441 850 1504 fastos3
862 1465 873 1488 ιι
889 1459 946 1513 ane
956 1459 1008 1493 vox
1018 1437 1150 1495 bonorem
1161 1454 1188 1496 et
1199 1461 1270 1498 reve·

221 1527 334 1580 rentiam
347 1536 374 1576 et
388 1522 571 1595 antiquitatem
584 1519 664 1573 simul
676 1519 800 1584 denotet;
815 1520 882 1574 adeo
895 1534 924 1574 nt
938 1521 1006 1573 bene
1018 1525 1198 1595 conjungatur
1208 1543 1270 1576 cnm
1377 1553 1382 1568 ·

166 1635 176 1658 a
222 1603 302 1680 lonqo
313 1612 431 1656 vetrtdas.
445 1598 602 1668 Quintilian.
619 1597 738 1652 Declam.
754 1599 805 1665 111,
821 1616 850 1650 n:
869 1597 943 1651 «sod
956 1616 1043 1674 neque
1053 1599 1107 1653 boc
1123 1601 1208 1656 Roma
1221 1621 1270 1676 pa-

221 1701 298 1750 rent,
312 1700 362 1736 nec
375 1683 451 1753 signa
461 1681 585 1732 militarie
599 1677 744 1750 aquilerqne
757 1680 893 1747 victrices,
904 1696 955 1731 neo
966 1692 1029 1746 tne,
1043 1697 1145 1734 summe
1155 1682 1271 1755 impera-

222 1777 275 1833 tor,
289 1763 377 1816 divine
392 1755 592 1822 rirtnssina13=
608 1759 732 1812 Sidonius
744 1758 922 1831 Apollinaris,
936 1757 1022 1812 Germ.
1035 1762 1098 1828 Vll,
1114 1761 1181 1832 594:
1198 1765 1271 1836 epri-

223 1863 269 1898 sca
285 1844 405 1896 Deorum
420 1843 506 1894 Roma
521 1857 636 1913 parens,
652 1839 744 1893 ettolle
758 1857 879 1910 genem»
893 1837 1036 1912 8ὶ1.[1ῐιι1ὶο.
1049 1841 1095 1907 lv,
1107 1842 1156 1895 en
1168 1865 1175 1894 ι
1192 1865 1205 1890 e
1215 1861 1271 1916 qne

223 1925 330 1999 premia
347 1921 426 1993 digna
439 1921 592 1987 Inveniam,
609 1917 743 1992 Carthago
756 1919 892 1992 parensis
905 1921 992 1973 Voces
1003 1931 1072 1974 vero'
1082 1933 1175 1996 potens
1185 1936 1212 1976 et
1224 1942 1272 1994 pe·

224 2023 282 2060 sens
292 2013 489 2056 commntantur
501 2019 515 2052 a
528 2000 652 2064 librariis;
665 2001 702 2053 ita
713 2001 805 2052 Senec.
818 2002 897 2052 Herc.
910 2002 972 2053 Fur.
984 2021 1008 2052 v.
1022 2001 1091 2070 300,
1104 2021 1154 2075 pro
1160 2003 1272 2078 frugum

222 2101 332 2157 parens,
352 2080 446 2151 optimi
464 2077 569 2132 codices
588 2077 689 2130 hebent
704 2089 812 2150 potem
833 2077 906 2152 qnod
926 2079 1032 2134 admisit
1049 2082 1216 2146 Gronovim3
1236 2101 1272 2136 ue

224 2160 363 2216 Claudiae.
380 2162 408 2211 in
424 2177 465 2230 pr.
483 2155 563 2210 Cone.
579 2155 679 2210 Stilich.
692 2157 737 2210 lib.
754 2159 794 2225 11,
808 2157 876 2224 Μαι
894 2181 906 2205 ι
916 2159 1039 2212 Accurrit
1049 2161 1150 2214 Nemee
1165 2176 1272 2234 potens,

225 2243 366 2314 seniorque
377 2236 499 2310 superbie
511 2235 642 2288 Canitiem
653 2237 763 2290 inclinat
772 2237 867 2300 radiis;
879 2251 898 2286 ι’
906 2257 955 2311 pro
965 2249 1071 2312 potens,
1083 2242 1181 2295 Moreti
1190 2243 1273 2296 codex

224 2339 324 2396 parens.
335 2317 403 2371 Vide
415 2330 504 2372 entem
518 2315 546 2367 in
561 2328 688 2388 quornm
701 2317 741 2369 sui
756 2315 917 2370 oblivionem
931 2319 1062 2373 induxerit
1074 2321 1186 2374 Statium
1200 2321 1275 2375 calor

227 2414 466 2472 extemporanenu·
483 2395 590 2449 invocat
612 2396 683 2446 enim
704 2395 811 2469 loppam
832 2407 983 2450 vehentem
1002 2412 1031 2451 ut
1047 2399 1138 2451 Festos
1157 2404 1275 2454 exentiat

227 2495 255 2536 et
272 2478 393 2551 exempla
410 2477 491 2549 digna
508 2474 643 2547 proferam
666 2488 775 2546 putares
792 2477 883 2528 atatim
902 2495 964 2529 curn
980 2477 1103 2529 Fabriciis
1123 2491 1149 2530 et
1167 2479 1276 2532 Corun-

228 2564 311 2616 caniis
327 2573 354 2612 te
369 2576 427 2612 rem
440 2555 595 2609 habiturum
611 2573 683 2620 esse3
698 2552 795 2608 borum
808 2554 923 2623 oblim,-
935 2558 1041 2609 immani
1054 2555 1121 2609 saltu
1134 2554 1276 2613 deseendit

228 2640 264 2694 ad
276 2640 436 2713 Anapum,
452 2638 498 2709 qui
513 2633 647 2689 mentibus
663 2634 801 2688 bominum
817 2653 892 2708 pene
907 2654 1015 2702 recens,
1027 2649 1053 2688 et
1063 2639 1191 2691 memoria
1205 2658 1277 2691 non-

228 2719 363 2772 nullorum
372 2717 472 2771 herere
479 2717 580 2790 potuit;
591 2730 617 2769 et
626 2729 688 2789 post
699 2729 799 2769 tentem
806 2716 981 2770 invocationis
989 2735 1130 2791 pompam,
1140 2730 1167 2770 et
1172 2719 1277 2790 petitio·

229 2819 291 2854 nem
304 2812 336 2852 ut
347 2811 497 2852 recenseret
508 2801 632 2850 vetustas
645 2814 699 2849 nort
714 2814 799 2870 parva
809 2795 943 2867 exemplo,
957 2797 1036 2851 unius
1046 2808 1150 2850 tantam
1162 2799 1276 2850 mentio·

229 2899 291 2934 nem
302 2879 375 2933 fecit.
386 2875 565 2950 Ojndieium‚
578 2875 657 2950 quale
668 2888 695 2930 te
707 2876 794 2930 dicam
805 2875 920 2929 bonum

266 3069 310 3124 38.
324 3069 495 3124 &vocabitur
505 3087 551 3122 aro
565 3067 679 3122 Terenti.
695 3068 864 3120 Domitianus
876 3065 967 3138 paullo
979 3078 1041 3119 ante
1053 3063 1129 3119 ludos
1141 3065 1277 3118 seculares

231 3148 418 3202 celebraverat.
430 3151 445 3201 J
448 3166 513 3202 anns
524 3146 568 3200 hic
580 3147 669 3200 adhuc
681 3145 766 3200 altero
778 3159 835 3200 toto
847 3145 943 3199 seculo
954 3147 1137 3199 Domitianum
1148 3146 1279 3198 victurum

232 3224 364 3298 spondet,
377 3229 413 3280 ita
425 3240 455 3280 nt
464 3226 554 3279 denuo
564 3224 642 3280 ludos
652 3225 789 3279 seculares
798 3229 825 3277 in
835 3226 951 3279 'ferento
963 3227 996 3278 sit
1007 3223 1188 3278 celebretnms
1199 3247 1205 3276 :
1219 3223 1280 3276 ideo

232 3305 303 3356 enim
313 3303 377 3357 dicit
389 3325 395 3356 :
409 3327 421 3354 ι
432 3306 539 3358 Mecum
551 3304 634 3358 altere
645 3303 741 3357 secula
752 3303 860 3357 condes.
873 3327 885 3352 ι
899 3301 1027 3358 Martiali·
1039 3301 1135 3356 eodem
1146 3300 1229 3354 modo
1241 3301 1281 3354 lo-

232 3395 311 3436 cutus
322 3397 363 3436 est
372 3383 419 3436 lib.
432 3385 483 3451 Ν,
497 3385 585 3457 Epigr.
600 3401 625 3436 ιε

418 3491 462 3537 ilie
471 3491 532 3538 colet
540 3491 628 3554 ingenti
637 3489 758 3538 redeuntia
768 3489 851 3539 secula
859 3489 945 3552 lustro,

446 3563 476 3628 βα
485 3577 537 3626 qne
546 3560 673 3610 Romuleae
681 3577 745 3611 ren-e
753 3564 869 3611 Ter-entes
877 3563 956 3612 babet.

231 3660 315 3716 Valde
327 3661 422 3726 miror,
434 3676 493 3713 esse
502 3658 633 3732 quosdam
645 3661 706 3732 qui,
717 3662 832 3715 inventis
844 3660 965 3732 frugibus
972 3700 982 3728 ‚
994 3655 1081 3712 adhuc
1093 3657 1199 3713 malunt
1210 3661 1284 3723 βω

233 3739 357 3808 nemesi,
376 3751 403 3790 et
417 3737 550 3809 vulgatam
564 3737 706 3794 lectionem
722 3744 853 3805 retinent,
872 3753 898 3793 et
915 3740 949 3792 de
968 3740 1067 3813 ternplo
1086 3739 1182 3792 Flavia
1200 3741 1285 3812 gentis

233 3821 307 3895 qnod
318 3821 485 3875 Domitianus
497 3822 663 3894 Vespasiano
674 3824 781 3895 parenti
792 3839 855 3890 sno,
867 3835 919 3873 etc.
935 3833 1069 3889 erexerat,
1082 3806 1285 3892 intelligendum

233 3914 338 3976 putant.
352 3903 387 3954 At
400 3898 587 3969 utereturne,
601 3899 643 3955 vel
660 3901 748 3956 solnm
759 3903 868 3956 rerbnrn
880 3901 1048 3957 revocabitur.
1064 3903 1134 3954 Nam
1150 3899 1197 3954 ille
1212 3917 1285 3955 secra

234 3982 358 4052 dicuntur
368 3995 470 4036 tanturn
482 3980 595 4036 solemni
604 3981 685 4036 rerba
698 3984 811 4036 reooemr'
817 4022 827 4050 ‚
840 3999 897 4054 que
906 3981 1021 4054 jamdiu
1031 3981 1154 4037 instituta
1167 3996 1194 4036 et
1206 3984 1286 4036 inter-
