2850 4488
214 317 278 399 432
380 309 487 374 NOT.
508 307 555 370 IN
575 305 717 370 CARM.
739 307 774 368 ll
794 305 881 370 LlB.
907 305 956 368 lV
975 306 1088 373 SlLV.

212 428 1263 505 ru.»reraestfnqtfera·utfeznanm,quruqosfaqumpmmmffl.

268 515 489 590 ,poetispussim
500 510 573 564 Nihil
584 513 666 581 igitur
674 509 840 563 mutandum.
854 511 955 562 Eodem
967 510 1048 562 modo
1058 515 1169 564 Perseus
1178 514 1263 564 acrites

211 611 319 654 vocatur
327 594 386 648 Val.
397 592 507 658 Flacco,
516 592 541 658 l,
551 592 600 660 67;
613 589 648 641 ob
659 588 779 641 eamdem
789 591 844 641 fere
852 593 993 642 rationem.
1006 591 1047 642 Sic
1059 590 1135 642 Plato
1145 590 1263 644 oetlterr'us

211 679 285 754 apud
296 673 447 737 Manilium,
458 675 482 736 l,
496 689 560 742 771,
575 683 669 740 utpote
680 671 726 740 qui
739 670 822 722 aerias
835 672 945 722 tentarit
958 669 1049 723 domos
1062 672 1206 742 animoque
1219 688 1262 721 ro·

211 759 324 814 tundum
337 754 503 828 percucurrit
516 751 623 824 polum,
640 749 847 821 aAEtheriusque
862 750 973 818 Platon,
987 753 1071 822 etqui
1084 750 1261 804 fabricaverat

212 839 301 901 illum;
311 861 323 884 ι
336 836 382 909 qni
388 833 566 907 fabricaverat
577 828 653 883 illam
666 843 705 882 est
719 830 853 893 Socrates,
867 847 898 881 ex
907 834 984 901 cujus
994 831 1070 902 quasi
1080 827 1189 902 officim
1200 847 1261 901 pro·

211 921 260 973 diit
272 918 345 971 Plato
357 939 363 966 :
377 913 448 967 unde
460 912 614 984 intelligitur
626 908 697 963 istud
708 911 740 960 D.
752 909 839 978 Pauli,
852 908 887 960 ad
896 910 994 982 Ephes.
1007 912 1045 979 ll,
1060 927 1106 975 ιο,
1116 909 1205 961 'Aurei’
1212 908 1259 977 72¹,

211 1000 278 1066 ispa
288 1002 425 1049 nofflnts.
438 993 497 1044 Pari
509 1009 587 1044 sensu
600 990 706 1043 Plautus
713 1001 834 1062 parentes
844 1003 923 1042 vocat
935 990 1072 1044 libes-onem
1078 991 1179 1062 fabros.

248 1159 290 1213 53.
312 1154 384 1208 Talis
399 1153 443 1205 ubi
458 1153 549 1205 oceani
556 1149 642 1225 finem
651 1191 660 1219 ,
677 1170 827 1224 mensasque
840 1153 927 1205 revisit
938 1152 1106 1226 Ethiopians,
1121 1165 1171 1206 etc.
1187 1152 1259 1206 Nihil

211 1238 332 1294 hocloco
343 1231 539 1288 sollicitandum
550 1246 633 1295 essct,
644 1232 696 1283 nisi
709 1249 807 1283 novom
818 1231 959 1285 lectionem
972 1231 1127 1304 praebuisset
1137 1234 1258 1285 Parmen-

211 1324 260 1388 sis,
272 1334 422 1388 mensasque
432 1310 539 1387 reliquit
546 1313 584 1364 AE
586 1313 705 1384 tlriopum
712 1334 723 1374 ‚·
734 1313 778 1364 cui
789 1313 859 1365 iavet
872 1312 1019 1366 simillimus
1031 1313 1107 1366 locus
1118 1312 1258 1366 Achilleid.

133 1391 139 1402 '
209 1403 237 1468 1,
250 1401 298 1465 52,
311 1396 344 1449 de
358 1399 500 1467 Neptuno,
519 1395 651 1447 «Oceano
669 1392 794 1445 veniebat
812 1392 846 1444 ab
865 1392 988 1467 bospite,
1004 1397 1101 1448 mensis
1115 1396 1217 1462 luctus,
1232 1409 1258 1448 et

210 1473 333 1554 aequoreo
342 1476 458 1530 diffusus
467 1489 573 1528 nectere
582 1472 680 1526 vultus.
691 1497 702 1520 n
716 1475 756 1526 De
768 1473 819 1526 hac
828 1475 909 1545 igitur
917 1473 1086 1545 cogitandum
1097 1494 1194 1529 censeo
1205 1499 1212 1528 :
1223 1476 1259 1529 le-

211 1563 313 1615 ctiones
323 1561 394 1612 enirn
403 1559 492 1630 prime
501 1555 624 1608 editionis
634 1573 689 1607 non
698 1567 797 1607 temere
806 1555 956 1625 objicienda
966 1570 1044 1622 sunt,
1055 1557 1106 1610 nisi
1117 1559 1257 1610 manifesto

209 1642 309 1694 vitione
321 1651 348 1692 ct
362 1635 497 1700 absurdae;
509 1649 539 1688 nt
552 1655 576 1686 v.
589 1633 637 1700 55,
652 1633 698 1686 ubi
712 1653 762 1706 pro
776 1635 839 1685 Dux
854 1633 947 1686 eedem
960 1634 1042 1688 babet
1054 1637 1126 1688 Dum
1138 1659 1147 1687 .·
1162 1637 1256 1690 eodem

209 1741 283 1777 versu
295 1741 345 1795 pro
356 1721 445 1772 Musas
456 1719 531 1772 Rom.
545 1717 645 1770 mensis.
666 1718 706 1768 De
723 1719 789 1768 Jove
806 1715 841 1768 sd
859 1715 982 1782 ἐμῦμονισ
995 1715 1134 1790 AEthiopas
1149 1719 1259 1791 proliri-

209 1817 299 1856 scente
311 1799 439 1854 videndus
455 1801 602 1863 Homerus,
619 1796 694 1849 llisd.
706 1816 740 1866 a,
752 1797 819 1866 423,
832 1810 858 1849 et
868 1797 1015 1863 Arnohius,
1027 1800 1077 1866 Vl,
1089 1818 1116 1870 p.
1133 1817 1197 1868 192,
1211 1799 1255 1853 ubi

209 1881 334 1936 consulas
345 1880 484 1934 Observot.
497 1877 693 1933 Elmenhorstii.

244 2041 286 2096 55.
305 2043 407 2095 Secreta
421 2041 539 2092 carmina
555 2051 617 2091 sunt
630 2042 748 2091 carmina
762 2037 955 2105 reconditiora,
967 2057 1022 2090 non
1035 2039 1184 2111 quotidiani
1195 2059 1257 2094 cun·

206 2135 267 2184 tus;
280 2134 310 2172 ut
325 2120 398 2173 vestis
412 2119 520 2191 seposita
537 2117 609 2188 apud
621 2116 765 2170 Tibullum.
781 2116 900 2185 Deinde,
914 2137 964 2190 pro
977 2115 1084 2172 laudare
1095 2120 1254 2196 triumphos,

205 2213 283 2272 potes
296 2198 384 2270 legere
398 2208 515 2264 cantare,
530 2209 560 2249 ut
571 2196 655 2249 Theb.
666 2198 717 2263 Vl,
730 2197 797 2267 3593
810 2199 950 2265 Horatius,
959 2197 1046 2251 Germ.
1056 2201 1095 2266 11,
1105 2218 1136 2269 9,
1150 2217 1190 2270 19.
1205 2201 1256 2256 Sed

207 2275 312 2329 laudare
323 2289 394 2329 recte
405 2274 486 2327 habet
499 2295 506 2324 ι
521 2273 590 2327 idem
605 2276 675 2325 enirn
689 2289 730 2326 est
742 2275 814 2349 quod
826 2294 884 2326 eum
898 2275 976 2328 laude
987 2288 1099 2330 eantare.
1114 2279 1154 2330 Cl.
1167 2279 1251 2332 Theb.

204 2359 280 2422 vlll,
294 2354 362 2423 2343
375 2355 436 2408 silv.
450 2357 498 2420 lV,
511 2372 541 2420 α,
556 2371 582 2417 13
595 2351 769 2425 Calpurnius,
779 2355 870 2427 Eclog.
880 2357 933 2424 Vl,
946 2357 996 2428 75:
1011 2356 1100 2410 Sidon.
1112 2359 1250 2432 Appollin.

205 2437 292 2490 Germ.
303 2440 351 2500 Ν,
364 2435 396 2488 de
405 2433 516 2505 Virgilio
526 2446 553 2485 et
561 2436 695 2504 Augusto,

389 2540 435 2590 Sed
444 2556 483 2588 rus
492 2555 628 2588 concessum
636 2539 692 2586 dnm
701 2539 765 2604 lerqo
774 2542 798 2588 in
807 2543 912 2605 principe
921 2541 1013 2598 laudet,

420 2609 507 2658 Celuur
515 2627 560 2674 pro
569 2612 636 2657 terris
644 2612 730 2658 rustica
740 2626 804 2660 muse
813 2611 886 2660 dedit.

237 2761 280 2815 62.
299 2761 373 2835 Soepe
383 2763 511 2816 coronaris
523 2763 595 2814 iteres
608 2762 793 2835 Quaquenaia
805 2763 905 2817 larris!
915 2764 1039 2837 lntelligit
1052 2769 1251 2840 quinquennale

202 2855 336 2895 certarnen
346 2843 497 2896 institutum
506 2844 567 2896 tovi
576 2843 743 2916 Capitolino,
753 2842 801 2896 ubi
809 2845 924 2910 musice,
934 2848 1063 2917 equestri,
1072 2866 1167 2914 cursu,
1177 2868 1250 2922 gym-

202 2926 269 2978 nicis
280 2924 349 2978 ludis
359 2925 523 2992 certabatur,
536 2938 563 2976 et
573 2925 663 2997 plures
676 2925 812 2996 aliquanto
822 2939 896 2978 erant
905 2929 1041 2994 coronati,
1051 2942 1081 2980 ut
1094 2929 1130 2983 ait
1139 2929 1247 2982 Sueten.

202 3019 282 3071 quem
294 3023 365 3060 nunc
378 3017 446 3058 sunt.
465 3005 563 3056 nourr.
