2784 4484
202 314 301 407 xxviij
578 311 864 375 Mtuttutuut

200 445 282 522 vulgo
300 442 399 518 legitur
417 443 503 494 dona:
524 447 548 490 et
563 434 618 490 tale
635 433 739 512 aliquid
756 435 887 492 accidisse
906 438 1030 513 suspicor
1044 443 1071 506 1,
1086 441 1119 508 3,
1135 461 1178 511 at,
1192 442 1240 498 ubi

199 541 269 592 Anio
281 534 381 590 fluvius
395 532 494 586 dicitur
505 532 608 583 Saxeus.
624 530 692 583 Hinc
706 530 789 582 etiam
800 531 875 583 venit
887 541 988 601 partem
999 549 1052 606 pro
1064 545 1185 598 noctem
1198 537 1242 591 ιῑ.

148 621 151 627 ’
200 639 280 689 bertas
292 650 343 710 pro
358 628 504 686 Nobilitas5
517 625 586 678 nulle
599 643 650 700 pro
666 625 743 679 laude
751 647 760 686 ,-
769 624 859 696 fatear
870 643 922 701 pro
932 628 1045 697 pariter;
1059 629 1178 685 Moribus
1189 649 1241 706 pro

198 728 334 786 Fascibue5
348 722 413 776 hinc
424 722 539 775 carmine
549 736 601 794 pro
613 719 739 778 numiam,-
753 735 857 770 cannen
871 735 922 794 pro
934 719 1027 774 limine
1034 744 1043 782 ;
1057 727 1176 777 carmina
1188 743 1241 799 pro

198 835 331 894 tempora3
347 818 463 872 camina
478 831 528 890 pro
544 831 652 864 munera
661 833 671 873 ,·
680 815 774 886 juqera
789 830 842 887 pro
857 833 984 877 atnam,-
999 817 1107 870 vulnera
1118 837 1170 894 pro
1182 839 1240 872 mu-

197 935 259 970 nera
266 937 275 976 ,·
284 915 384 988 funera
392 927 447 985 ¹pru
458 908 581 967 aulaeum·
594 906 701 959 vulnera
712 923 764 980 pro
776 925 910 959 mumura
918 928 927 968 ,·
933 907 1033 979 funera
1044 929 1096 985 pro
1102 912 1240 984 fulmina.-

194 1009 301 1082 putvere
315 1023 366 1080 pro
375 1003 502 1078 saluum
515 1014 618 1072 pectora
632 1019 684 1076 pro
699 999 818 1054 lumina:
834 1019 894 1076 quae
908 1005 1000 1058 omnia
1014 1003 1073 1060 loca
1086 1008 1194 1062 restitui
1207 1023 1240 1062 ex

196 1103 248 1157 hac
258 1100 410 1156 certissima
418 1093 527 1170 regula,
539 1093 615 1169 quod
625 1093 690 1147 hinc
702 1091 810 1148 stabant
822 1113 917 1150 seusus
927 1107 954 1151 et
964 1095 1097 1173 elegantia
1107 1111 1134 1154 et
1143 1102 1239 1156 usitata

197 1196 328 1260 mutatio,
344 1189 419 1246 illinc
435 1187 598 1265 plerumque
613 1187 777 1244 absurditas.
796 1191 906 1266 Quippe
921 1192 1075 1247 notandum
1088 1206 1129 1248 est
1144 1197 1172 1249 in
1187 1194 1239 1249 hac

195 1299 289 1365 parte,
303 1304 358 1340 non
372 1282 462 1338 solum
476 1279 550 1359 apud
563 1283 693 1350 Statium,
709 1282 758 1337 sed
772 1294 799 1337 et
813 1295 917 1340 eeteros
930 1304 1025 1341 omnes
1036 1291 1145 1356 Poetae,
1157 1307 1238 1344 voces

195 1400 303 1434 inunera
310 1420 318 1447 ,
327 1379 449 1444 vulnera,
461 1377 583 1443 nomina,
592 1376 700 1442 limina,
713 1375 814 1428 lumina
821 1379 951 1455 ,flamina
957 1381 1103 1457 ,flamiam
1109 1379 1243 1454 fulguraj

189 1474 328 1548 fulmina,
342 1475 459 1546 funera,
478 1469 607 1534 numina,
625 1487 760 1522 mumura
770 1509 778 1537 ,
798 1472 931 1536 camina,
952 1483 1065 1543 tempora
1074 1509 1083 1540 ,
1100 1477 1218 1546 gemina
1228 1517 1237 1542 ,

192 1571 314 1644 yramina
323 1607 332 1633 ,
350 1575 377 1618 et
391 1559 490 1618 similia
505 1558 646 1637 trisyllaba
662 1558 811 1636 dactylica,
828 1579 899 1638 saepe
914 1564 943 1617 in
956 1567 1025 1619 MSS.
1041 1562 1127 1620 Codd.
1142 1583 1194 1641 pro
1208 1583 1237 1620 se

193 1643 312 1718 invicem
325 1645 483 1715 substitui¹:
499 1675 550 1710 nec
561 1654 673 1724 dubito,
687 1657 755 1732 quin
769 1655 875 1710 AEneid.
887 1661 951 1726 ΧΠ,
967 1658 1036 1727 5ι8,
1050 1656 1098 1713 ubi
1110 1642 1184 1713 nuuc
1195 1656 1237 1713 le·

194 1765 282 1832 guar.
412 1825 568 1886 ....piacoaae
577 1823 614 1869 aui
624 1821 905 1869 circumflaminataemae

377 1909 420 1953 Ara
428 1907 518 1962 suerat,
526 1920 663 1968 pauperque
672 1903 766 1960 domum
778 1921 821 1952 uec
832 1917 885 1951 uota
895 1918 1017 1967 potentum

378 1987 489 2042 Munera,

193 2091 323 2168 Virgilius
333 2092 472 2167 scripserit
485 2091 589 2143 limina
598 2099 625 2152 ²;
636 2060 668 2144 ul
679 2090 753 2166 apud
765 2064 913 2146 Martialem
926 2091 1018 2164 Epigr.
1032 2091 1094 2156 xit,
1109 2092 1152 2158 18,
1165 2092 1197 2158 4:

441 2203 501 2248 Dum
510 2217 554 2263 per
563 2199 640 2246 liniue
651 2211 673 2248 te
682 2203 840 2263 potentiarum

440 2281 545 2328 Sudatrix
556 2293 610 2344 toga
618 2280 728 2341 ventilat,
739 2293 782 2328 ete.

121 2359 124 2366 ,
194 2397 220 2441 et
232 2383 426 2454 Claudianum,
438 2389 514 2455 XXI,
526 2386 561 2441 de
572 2388 656 2445 Laud.
670 2385 772 2444 Stilich.
786 2392 811 2455 1,
823 2389 874 2455 4²:

627 2532 632 2542 .
643 2533 648 2542 .
659 2532 664 2542 .
675 2496 756 2544 ‚nullia
765 2493 853 2542 harere
862 2505 985 2557 potentum

379 2559 522 2615 Liminihua;

192 2678 220 2721 et
232 2664 298 2720 alios
312 2668 370 2722 sine
381 2685 498 2722 numero
509 2666 583 2722 locos
598 2669 627 2722 in
642 2667 784 2742 utriusque
795 2667 902 2742 generis
917 2665 1111 2743 scriptoribus3
1123 2679 1150 2722 et
1161 2667 1237 2744 quod

191 2763 320 2837 proprius
332 2773 388 2832 est,
400 2765 508 2818 Servius
521 2761 630 2816 ridetur
643 2779 695 2838 pro
706 2763 782 2816 varia
797 2760 914 2816 lectione
923 2764 1063 2822 invenisse
1074 2768 1181 2826 munim·
1193 2767 1235 2818 in-

191 2865 235 2908 ter
249 2873 333 2931 quam
346 2873 442 2910 vocem
461 2867 488 2909 et
506 2855 619 2919 limina,
639 2852 761 2909 detracta
778 2853 857 2909 litera
876 2854 903 2924 l,
920 2865 1015 2931 utpote
1031 2857 1111 2911 initio
1124 2874 1235 2922 versus,

191 2967 292 3025 parum
304 2960 346 3005 est
358 2946 537 3014 differenti&
552 2967 639 3023 quum
651 2947 750 3004 ductus
762 2947 859 3005 calami
871 2948 930 3005 fere
942 2949 1025 3004 iidem
1037 2952 1131 3004 sintin
1143 2955 1236 3004 munia

191 3053 219 3096 et
235 3044 333 3096 imina:
350 3054 376 3096 et
391 3041 440 3098 has
455 3059 535 3097 voees
550 3061 659 3095 munera
673 3055 702 3098 et
717 3043 811 3096 limina
824 3042 889 3097 alibi
903 3054 1084 3098 commutatas
1098 3059 1168 3118 saepe
1182 3043 1235 3098 ob·

191 3136 396 3193 servavieuam
412 3139 520 3211 Georg«
531 3139 576 3204 tv,
597 3137 666 3205 ⁵20,
685 3154 736 3212 pm
753 3155 859 3189 manera
874 3133 1021 3208 legendum
1035 3151 1094 3188 esse
1111 3138 1233 3206 nomine,

191 3237 266 3282 extra
278 3244 391 3281 omnem
402 3231 617 3284 controversiam
629 3231 749 3304 positum
761 3237 843 3302 puto,
856 3237 919 3302 post
930 3244 962 3280 ea
973 3243 1034 3300 quae
1047 3224 1104 3281 dixi
1115 3225 1150 3280 ad
1161 3226 1233 3302 sylv.

189 3325 239 3390 til,
252 3323 282 3390 3,
296 3323 339 3393 87.
352 3322 395 3378 Sic
405 3325 499 3378 limina
509 3335 536 3378 et
548 3325 643 3377 maenia
654 3331 859 3376 commutantur
869 3321 897 3373 in
908 3323 979 3376 MSS.
992 3318 1066 3395 apud
1077 3319 1158 3376 ovid.
1168 3325 1233 3375 Met.

189 3417 241 3483 vt,
253 3414 323 3484 600,
336 3427 364 3472 et
375 3421 446 3485 XIV,
458 3417 525 3488 456,
539 3415 641 3468 lumina
653 3425 680 3468 et
693 3428 822 3487 tempora,
835 3409 911 3465 lbide
924 3414 973 3480 32,
984 3425 1085 3486 pectore
1095 3423 1122 3466 et
1135 3413 1235 3466 lumine

223 3653 228 3673 ¹
247 3665 257 3685 ι
267 3645 302 3692 De
315 3643 359 3691 hac
372 3661 398 3691 re
412 3644 464 3690 ride
474 3645 560 3703 Georg.
575 3641 637 3687 Frid.
653 3640 762 3704 stephan.
773 3641 871 3689 Stieberi
880 3640 1034 3702 Caujectanea
1045 3653 1068 3688 et
1077 3643 1200 3706 opiniones
1209 3645 1233 3690 in

188 3723 299 3771 nonnulla
309 3729 333 3772 P.
345 3725 433 3780 Ovidii,
444 3735 487 3769 ete.
498 3720 557 3769 loca.
573 3721 664 3784 Erlang.
680 3719 750 3784 1286,
760 3737 784 3785 p.
795 3721 818 3767 6.
831 3742 841 3762 ι
859 3723 935 3768 lltrru.

221 3829 230 3852 ²
247 3825 309 3868 Hanc
323 3821 447 3866 lectionem
460 3821 561 3883 lleyniua
575 3821 599 3865 in
613 3831 746 3866 contextum
760 3819 923 3883 recepi15vide
938 3831 1022 3868 uottra
1036 3820 1096 3868 Edit.
1113 3833 1168 3869 tom.
1184 3823 1230 3875 tv,

190 3921 243 3967 pag.
255 3903 308 3960 346.
326 3903 369 3966 up.
