2784 4484
160 323 259 416 xxxvj
431 373 435 378 .
538 323 826 386 Manlianum

161 464 249 508 toturn
263 469 332 527 opus
349 466 455 526 sparsas
470 447 585 504 videbis.
604 448 684 504 Liber
700 460 740 504 est
758 451 787 503 in
804 445 881 503 Folio
897 449 1147 523 (quemadmodum
1161 450 1202 507 1ο-

161 544 314 622 quuntur),
327 543 484 598 charactere
495 541 676 611 nitidissimo,
690 553 717 597 et
728 545 836 618 opinor,
849 542 884 596 ad
896 544 1059 618 scripturam
1070 545 1203 600 Codicum

74 645 83 668 '
160 637 233 693 unde
247 637 386 692 desumtrrs
401 649 456 706 est,
469 635 621 692 accedente.
634 639 725 711 Magni
739 655 803 692 eurn
817 635 883 692 fecit
896 639 1037 692 Heinsius:
1052 641 1156 715 passim
1167 642 1205 694 ci-

160 745 215 802 tat,
227 746 255 787 ct
269 751 301 786 ex
317 731 366 787 illo
382 733 458 788 Statii
470 729 529 787 loca
542 729 676 786 emendat.
691 731 759 786 Mihi
771 731 825 787 hoc
836 734 972 808 precipue
986 735 1098 788 nomine
1112 746 1206 810 gratus

160 827 231 892 fuit,
244 825 321 902 quod
334 824 405 880 nulli
423 837 502 880 antea
518 823 678 895 Editorum,
692 815 827 900 quantum
841 827 923 895 nori,
935 824 1009 880 hunc
1022 826 1125 882 vidisse
1139 844 1205 882 con·

160 919 276 993 tigerat:
296 930 324 973 et
340 921 427 992 magis
443 919 584 991 magisque
599 925 709 990 gratus,
728 927 875 992 postquam
889 920 1064 992 Conjecturas
1081 937 1156 974 meas
1171 919 1206 976 ab

160 1009 207 1066 illo
219 1009 392 1067 confirmatas
406 1011 616 1084 comperissem
631 1026 714 1084 quam
725 1007 893 1086 voluptatem
905 1007 999 1065 multis
1012 1012 1040 1065 in
1054 1010 1122 1066 loeis
1134 1013 1204 1088 cepi.

160 1104 203 1160 Ad
215 1104 299 1161 finem
312 1105 394 1179 hujus
408 1102 540 1157 Editionis
555 1099 656 1176 legitur
667 1101 725 1157 hac
739 1101 867 1158 notabilis
879 1103 1049 1180 Epigraphe:
1067 1128 1078 1152 ι
1090 1109 1116 1158 Ρ.
1129 1108 1208 1180 Papi·

160 1201 200 1253 nii
209 1201 285 1254 Statii
295 1196 364 1252 liber
373 1201 437 1271 qnt⁹
449 1192 573 1271 explicit:
587 1195 660 1271 qua'r'q
670 1213 726 1249 non
737 1194 828 1250 desint
836 1197 886 1270 qui
895 1194 982 1250 velint
991 1193 1134 1272 epistolam
1146 1213 1207 1272 quae

160 1291 292 1346 scribitur
300 1289 464 1344 Abascantio
476 1287 602 1344 Priscilla
612 1292 710 1344 Marito
722 1307 777 1345 nou
790 1307 849 1344 esse
861 1290 1029 1364 principium
1042 1291 1146 1366 quinti,
1157 1288 1205 1345 sed

159 1385 346 1460 interpositam
356 1384 383 1437 in
393 1395 504 1458 quarto;
518 1394 545 1438 ct
556 1381 637 1438 silvas
649 1382 740 1438 solum
752 1385 778 1436 in
790 1381 874 1437 libros
885 1395 1005 1459 quatuor
1016 1401 1076 1438 esse
1087 1383 1204 1438 divisas:

159 1475 235 1551 quod
249 1475 362 1551 quidem
374 1486 499 1530 constare
512 1474 623 1530 videtur
637 1495 668 1533 ex
684 1475 727 1530 his
743 1473 836 1529 verbis
850 1487 951 1551 poetae:
970 1479 1061 1546 Quare
1078 1474 1158 1552 plura
1177 1478 1204 1530 in

159 1571 263 1639 Quarto
281 1566 417 1624 Silvarum
430 1587 514 1644 quarn
533 1571 563 1623 in
580 1567 729 1644 prioribus.
748 1572 906 1623 Correcturn
924 1589 951 1644 p.
971 1567 999 1622 d.
1020 1569 1141 1644 (opinor,
1157 1587 1207 1639 per

159 1663 309 1734 dominum)
321 1663 495 1717 Franciscum
508 1659 702 1716 Puteolanum:
715 1673 744 1716 et
754 1679 836 1731 vere,
847 1659 920 1716 ultra
933 1663 1140 1740 impressionem
1152 1665 1205 1715 Ve-

159 1759 240 1812 netiis
250 1757 365 1826 factam,
377 1759 405 1810 in
416 1762 450 1811 111
460 1755 582 1811 millibus
592 1754 659 1810 locis
669 1755 853 1824 emendatum,
865 1759 906 1814 SS.
918 1754 1057 1810 Catullum
1066 1767 1093 1810 et
1103 1753 1203 1812 Silvass

159 1862 191 1904 ut
202 1861 232 1904 tu
244 1853 341 1904 Lector
348 1847 483 1906 ambobus
493 1845 695 1924 exemplaribus
708 1849 826 1923 experiri
836 1849 955 1925 poteris:
968 1850 1060 1924 itaque
1072 1845 1149 1902 nullo
1161 1866 1190 1902 m

159 1939 274 2017 intelligi
285 1942 388 2017 possit:
403 1953 429 1994 et
443 1952 540 1994 cetera.
555 1945 721 2016 Impressum
738 1945 838 1994 Parmae
852 1959 902 2016 per
914 1959 959 1994 me
973 1941 1141 2016 Stephanum
1156 1943 1207 1995 Go-

159 2033 266 2091 rallum.
281 2040 361 2089 Anno
376 2033 479 2090 Christi
493 2053 659 2088 uoooonxxur
673 2033 795 2090 seeundo
808 2031 863 2090 Cal.
879 2031 1077 2108 Septembris.»
1094 2032 1205 2086 Franci-

159 2147 222 2184 scus
233 2127 279 2182 hic
291 2125 453 2183 Puteolanus
467 2128 514 2198 (ut
529 2125 582 2181 hoc
594 2126 684 2182 obiter
697 2125 812 2196 addam)
824 2138 975 2201 preceptor
987 2123 1043 2178 fuit
1055 2125 1107 2178 viri
1120 2125 1205 2198 magis

158 2224 235 2292 noti,
250 2219 366 2298 Philippi
381 2217 520 2289 Beroaldi,
535 2232 617 2296 prout
632 2219 709 2276 disco
725 2240 758 2275 ex
771 2221 898 2274 Gerartio
913 2220 1004 2294 Papira.
1023 2221 1093 2272 lect.
1112 2221 1163 2284 lli,
1178 2219 1204 2272 6.

159 2314 251 2382 Idem,
268 2315 376 2388 opinor,
392 2324 433 2368 est
447 2310 627 2384 Puteolanus,
644 2317 721 2389 cujus
738 2313 865 2366 meminit
878 2307 1045 2379 Fuluianus,
1061 2305 1203 2385 Epistolar.

159 2412 198 2476 11,
220 2411 260 2478 14.
278 2407 347 2460 Hinc
362 2423 429 2460 vero
446 2416 535 2481 patet,
551 2407 734 2481 antiquiorem
753 2403 805 2458 bac
822 2403 959 2460 Parmensi
975 2401 1058 2456 fuisse
1074 2407 1206 2455 Venetam

159 2499 254 2569 aliam,
267 2519 349 2575 quarn
362 2497 433 2554 forte
444 2501 534 2554 innuit
546 2500 690 2554 Gevartius
704 2499 796 2572 Papin.
809 2500 880 2552 Lect.
893 2501 918 2566 1,
935 2499 982 2564 13,
996 2495 1044 2550 ubi
1056 2495 1121 2550 citat
1133 2495 1205 2548 Prin·

159 2595 248 2668 cipem
261 2591 331 2647 Edit.
343 2597 475 2646 Venetam
489 2591 524 2646 ad
539 2589 753 2648 confirmandam
767 2591 925 2644 Lectimem
940 2591 1101 2664 npmbopro
1116 2589 1204 2660 thym-

160 2688 204 2738 bra
211 2707 220 2746 ,·
230 2703 315 2760 quum
326 2695 417 2740 tamon
428 2687 546 2757 thymbra
556 2687 592 2740 sit
601 2687 628 2738 in
639 2688 741 2736 Veneta
750 2682 824 2737 Anni
832 2700 962 2750 xmooxo,
974 2693 1005 2737 ut
1014 2693 1092 2735 notat
1100 2683 1205 2735 Grono-

159 2777 220 2831 vius
233 2775 336 2832 Praefat.
349 2777 485 2834 Diatribes
495 2801 501 2830 1
513 2789 540 2831 et
551 2775 667 2853 proinde
679 2793 791 2830 necesse
805 2775 839 2831 sit
851 2775 933 2830 aliarn
946 2793 1005 2830 esse
1016 2779 1148 2828 Venetam
1161 2770 1206 2827 illa

128 2855 135 2873 ⁸
159 2871 346 2925 vetustiorem.
361 2875 448 2926 immo
464 2871 548 2926 trium
562 2875 729 2924 Venetarum
744 2871 930 2946 antiquiorum
948 2870 1115 2924 mentionem
1129 2869 1206 2921 inve-

159 2964 222 3026 nio;
237 2966 320 3019 unius
332 2983 449 3039 nempe,
466 2981 508 3018 an.
528 2966 614 3032 1483,
628 2961 702 3038 apud
718 2960 757 3018 Gl.
771 2961 927 3019 Fabricium
940 2961 1106 3018 Bibliotheca
1118 2959 1205 3012 Latin.

160 3053 206 3112 lib.
220 3061 259 3124 tt,
272 3076 331 3132 cap.
349 3059 397 3126 16,
409 3068 436 3112 et
446 3055 633 3134 Supplemeut.
646 3075 674 3131 p.
689 3077 751 3129 7¹²·
764 3056 899 3125 Alterius,
911 3074 953 3109 an.
972 3053 1040 3124 1475
1054 3050 1128 3127 apud
1139 3053 1206 3104 Gro·

160 3154 274 3206 nuvium
286 3149 371 3225 Reliq.
385 3149 420 3206 ad
431 3152 506 3206 Statii
521 3149 624 3226 sylvas.
637 3151 750 3218 Tertiae,
762 3151 900 3202 Parmensi
912 3147 1086 3213 vetustioris,
1101 3145 1128 3198 iu
1140 3147 1205 3218 Epi·

161 3243 263 3320 graphe
282 3241 365 3296 modo
383 3241 508 3296 adducta.
524 3245 618 3297 Erravi
638 3243 721 3315 igitur
739 3239 876 3315 siquando
887 3246 1068 3320 Parmensem
1082 3239 1206 3292 omnium

161 3336 377 3410 antiquissimam
389 3334 513 3388 dixerim.
524 3339 618 3404 Quum
628 3333 662 3387 de
672 3334 722 3388 hac
734 3338 835 3387 Veneta
845 3331 970 3388 Editione
979 3349 1143 3407 quaererem,
1156 3329 1205 3382 ad-

161 3429 281 3484 monitus
296 3445 370 3480 eram
382 3423 457 3481 illam
471 3427 573 3481 servari
585 3427 612 3479 in
625 3423 792 3480 Bibliotheca
806 3421 953 3479 Celsissimi
967 3425 1050 3478 Ducis
1062 3423 1206 3488 Devon'rae,

161 3521 264 3595 egregii
276 3520 428 3573 Literarum
445 3516 573 3572 fautoris:
591 3536 677 3593 aquo
693 3518 863 3587 (interventu
878 3513 1048 3572 Nobilissimi
1062 3513 1205 3590 cujusdam

161 3611 264 3682 Amici)
279 3609 438 3664 thesaurum
454 3609 528 3664 hunc
542 3609 703 3685 impetravi:
722 3626 840 3683 quorum
855 3607 924 3664 adeo
938 3608 1103 3662 humanitati
1118 3618 1145 3661 et
1160 3626 1206 3662 co·

161 3701 248 3756 mitati
258 3703 362 3755 utinam
374 3719 453 3776 pares
466 3703 565 3777 gratias
577 3699 681 3756 referre
692 3718 810 3775 possem.
824 3704 856 3755 Et
863 3705 919 3776 jarn
933 3699 1027 3768 video,
1040 3703 1207 3776 omniaque

162 3795 196 3850 de
209 3797 364 3869 prestantia
378 3794 449 3848 Edit.
462 3801 548 3850 Parm.
562 3792 788 3870 predicaveram,
802 3794 837 3848 ad
848 3794 919 3850 hanc
933 3795 1035 3871 potiori
1046 3797 1108 3870 jrrre
1119 3805 1206 3849 trans·

162 3886 275 3944 ferenda
288 3904 361 3942 esse:
381 3889 485 3963 quippe
496 3888 649 3942 Parmensis
666 3905 698 3941 ex
715 3886 765 3942 hac
782 3885 864 3962 plane
883 3906 1009 3964 expressa
1026 3887 1112 3943 fuisse
1128 3884 1205 3939 vide-
