2776 4484
402 293 533 356 LIBRI
558 292 701 355 Pttlttt
726 293 978 360 SILVARUM.
1168 302 1205 365 61

166 421 202 473 ad
212 434 288 472 notas
300 418 421 472 satureiae
433 418 540 468 virtutes
552 417 579 467 in
591 435 618 468 re
630 417 748 468 Veneres
761 416 908 487 adjuvanda
921 417 972 488 (de
983 420 1079 490 quibus
1090 427 1211 496 nequitiis

167 504 288 572 magister
297 497 408 552 Ovidius
420 509 444 548 et
456 496 500 550 atii
509 509 611 547 veteres
619 495 749 566 passim),
765 511 791 548 ct
802 496 862 548 ideo
872 517 988 570 sparsam
997 519 1054 554 esse
1063 501 1210 576 thymbram

167 601 215 633 scu
226 581 376 634 satureiam.
390 576 442 630 Sed
452 575 515 648 quid
525 578 628 647 nugor?
638 578 745 628 omnino
754 595 846 628 verum
854 591 919 649 puto
929 578 1010 632 olenti
1019 582 1105 634 nimbo
1110 606 1120 646 ;
1133 603 1211 655 quem

168 662 332 732 interpretari
346 671 426 732 potes
442 656 485 708 vel
502 654 534 708 tle
551 655 675 722 floribus,
687 655 729 707 vel
744 656 776 708 dc
788 656 891 727 liquore
905 658 1009 730 aliquo,
1026 680 1103 732 quem
1119 683 1211 717 secum

167 737 335 792 adducebant
349 741 434 789 Amor
449 749 475 788 et
488 736 599 798 Gratim
615 735 699 808 qualis
715 748 755 788 cst
768 735 870 789 Idalias
884 755 972 790 succus
985 743 1013 805 1,
1030 741 1063 807 3,
1081 755 1106 795 ot
1121 745 1211 797 arcam·

168 816 290 891 liquores,
301 820 352 883 tu,
365 823 397 880 4;
411 815 471 867 virle
483 815 619 869 Claudian.
633 816 666 867 de
677 816 760 887 Nupt.
775 817 877 868 Honor.
891 831 916 868 et
928 819 992 870 Mar.
1006 839 1029 870 v.
1046 837 1090 872 tot
1106 836 1132 874 ct
1145 841 1210 895 209,

167 912 193 950 et
211 897 367 969 Epithalam.
390 893 497 948 Palladii
516 909 542 946 et
560 895 700 962 Celerina,
719 913 743 946 v.
768 896 833 948 116:
854 896 1017 969 «largosque
1032 919 1149 954 rosarum
1161 906 1210 956 im-

169 1001 180 1024 ·
193 978 270 1044 bns,
281 989 331 1029 etc.
344 1000 355 1024 ι
367 1015 375 1042 ,
388 973 434 1028 ubi
445 975 517 1027 hunc
529 973 618 1027 locum
630 974 700 1026 clarc
714 976 838 1027 imitatur.

203 1147 245 1182 aa.
263 1131 304 1182 Tu
318 1129 395 1181 modo
401 1129 494 1208 fronte
505 1147 580 1181 rosas.
598 1129 647 1178 Pro
658 1127 750 1199 fronte
761 1129 910 1181 Gronovius
926 1131 1009 1183 Diatr.
1025 1151 1083 1206 cap.
1096 1152 1129 1203 9,
1139 1134 1208 1206 lege.

167 1209 331 1280 batfronde:
346 1221 376 1259 nt
388 1209 472 1274 enim,
484 1209 586 1278 inquit,
599 1205 656 1258 titia
668 1208 750 1259 mixta
762 1208 851 1275 violis,
864 1211 900 1260 ita
912 1211 1085 1282 rosoefrondc.
1098 1213 1205 1268 Elench.

166 1288 304 1341 Antidiatr.
324 1303 428 1354 maren,
447 1307 506 1360 cap.
530 1305 561 1354 a,
580 1289 675 1340 retinet
688 1288 795 1358 fronte,
815 1291 877 1359 quia
895 1304 975 1363 caput
996 1295 1162 1363 potissimum
1180 1299 1206 1350 in

167 1367 318 1439 hujusmodi
332 1367 473 1422 drlotoalon
485 1368 592 1438 petitur.
609 1369 641 1418 Et
656 1366 709 1419 hoc
721 1369 811 1439 potius
823 1368 941 1438 videtur,
953 1373 974 1424 si
984 1371 1059 1426 locus
1073 1393 1151 1428 sanus
1163 1379 1205 1430 sit.
1297 1389 1299 1397 '

201 1517 241 1569 23.
253 1519 376 1571 Domine
387 1519 468 1570 niveis
480 1540 497 1570 a
509 1517 624 1571 nutritus
635 1518 722 1570 obstas.
736 1519 785 1568 Pro
798 1518 878 1572 niveis
888 1539 905 1569 a
915 1520 1024 1574 vultibus
1034 1523 1104 1575 forte
1115 1524 1206 1595 legen-

166 1596 225 1648 dnm
245 1599 351 1664 nitidis,
374 1600 498 1671 quoniam
518 1600 651 1671 precessit
670 1600 756 1678 nr'veos
773 1609 851 1650 omns.
864 1597 961 1652 Contra
975 1599 1047 1672 apud
1066 1603 1207 1672 Senecam,

165 1679 269 1750 llippol.
281 1682 341 1730 Act.
357 1679 395 1744 ll,
410 1698 433 1730 v.
447 1679 516 1747 375:

642 1749 694 1794 Non
703 1747 765 1794 idem
773 1748 851 1808 vigor,

348 1821 402 1867 Non
411 1836 452 1866 ora
461 1821 551 1882 tingens
561 1818 631 1866 nitida
641 1834 773 1882 purpureus
782 1819 867 1865 rubor:

347 1891 475 1956 Populatur
483 1903 546 1940 artus
555 1909 611 1939 cura
619 1908 625 1938 ι
632 1893 681 1952 jam
690 1907 782 1954 gressus
791 1901 905 1948 tremunt;

346 1967 471 2028 Tenerque
481 1965 546 2012 nitidi
555 1966 660 2028 corporis
669 1963 752 2012 cecidit
761 1962 831 2010 decor
840 1980 846 2008 ε

165 2041 300 2113 legendnm
312 2059 379 2116 pato
385 2083 395 2110 ‚

346 2135 399 2180 Non
409 2150 449 2181 ora
459 2136 549 2196 tingens
559 2135 626 2182 nivea
634 2149 765 2196 purpureus
774 2131 854 2179 rubor.

166 2213 250 2266 Voces
266 2216 333 2266 enim
349 2213 435 2266 nitida
451 2227 476 2266 et
495 2213 572 2266 nitidi
587 2215 629 2266 rix
644 2226 684 2265 est
700 2226 776 2264 uteo
795 2211 875 2264 modo
892 2211 1034 2265 collocaret
1048 2217 1163 2283 Seneca,
1178 2232 1204 2270 ct

167 2295 294 2365 oppositio
309 2295 427 2364 postulat
444 2295 535 2345 nivea:
552 2311 724 2365 :purpureus
739 2291 821 2344 rubor
832 2294 935 2363 tingens
944 2295 1022 2352 *nivea
1034 2313 1095 2361 ora,
1108 2295 1202 2349 lntlnm

169 2377 331 2444 ·sangninco
346 2375 428 2427 veluti
440 2375 574 2427 violaverit
588 2387 660 2426 ostro
677 2377 698 2426 si
715 2375 773 2447 quis
786 2373 852 2425 ebur
864 2394 895 2423 n:
912 2373 993 2425 verba
1009 2388 1071 2427 sunt
1086 2371 1202 2430 Maronis

165 2453 218 2505 AEn.
231 2454 293 2520 ΧΠ,
309 2456 354 2525 67.
370 2483 407 2495 -
425 2455 478 2522 Qui
495 2453 663 2525 amplectitur
678 2470 804 2515 uxorem,
821 2469 881 2502 eum
895 2454 971 2503 uxori
984 2453 1094 2522 obstare,
1110 2474 1157 2508 scu
1171 2475 1203 2508 ex

165 2531 373 2600 adversamve,
393 2553 441 2609 per
462 2552 489 2586 se
507 2545 589 2605 patet.
610 2532 660 2585 Sed
680 2552 770 2586 sensus
788 2552 845 2585 csse
864 2532 983 2585 videtur:
997 2534 1065 2586 Dum
1083 2537 1165 2588 Amor
1176 2549 1202 2588 ct

165 2611 251 2665 Gratia
261 2633 309 2667 vos
321 2615 398 2667 ambo
413 2627 537 2686 proterva
550 2612 692 2680 φνλλοξολίᾳ
704 2613 841 2666 cumulant
848 2651 856 2678 ,
869 2613 948 2666 Stella
960 2611 1073 2666 obstate
1087 2616 1202 2672 vultibus

168 2690 294 2759 dominre,
309 2707 334 2746 et
345 2709 449 2748 coercet
465 2696 533 2746 ictus
548 2712 668 2746 rosarum
682 2693 863 2764 violarumqne
876 2711 891 2744 s
905 2691 979 2743 vultu
995 2695 1098 2758 uxoris,
1115 2710 1141 2748 et
1152 2696 1202 2750 hos

171 2769 237 2822 ictus
247 2774 304 2842 ipse
315 2775 406 2846 excipit
420 2793 467 2826 sua
479 2775 575 2826 fronte.
589 2771 681 2845 Capite
693 2791 741 2825 suo
754 2773 828 2844 quasi
842 2770 947 2843 tegebat
959 2790 1060 2842 sponsa
1071 2773 1202 2845 frontem,

171 2849 206 2900 ita
218 2863 247 2901 nt
257 2851 284 2901 in
296 2868 324 2902 sc
334 2853 454 2906 caderent
464 2873 538 2908 rose.
551 2853 628 2905 Lttnz.
643 2881 677 2892 -
689 2849 843 2904 Calderinus
855 2850 1029 2922 explicaverat
1039 2854 1092 2904 ita:
1109 2865 1137 2904 tu
1149 2873 1202 2906 am·
1267 2911 1271 2920 ,

165 2927 258 2999 plenus
269 2931 442 2986 Violentillam
455 2933 547 3005 objicis
559 2947 585 2985 te
596 2935 663 2985 rosis
677 2943 703 2984 ct
715 2929 840 2996 floribus,
853 2933 898 3001 qni
907 2931 1057 2998 jaciuntur,
1068 2949 1102 2982 ne
1112 2934 1202 2986 niveos

166 3006 276 3063 dominre
290 3011 375 3066 vultus
387 3012 535 3066 offendant.
548 3015 630 3065 Hanc.

197 3153 238 3206 25.
258 3155 391 3228 Professus
393 3195 454 3208 .....
474 3157 579 3228 hymen.
598 3153 760 3208 Forccllinns
777 3152 910 3223 explicat:
928 3153 1095 3218 manifestus,
1111 3169 1199 3210 notus.

161 3229 243 3284 lmrno
262 3253 325 3286 vero
339 3249 380 3288 cat
396 3253 451 3288 non
468 3233 664 3301 clandestinus,
683 3231 730 3286 sed
747 3231 895 3303 legitimus,
914 3246 943 3284 ut
961 3232 1056 3285 dicitur
1073 3235 1201 3307 confessus

161 3329 240 3364 amor.
255 3315 336 3365 Hirr.
758 3335 762 3343 ¹

195 3457 235 3508 26.
256 3455 422 3510 clamoremr
433 3458 537 3528 hymen.
551 3461 590 3511 lta
604 3459 708 3528 scripsi,
724 3474 779 3508 non
792 3456 905 3526 Hymen.
919 3457 1008 3528 Ipsum
1021 3457 1090 3508 enim
1102 3457 1200 3510 intelli·

161 3535 226 3602 gitur
240 3555 363 3603 carmen,
377 3555 434 3590 non
446 3537 524 3602 deus,
540 3551 570 3589 ut
580 3536 659 3590 ond.
671 3533 795 3588 Heroidd.
811 3537 872 3601 ΧΠ,
889 3534 947 3604 137,
962 3535 1014 3586 vol.
1026 3536 1054 3601 1,
1074 3553 1134 3606 pap.
1148 3535 1198 3589 225
1291 3529 1293 3536 ⁴

161 3628 252 3667 nostrae
261 3614 326 3667 erlit.
338 3615 438 3686 hymen
447 3627 572 3670 cantatur.
593 3619 639 3669 En.

193 3773 233 3827 ²7·
255 3759 357 3810 &ssent
372 3758 507 3812 mendaces
520 3757 620 3831 obliqui
635 3757 844 3810 commisertus.
859 3757 965 3827 Optime
979 3753 1041 3806 huic
1059 3753 1120 3806 loco
1134 3773 1198 3808 con-

156 3851 259 3901 grueret
271 3838 405 3890 mordaces
416 3857 465 3909 pro
476 3840 621 3906 mendaces,
631 3839 682 3890 nisi
693 3835 766 3909 quod
776 3854 853 3889 versu
863 3838 983 3908 proximo
995 3834 1199 3905 seqnitnrjrcna

159 3917 310 3979 momordic·
319 3916 397 3990 quod
406 3930 494 3970 tamen
505 3921 571 3970 tanti
585 3932 708 3984 nonest,
722 3931 752 3970 ut
765 3919 913 3989 rejiciamus
925 3914 1061 3967 mordaces.
1076 3916 1115 3965 lta
1129 3913 1198 3963 onim

157 3993 286 4050 interdum
300 3997 412 4064 accidit,
428 4000 570 4068 prasertim
582 3999 609 4050 in
621 3998 661 4050 his
673 3999 748 4070 qnasi
760 3998 967 4070 extemporaneis
981 3993 1079 4062 ingenii
1090 3993 1197 4063 pericu-
