2858 4492
180 355 1024 382 UWWWMWUWQWMQMWWWRWBW!
1028 363 1218 386 mmmm

593 542 808 645 NOTAE

213 795 265 868 ΙΝ
288 789 511 868 ΟΑΒΜΕΝ
533 791 760 867 SEXTUM
780 793 929 869 LIBRI
951 795 1189 872 SECUNDl

579 1000 829 1064 SlLthRUM.

182 1305 259 1357 Vns.
279 1304 304 1356 3.
325 1267 539 1364 suscitemur
557 1301 679 1372 (nefusl)
697 1304 834 1356 accendere
847 1316 928 1384 notos..
943 1306 981 1357 lte
996 1306 1224 1378 distinguendum:

180 1383 260 1456 vulgo
273 1385 403 1435 omittitur
416 1379 594 1453 parenthesis,
609 1383 685 1451 qussi
697 1383 860 1434 constructio
872 1398 954 1445 esset,
972 1408 984 1431 ι
994 1387 1069 1440 neies
1083 1401 1123 1440 est
1136 1406 1228 1440 eccen-

182 1462 244 1516 dere
258 1475 395 1532 surgentes
409 1474 499 1524 netos;
511 1485 522 1506 r
539 1461 640 1512 vitiose.
655 1459 740 1512 Theb.
755 1461 803 1527 Vl,
817 1461 851 1512 sd
865 1459 959 1514 finem:
975 1485 987 1508 ι
996 1465 1226 1538 Monstrctumque

180 1539 301 1612 (nelesl)
313 1542 360 1593 uni
372 1539 512 1592 remeabile
524 1539 636 1602 hellum;
648 1565 659 1588 ι
673 1541 735 1606 Xll,
748 1541 797 1594 83:
813 1543 931 1614 rMeque
944 1561 1033 1613 snper,
1044 1547 1088 1597 cni
1098 1547 1152 1597 sits
1163 1545 1226 1616 (ne-

182 1623 265 1696 issl),
284 1623 327 1674 cui
346 1622 473 1692 sangnine
491 1621 547 1672 nsti
560 1623 652 1672 Partus
671 1619 793 1683 honos;·
810 1623 848 1674 ita
866 1624 965 1693 optime
984 1623 1068 1676 codex
1086 1628 1227 1688 petrensis,

181 1703 274 1774 vulgo,
286 1713 311 1752 et
323 1701 461 1771 sanguine.
471 1699 563 1770 virgil.
576 1699 679 1753 AEneid.
688 1700 762 1768 Vlll,
774 1700 842 1754 685:

367 1809 426 1854 ilinc
435 1823 480 1871 ope
489 1808 623 1864 barbaries,
633 1809 747 1871 vsriisque
757 1803 873 1856 Adtonius
881 1811 963 1866 ermis,

367 1883 456 1927 Ductor
465 1879 495 1925 eh
504 1881 599 1926 Aurora·
608 1879 703 1943 populis
713 1893 736 1926 et
744 1879 813 1927 litore
822 1880 894 1927 rubro
903 1915 910 1936 ,

369 1951 502 2014 Raptum,
513 1951 622 2014 viresqtte
631 1951 745 2006 Orientis,
756 1961 780 1997 et
788 1949 868 1998 nltims
877 1965 956 1997 secum

368 2023 448 2070 Bsctrs
457 2021 536 2080 vehit;
546 2022 697 2086 sequiturque
708 2021 812 2081 (nesam)
824 2024 926 2086 Egyptis
935 2024 1035 2086 conjnx:

180 2121 216 2171 its
229 2116 389 2190 legendum
403 2116 481 2188 vulgo
496 2117 627 2170 Vicerat
638 2117 746 2171 Aurorae
755 2117 874 2190 populis:
891 2117 964 2190 quod
976 2119 1065 2173 multis
1077 2121 1230 2176 nominibus

181 2199 223 2248 isti
235 2196 296 2250 loco
309 2214 365 2247 non
379 2197 523 2247 convenire
535 2195 612 2247 lecile
624 2209 693 2248 esset
704 2195 828 2269 probare.
843 2197 943 2248 Ducem
954 2213 1033 2250 vocnt
1046 2201 1136 2252 Horat.
1149 2201 1227 2274 epod.

181 2279 231 2344 tx,
242 2278 269 2328 in
281 2275 374 2328 eedem
389 2273 580 2347 descriptione:
596 2288 623 2327 et
634 2275 709 2328 ovid.
723 2277 786 2328 Met.
799 2277 857 2342 XV,
872 2276 939 2330 826:
955 2281 1142 2353 eRomanique
1155 2279 1230 2334 ducis

181 2357 278 2428 coniux
293 2356 428 2428 climatis,
442 2354 513 2407 ttedte
527 2357 589 2407 Non
600 2355 669 2407 bene
681 2356 741 2421 fisa,
756 2355 834 2408 cedet
839 2377 869 2418 μ
883 2357 930 2409 nbi
944 2356 1015 2412 hunc
1029 2361 1129 2432 Virgilii
1139 2359 1228 2412 locum

181 2440 208 2488 irt
224 2439 314 2489 snimo
326 2435 430 2487 hebuit.
444 2435 545 2486 Ductor
557 2435 589 2486 eh
602 2434 711 2486 Auroroe
722 2433 841 2508 populis,
856 2447 900 2502 nt,
916 2435 1009 2490 Pastor
1021 2439 1054 2489 at
1065 2437 1229 2512 Amphryso:

182 2531 206 2570 et
220 2537 268 2590 per
280 2528 463 2587 contemptum
475 2515 531 2568 brec
543 2515 667 2567 dicuntur
679 2528 705 2565 et
716 2514 940 2586 indignationem,
953 2518 1026 2588 quod
1037 2518 1129 2571 ductor
1138 2521 1171 2571 ab
1182 2521 1230 2572 im-

181 2597 257 2649 bellis
270 2597 379 2648 Auroroe
393 2593 498 2667 populis
510 2613 583 2646 arms
601 2593 725 2647 adversus
740 2593 902 2665 Augustum,
920 2595 1077 2667 Agrippam,
1092 2611 1117 2648 et
1130 2615 1228 2649 nornen

182 2679 332 2727 llomsnnm
345 2693 447 2728 sumere
461 2673 578 2726 auderet.
597 2673 663 2725 Vide
678 2693 739 2746 pag.
754 2671 819 2739 466,
836 2687 899 2724 tom.
915 2675 949 2724 lll
964 2675 1054 2744 virgil.
1068 2679 1166 2744 nostri,
1182 2677 1228 2729 uhi

185 2755 340 2806 confutetur
350 2753 405 2808 hec
418 2753 566 2806 hlerklnndi
580 2753 679 2828 opinio,
698 2755 745 2804 En.
788 2743 793 2752 ’

219 2915 244 2968 6.
260 2913 337 2966 Arete
347 2925 430 2968 temen
437 2915 580 2988 ,etprocttl
589 2917 669 2968 intret
675 2913 763 2966 Altius
772 2915 800 2964 in
807 2931 898 2966 ternu.
909 2914 970 2966 Haec
979 2915 1104 2968 estlectio
1112 2895 1229 2968 oninium

183 3007 318 3067 quotquot
326 2993 377 3046 ridi
388 2995 549 3062 editionum,
559 3007 655 3066 prester
661 2995 842 3057 Permeneem,
851 3009 907 3063 qum
916 2989 997 3044 habet
1007 2993 1041 3043 ad
1051 3005 1075 3044 te
1084 3001 1170 3044 tamen
1177 3016 1187 3055 ,-
1195 3013 1229 3046 sn

182 3075 278 3140 voluit,
294 3073 369 3127 salte
378 3089 466 3127 tamen
474 3113 483 3142 ,
492 3088 519 3126 et
528 3073 624 3146 procul
636 3076 718 3126 intret
731 3073 815 3126 Altius
825 3074 852 3123 in
863 3073 992 3124 sensus?-
1004 3073 1037 3142 Q.
1049 3073 1170 3139 Curtius,
1180 3075 1229 3141 tv,

182 3153 212 3218 6,
228 3154 274 3205 18:
291 3153 437 3206 nomnibus
450 3155 558 3220 territis,
571 3155 630 3225 quis
642 3171 779 3224 nunquam
790 3163 845 3203 tem
858 3149 909 3202 clte
920 3163 1072 3221 penetrasse
1084 3149 1178 3220 telum,
1190 3152 1229 3205 lo·

182 3233 235 3286 rice
250 3231 388 3300 obstante,
406 3245 621 3305 cognorerunt31·
638 3232 684 3284 nbi
698 3235 797 3304 puriter
810 3234 836 3282 in
854 3249 907 3282 nno
923 3229 1015 3282 codice
1033 3233 1159 3303 scripturn
1173 3248 1230 3286 eret

182 3311 216 3362 ed
226 3322 250 3364 te
258 3331 308 3384 pro
319 3311 380 3364 ulte.
390 3313 522 3365 Domitius
533 3311 659 3383 explicet,
668 3323 754 3376 arcte,
765 3313 902 3381 «quemvis
910 3308 982 3361 nulle
989 3311 1022 3362 sit
1029 3311 1197 3364 necessitudo
1205 3333 1230 3362 :a

183 3391 255 3463 quod
269 3411 334 3446 ssrte
347 3411 401 3446 nun
417 3395 505 3464 cepio.
519 3395 576 3446 Nec
590 3405 657 3465 puto
671 3391 779 3464 plegem
793 3403 865 3444 recte
878 3390 931 3443 dici
945 3408 1025 3460 posse
1037 3404 1106 3444 arete
1117 3409 1164 3445 seu
1174 3404 1231 3446 arte

183 3472 291 3538 intrare,
300 3490 359 3544 quse
368 3484 526 3546 peremtum
536 3491 581 3524 sen
592 3486 671 3525 tenne
681 3473 799 3524 foramen
811 3473 898 3523 intret.
908 3472 997 3538 Lntet,
1005 3474 1111 3543 opinor,
1118 3472 1229 3526 verbum

184 3549 291 3623 aliquod
304 3551 511 3615 substantivum
523 3556 623 3625 optime
632 3565 805 3626 congrueret,
818 3571 868 3625 pro
877 3563 946 3617 erte,
960 3555 1123 3624 trsnspositie
1131 3554 1230 3620 literis,

182 3644 255 3700 eret,
268 3634 294 3687 id
306 3649 348 3687 est
357 3635 451 3689 boeretr
468 3633 570 3688 slteret
581 3649 684 3697 temen,
696 3649 722 3686 et
731 3634 825 3706 procul
837 3637 916 3686 intret
927 3633 1014 3687 Altius
1024 3637 1167 3700 insonent,
1177 3653 1230 3688 ms·

178 3717 292 3786 jureque
305 3715 416 3769 vnlnere
429 3717 511 3769 sincit
524 3716 604 3788 Plaga
616 3717 717 3777 minor:
728 3739 739 3763 ι
752 3717 852 3768 Lucsu.
862 3717 934 3781 vm,
948 3715 1015 3785 417:
1031 3737 1043 3760 ι
1053 3719 1156 3769 flereat
1168 3717 1229 3768 Eote

183 3794 279 3849 vulnus
297 3797 450 3871 miserabile
469 3801 560 3859 sortis;
571 3821 583 3845 s
600 3796 693 3868 virgil.
711 3797 812 3849 AEneid.
825 3797 885 3863 Vll,
900 3795 967 3850 533:
984 3819 996 3842 ι
1006 3795 1079 3849 hnsit
1094 3798 1163 3848 enim
1178 3794 1228 3849 sub

182 3887 289 3946 qntture
299 3875 410 3945 vulnus,
423 3890 450 3930 et
459 3876 517 3930 ndte
525 3879 606 3930 Vocis
619 3881 679 3943 iter,
689 3889 848 3949 tenuemque
857 3875 964 3928 inclusit
976 3878 1102 3947 sauguine
1112 3876 1205 3933 vitsmr
1215 3898 1226 3920 ι

183 3954 232 4006 uhi
242 3957 336 4012 vulnus
344 3977 394 4030 pro
403 3960 497 4035 sagitte
507 3978 565 4032 qnae
575 3961 653 4012 infert
662 3956 772 4019 vulnnst
785 3971 811 4010 et
821 3959 856 4010 its
865 3958 935 4009 forte
945 3955 1102 4027 capiendum
1112 3951 1139 4006 ri
1147 3951 1229 4027 playa

182 4033 237 4086 hoc
249 4036 324 4090 Statii
335 4035 406 4091 loco.
417 4043 518 4092 Ancon.
530 4037 647 4110 epitaph.
659 4037 768 4100 xxvn,
780 4035 813 4088 de
825 4035 926 4087 Niobe:
943 4057 954 4080 ι
964 4033 1015 4088 Sed
1025 4031 1113 4098 dolor,
1124 4031 1230 4083 obstru-

278 4129 306 4193 1.
1049 4145 1085 4208 ¹7
