2824 4488
180 275 244 340 sss
428 273 463 334 r.
490 237 969 333 P.STAT1181LVARUM

225 398 391 480 Proferet,
404 410 507 489 atque
518 391 584 460 alio
596 391 749 460 clausum
761 389 820 457 tibi
832 405 935 482 ponet
946 391 981 457 in
993 415 1086 458 auro.

225 505 555 602 Pergame,pinifera
566 501 712 571 multum
724 501 851 570 felicior
863 501 938 570 Ida!

224 621 287 689 Illa
298 619 377 687 licet
388 641 489 686 sacrae
500 615 631 710 placeat
642 613 705 680 sibi
716 612 815 681 laude
826 617 969 706 rapinae3

224 736 368 824 (Nempe
380 726 472 797 dedit
482 730 616 819 Superis
628 723 742 808 illum,
756 749 858 821 quem
869 724 1003 792 turbida
1014 749 1147 819 semper

224 847 243 909 J
246 865 314 908 uno
325 839 433 920 videt,
446 837 636 931 refugitque
649 859 805 918 manum,
818 850 1000 930 nectarque
1012 843 1161 924 recusat)
1189 850 1218 901 15

225 960 267 1020 At
278 967 315 1019 tu
328 965 421 1044 grata
432 949 528 1030 Deis,
541 945 752 1040 pulchroque
761 949 902 1038 insignis
913 944 1069 1028 alumno,

225 1065 345 1131 Misisti
356 1062 469 1140 Latio,
483 1056 612 1151 placida
624 1081 726 1152 quem
739 1057 849 1124 fronte
859 1059 1051 1125 ministrum

224 1176 381 1266 luppiter
392 1173 559 1238 Ausonius
571 1171 936 1263 pariter,Romanaque
946 1173 1037 1235 Juno

225 1287 417 1378 lepidum,
430 1298 464 1351 et
474 1299 616 1375 uterque
627 1281 781 1374 probant.
796 1285 865 1348 Nec
875 1295 968 1348 tanta
979 1283 1107 1374 potenti

138 1395 140 1401 ’
226 1404 408 1466 Terrarum
420 1395 555 1462 domino
567 1397 691 1461 Divum
703 1395 774 1461 sine
786 1408 899 1460 mente
910 1391 1074 1486 voluptas.
1186 1421 1218 1456 πο

226 1513 356 1580 Dicitur
367 1505 489 1576 Idalios
500 1507 618 1599 Erycis
630 1505 672 1574 de
683 1507 807 1574 vertice
818 1503 913 1573 lucos

226 1627 316 1691 Dum
327 1625 429 1716 petit,
442 1637 476 1688 et
486 1617 603 1688 molles
616 1621 719 1712 agitat
728 1622 843 1686 Venus
856 1642 957 1686 aurea
967 1639 1108 1705 cycnos,
1199 1643 1205 1653 ·

226 1741 423 1827 Pergameas
435 1735 577 1800 intrasse
589 1731 722 1815 domos,
735 1729 794 1796 ubi
805 1732 973 1796 maximus
984 1731 1082 1822 aegris

228 1842 412 1912 Auxiliator
422 1840 535 1925 adest,
549 1857 582 1908 et
594 1839 783 1907 festinantia
795 1840 915 1906 sistens

227 1957 307 2019 Fata
319 1950 491 2018 salutifero
502 1953 591 2018 mitis
603 1955 693 2017 Deus
706 1949 842 2017 incubat
853 1951 964 2042 angui.
1188 1963 1218 2015 25

227 2065 289 2129 Hic
300 2084 444 2154 puerum
456 2063 597 2153 egregiae
608 2059 809 2153 praeclarum
822 2058 930 2128 sidere
943 2061 1060 2128 formae

228 2173 336 2265 lpsius
349 2185 427 2238 ante
438 2174 499 2238 Dei
511 2169 685 2239 ludentem
696 2173 860 2265 conspicit
871 2196 973 2239 aram.

226 2286 272 2349 Ac
283 2283 432 2374 primum
443 2281 553 2349 subita
564 2281 706 2375 paulum
717 2282 857 2376 decepta
866 2283 974 2376 figura

227 2398 389 2460 Natorum
401 2390 443 2459 de
455 2391 553 2485 plebe
564 2408 679 2486 putat:
694 2392 751 2460 sed
766 2417 834 2461 non
846 2410 918 2462 erat
928 2392 975 2460 illi

227 2509 346 2584 Arcus,
359 2518 393 2569 et
403 2525 445 2572 ex
455 2501 603 2569 humeris
615 2501 718 2571 nullae
731 2501 934 2596 fulgentibus
947 2501 1084 2570 umbrae.
1185 2515 1220 2568 30

225 2617 368 2682 Miratur
378 2614 508 2706 puerile
519 2614 622 2682 decus
633 2640 641 2697 ;
655 2613 853 2709 vultumque
865 2639 1044 2709 minasque

225 2726 413 2817 Aspiciens,
429 2729 550 2791 «Tune
562 2726 740 2808 Ausonias,
755 2727 817 2808 ait,
831 2725 893 2792 ibis
906 2725 947 2792 ad
958 2747 1068 2808 arces,

226 2831 403 2926 Neglectus
415 2837 559 2900 Veneri?
570 2849 609 2900 tu
620 2831 755 2900 sordida
765 2848 852 2901 tecta
862 2886 870 2918 ,
879 2831 1067 2928 jugumque

225 2948 354 3019 Ser-vitii
366 2944 503 3038 vulgare
515 2943 754 3039 feresi‘procul
765 2945 945 3038 absit:ego
955 2947 1010 3012 isti
1186 2960 1221 3027 34

179 3169 235 3219 Per.
244 3167 338 3219 eredit.
347 3170 431 3239 princ.
442 3169 520 3220 Coma
528 3168 628 3219 Earini.
643 3167 675 3217 A.
758 3183 798 3236 27.
818 3169 908 3219 Aram.
924 3168 963 3219 lla
980 3183 1070 3218 omnes
1088 3183 1154 3238 quas
1168 3165 1222 3220 vidi

218 3261 256 3296 ιι.
278 3243 407 3298 Clausum.
423 3245 490 3299 Cod.
502 3247 582 3298 Paris.
596 3259 622 3298 et
634 3244 675 3297 ed.
721 3244 850 3298 editiones
861 3259 954 3319 praeter
966 3249 1150 3312 Palmensem,
1162 3265 1221 3318 que

178 3341 218 3394 pr.
231 3321 339 3377 clunem.
357 3326 388 3376 A.
720 3343 778 3378 aras
789 3324 885 3393 habet,
902 3345 957 3378 non
972 3345 1062 3378 arum:
1081 3341 1160 3378 reete.
1179 3328 1222 3380 Sic

216 3403 256 3456 13.
274 3403 362 3456 Laude
378 3406 492 3476 rapine:
511 3404 590 3474 vulgo
610 3407 677 3457 nube
720 3408 806 3473 infra,
818 3427 843 3458 v.
859 3406 903 3474 81,
918 3409 1039 3477 «patrias
1051 3425 1122 3459 nunc
1132 3421 1221 3460 vertex

177 3499 233 3555 rap.
248 3482 360 3535 -Cod.
375 3485 456 3537 Paris.
472 3484 571 3538 eredit.
590 3485 674 3556 princ.
721 3485 793 3538 solus
815 3486 848 3538 ad
867 3505 925 3539 aras
945 3488 1099 3558 Naviget„
1122 3501 1149 3540 er
1169 3485 1220 3558 95:

177 3563 257 3628 nube,·
272 3577 298 3617 et
309 3583 358 3638 pro
369 3567 429 3634 sibi,
442 3567 489 3619 tibi
495 3588 505 3628 ‚·
516 3569 574 3619 Par.
587 3579 675 3617 tamen
723 3567 834 3639 :patriis
848 3585 897 3618 nec
911 3567 1011 3638 gratius
1027 3566 1111 3619 ullum
1124 3567 1221 3619 Munus

177 3641 236 3692 eod.
259 3661 290 3695 ex
311 3642 512 3712 emendatione,
532 3643 588 3696 sibi.
609 3643 675 3696 Vide
720 3648 770 3698 erit
785 3644 922 3716 templis·
939 3647 1025 3716 Majus
1042 3659 1069 3698 et
1085 3649 1221 3718 augustius

177 3734 233 3774 not.
252 3723 284 3774 Δ.
720 3725 820 3798 aliquid
831 3727 859 3777 in
873 3725 970 3799 plurali
983 3744 1108 3779 numero:
1127 3741 1153 3779 et
1168 3725 1220 3778 bec

214 3801 254 3855 15.
273 3803 347 3855 June
359 3805 442 3857 videt:
457 3804 520 3856 edit.
536 3823 574 3875 pr.
589 3804 674 3867 dedir,·
720 3818 799 3875 pacto
808 3805 907 3856 vitatur
919 3804 1077 3876 ambiguitas
1088 3803 1221 3875 composi-

176 3879 236 3935 eod.
250 3885 331 3936 Paris.
345 3884 431 3951 dedit,
448 3895 473 3936 et
487 3881 521 3935 ed
535 3901 616 3954 marg.
634 3885 674 3936 vi·
720 3885 799 3937 tionis
819 3885 847 3934 in
864 3883 911 3940 reis
933 3881 1064 3937 ludentem
1083 3902 1166 3936 amm.
1186 3911 1221 3922 -

176 3961 224 4013 det.
244 3962 274 4013 A.
719 3961 784 4016 God.
797 3963 879 4016 Paris.
893 3979 920 4016 et
931 3961 972 4016 ed.
986 3982 1025 4035 pr.
1039 3981 1121 4016 arsin.
1141 3962 1172 4016 A·
