2804 4490
216 334 276 411 142
387 327 521 392 NOTAE
545 327 595 391 IN
618 327 815 392 CARMEN
838 327 1081 410 QUARTUM

93 516 96 522 ,
210 457 301 527 lingua
315 457 397 510 fuir.-
413 454 490 509 Silius
502 453 623 518 Italicus,
635 451 680 504 lib.
693 453 768 520 vtll,
780 471 857 506 versu
868 454 935 520 ito,
947 455 981 507 de
992 457 1134 508 Cicerone:

738 595 742 604 .
754 595 758 606 .
769 595 774 604 .
786 559 888 606 ‚furialia
897 557 958 607 bellu

394 629 499 678 l'ulmine
507 641 638 691 compescet
647 626 742 690 lingue,
753 642 797 674 nec
806 628 890 675 deinde
899 629 1017 693 relinquet

394 705 438 750 Per
447 702 518 749 dcent
527 699 621 763 eloquio
630 702 738 764 cuiquam
746 713 969 764 quermonepetun.

209 803 277 858 Vide
291 817 316 856 et
333 801 382 856 262
399 801 515 874 ejusdem
530 799 606 863 libri;
622 798 722 852 Paulin.
742 799 824 870 Epist.
838 802 865 866 1,
883 801 932 870 943
946 801 1079 868 Ausonio,
1094 800 1141 853 ubi
1155 800 1247 874 linquet

210 897 235 936 et
247 896 311 958 toqoe
321 885 466 955 conjungit.
478 884 507 933 ln
519 881 653 932 Parmensi
664 892 703 932 est
715 877 758 931 illi
767 898 870 952 quoque
882 880 974 934 ctanc.
988 883 1062 932 Latet
1073 879 1180 953 aliquid.

246 1045 288 1114 74.
309 1043 454 1097 Penneruit
458 1047 549 1115 jurata
562 1060 661 1092 munus.
673 1041 783 1092 Domitii
794 1039 879 1093 Codd.
893 1041 1028 1095 habebant
1038 1043 1188 1096 Pennetuit.
1200 1041 1247 1092 Le·

208 1128 324 1200 gendum
336 1123 495 1188 promenti,
507 1136 537 1172 ut
549 1120 608 1174 Silr.
621 1123 672 1188 tlt,
685 1121 715 1187 3,
728 1139 766 1174 rs.
781 1139 830 1192 79:

315 1279 320 1294 1
392 1231 449 1289 Quis
457 1231 558 1294 Superos
568 1239 685 1284 metuens,
695 1229 784 1290 pariter
793 1239 828 1274 tot
837 1228 937 1292 templa,
948 1240 983 1276 tot
991 1245 1041 1276 aras

391 1301 548 1348 Promeruiese
558 1297 641 1343 datur?

206 1405 279 1462 ldem
292 1402 365 1475 quod
377 1403 512 1468 inservire,
525 1401 712 1456 administrare.
727 1401 856 1472 Apuleius
870 1401 960 1469 Miles,
972 1407 1002 1454 V.
1022 1405 1073 1457 Pru
1078 1405 1173 1475 jurata
1186 1401 1248 1456 tub·
1345 1425 1348 1432 ’

207 1489 319 1538 atituunt
332 1482 438 1555 quidam
447 1481 539 1534 durata
544 1504 553 1544 ,·
563 1500 617 1532 nou
627 1483 728 1552 inepte,
741 1483 827 1552 inquit
836 1484 967 1538 &accuse
980 1485 1060 1537 immo
1073 1484 1248 1553 ineptissime,

206 1566 258 1618 nisi
269 1566 381 1619 Statium
392 1563 563 1634 ineptientem
574 1563 662 1614 lacere
674 1561 749 1613 velis.
762 1561 889 1632 Ejusdem
899 1562 988 1614 farine
999 1575 1038 1616 est
1048 1562 1152 1616 Moretli
1164 1563 1248 1635 riperti

206 1643 328 1777 ῗθαιίἱῗὶιοῖἑ
340 1661 388 1714 pro
404 1643 503 1714 vigens,
523 1640 595 1714 quud
605 1639 674 1692 bene
687 1639 807 1694 defendit
820 1639 955 1710 Brittium,
973 1657 999 1695 et
1015 1643 1128 1714 explicet
1143 1655 1245 1715 potens,

242 1885 284 1951 84.
303 1886 410 1936 Missum
422 1881 508 1933 media
518 1882 550 1933 de
559 1899 624 1952 pace
633 1883 803 1953 triumphum.
813 1882 974 1955 intelligisne
985 1883 1049 1954 quid
1059 1887 1091 1936 sit
1101 1883 1246 1956 triumphus

205 1965 296 2016 murus
310 1961 343 2014 de
358 1961 446 2013 media
462 1965 548 2030 pace?
563 1962 667 2014 missum
682 1964 754 2033 quo?
766 1975 792 2013 et
807 1963 942 2034 quomodo
957 1965 1070 2015 mittitur
1082 1960 1248 2036 triumphus?

205 2042 324 2112 Conjicio
337 2041 448 2093 Statium
460 2041 610 2111 scripsisse,
626 2043 751 2092 adustum
763 2041 849 2094 media
862 2043 895 2094 de
907 2061 974 2117 pace
984 2043 1180 2114 triumphumn
1194 2059 1247 2093 nou

206 2121 291 2173 solum
305 2114 465 2190 triumphum
480 2119 513 2170 de
525 2138 603 2191 pace,
620 2120 694 2193 quod
706 2120 813 2192 quidem
828 2124 924 2174 mirum
937 2137 993 2185 est3
1005 2123 1052 2175 sed
1064 2125 1247 2196 etiamjustum

204 2199 381 2272 triumphum
399 2197 472 2270 quod
489 2199 646 2252 miraculum
664 2215 690 2252 et
706 2201 797 2254 laudea
813 2201 909 2256 Gallici
926 2212 1022 2274 anget,
1039 2203 1198 2272 triumphum
1214 2197 1247 2248 de

205 2278 290 2332 medie
301 2297 378 2351 pace‚·
394 2277 502 2348 elegans
513 2281 662 2350 oppositio,
679 2298 732 2350 qua
748 2283 827 2333 etiam
842 2285 924 2334 utitur
938 2283 1087 2345 iuvenalia,
1105 2283 1159 2332 Sat.
1174 2279 1247 2338 vm,

205 2379 270 2413 vers.
285 2361 346 2413 106:

637 2467 642 2476 .
653 2467 658 2477 .
669 2467 674 2477 .
687 2467 691 2476 .
700 2432 834 2478 referebant
844 2431 939 2477 navibus
948 2431 1000 2476 eltis

388 2499 482 2546 Occulta
491 2499 577 2562 spolia,
588 2513 612 2546 et
620 2501 698 2566 plures
708 2502 737 2548 de
747 2519 805 2564 pace
814 2501 959 2568 triumphos:

204 2617 259 2650 nou
268 2615 330 2649 vero
335 2599 416 2670 justos
426 2597 510 2670 qttalis
521 2596 566 2650 hic
575 2598 672 2652 Gallici
681 2601 740 2653 iuit.
750 2603 855 2656 Jttttum
866 2600 1044 2673 triumphum,
1056 2614 1086 2653 ut
1097 2600 1171 2671 apud
1182 2603 1247 2654 Hor.

204 2679 290 2729 Carm.
299 2678 326 2746 l,
339 2695 369 2730 ta
383 2700 389 2729 :
408 2681 502 2730 «iusto
514 2677 628 2732 domitos
639 2679 781 2752 triumpho.
794 2705 805 2728 ι
819 2683 930 2754 Eutrop.
942 2679 988 2732 lib.
996 2682 1057 2746 Vll,
1067 2679 1100 2734 de
1107 2679 1248 2734 Ventidio:

207 2757 261 2810 ude
273 2756 374 2810 Parthis
386 2759 561 2830 justissimum
572 2759 735 2830 triumphum
745 2761 835 2813 Romae
847 2763 907 2833 egit.
919 2786 930 2809 ι
945 2761 1015 2814 Suet.
1028 2761 1112 2832 Culig.
1125 2779 1184 2835 cap.
1198 2759 1247 2826 48:

206 2858 217 2883 ι
227 2839 346 2908 Querens
357 2839 424 2890 inter
434 2851 521 2892 cetere
532 2837 683 2892 fraudatum
693 2842 801 2912 sejusto
811 2840 956 2914 triumpho.
968 2865 978 2888 ι
989 2841 1125 2894 Claudiam.
1138 2841 1172 2894 de
1184 2835 1247 2894 Bell-

202 2917 288 2970 Gild.:
305 2941 315 2964 ι
326 2919 404 2971 Justo
414 2937 564 2990 magnoque
573 2919 709 2990 triumpho
720 2921 815 2974 Civiles
825 2921 931 2976 abolete
941 2937 1033 2976 notas:
1045 2946 1056 2969 ι
1070 2923 1132 2974 licet
1141 2919 1248 2973 duobtss

202 2996 244 3050 his
256 2996 322 3051 locis
328 3001 413 3071 justus
427 2997 576 3070 triumphus
591 2999 660 3049 forte
675 3013 828 3071 opponatur
843 3001 972 3066 ovationi,
987 3002 1123 3072 injustum
1135 2999 1248 3058 flumen,

204 3081 324 3145 commi,
339 3078 411 3150 apud
427 3075 518 3132 Seuer.
536 3078 597 3132 Nat.
613 3079 714 3146 Quaest.
722 3081 756 3147 V,
774 3099 805 3134 a:
821 3082 919 3136 atrata
933 3079 1055 3146 libertas,
1069 3082 1138 3134 inter
1150 3079 1247 3132 amicos

203 3155 301 3212 tlntae.·
321 3159 359 3212 De
375 3159 507 3211 BeutVit.
528 3176 587 3231 cap.
601 3160 650 3226 24:
669 3161 766 3212 «iusta
784 3158 941 3225 clementia,
956 3159 1073 3212 fortuite
1086 3157 1245 3221 facilitati,-

202 3236 276 3306 apud
290 3239 462 3304 Eumenium‚
479 3237 552 3290 Grat.
568 3240 628 3290 Aet.
646 3255 704 3308 cap.
719 3257 749 3301 a,
766 3237 813 3292 nbi
824 3234 903 3306 vulgo
917 3233 1012 3306 legitur
1021 3236 1157 3307 felicitati.
1169 3239 1247 3288 Petet

203 3316 387 3388 etiamjussum
397 3316 559 3388 triumphurn
567 3317 600 3368 de
610 3316 699 3370 media
708 3335 774 3388 pace
785 3337 791 3367 ε
804 3329 834 3370 ut
838 3317 933 3389 jubere
942 3315 1037 3367 tributa
1045 3312 1117 3384 apud
1125 3311 1248 3373 Florum,

202 3395 240 3459 11,
252 3395 277 3445 6.
293 3394 344 3446 Sed
360 3395 412 3446 hcc
429 3398 507 3448 nimis
522 3395 639 3450 insolens
651 3409 720 3450 esset
736 3399 763 3448 in
779 3394 896 3461 Gallico,
909 3411 990 3466 quum
993 3393 1086 3466 jubere
1097 3391 1247 3463 triumphet

201 3474 236 3523 sit
255 3471 336 3524 solius
352 3475 527 3545 imperatoris.
550 3476 616 3527 Mihi
633 3475 721 3547 placet
729 3477 851 3546 justum,
873 3475 928 3528 sive
943 3486 1098 3545 opponatur
1115 3467 1247 3531 orationi,

203 3551 257 3603 sive
265 3551 376 3624 injustc,·
388 3552 433 3605 sed
443 3551 505 3606 hnic
515 3557 612 3626 potius.
624 3559 700 3607 Potes
711 3557 803 3620 etiam,
816 3555 937 3606 meritum
947 3551 1123 3624 triumphum,
1134 3563 1163 3604 ut
1175 3543 1246 3623 apud

202 3629 340 3683 Claudiau.
358 3633 392 3684 lll
407 3633 486 3686 Cous.
504 3636 606 3687 Houor.
623 3653 660 3686 vs.
683 3634 731 3700 146
747 3656 752 3684 :
771 3636 878 3700 uQuern
895 3634 993 3699 merui,
1007 3645 1034 3684 te
1047 3649 1102 3684 uon
1118 3629 1246 3686 sudante,

202 3709 365 3782 triumphum
374 3713 406 3762 i»

237 3866 279 3920 85.
298 3869 336 3920 Et
346 3886 405 3939 opes
419 3874 522 3925 tantas?
534 3885 582 3924 etc.
598 3869 720 3942 Abrupta
737 3874 866 3924 sententia
883 3884 910 3923 et
926 3873 953 3922 in
965 3870 1053 3922 medio
1070 3883 1162 3921 tenore
1180 3881 1245 3918 con·

202 3949 292 4001 scisse.
314 3949 397 4024 Lege,
413 3963 461 4003 «et
472 3970 550 4021 opes,
566 3963 678 4022 quamn
691 3969 741 4004 nec
754 3953 800 4024 qui
812 3951 982 4005 mandaverat
993 3969 1072 4004 ausus
1087 3951 1244 4022 Exspectare

201 4028 283 4081 tuit·
303 4031 352 4084 Per
370 4047 397 4084 ae
417 4045 490 4103 patet
511 4029 668 4086 emendatio.
695 4033 756 4088 Non
772 4032 914 4102 intellexit,
932 4033 1051 4106 quisquis
1067 4031 1138 4084 hunc
1155 4029 1244 4082 torum
