2782 4486
392 300 524 365 LIBRI
547 298 725 382 QUINTI
749 297 1003 364 SILVARUM.
1155 297 1221 365 655

175 425 269 479 ordine
280 427 373 490 vite‚·
392 441 423 478 es
436 425 513 476 mora
527 439 607 494 quam
618 422 657 474 ihi
668 421 939 494 plerumque-iecisti,
955 435 982 474 et
995 419 1161 478 habitatione
1177 440 1224 480 tua

174 505 243 567 illic;
257 503 328 558 unde
339 502 480 556 alumnum
492 501 683 576 Parthenopes,
697 516 723 555 et
734 503 817 556 civem
821 541 831 568 ‚
842 501 935 574 paullo
946 520 1026 574 supra
1037 522 1098 558 eura
1107 513 1223 568 vocarit.

173 585 247 639 Nihil
258 584 406 640 evidentius
419 601 498 656 quam
509 584 545 636 ita
554 581 671 636 voluisse
680 583 836 655 Pupiniam
848 595 875 634 et
884 600 936 634 tou
945 599 1022 634 ιιιιιιιι
1033 585 1061 636 in
1072 587 1224 660 istoversrr‚

174 666 264 719 Maon
277 677 302 718 et
315 664 376 717 inde
388 681 478 730 ntum,
493 675 544 716 etc.
560 661 631 716 clare
645 675 775 716 monstrat
788 680 816 716 se
829 659 992 734 respondere
1003 663 1163 734 precedenti
1175 670 1225 723 ali-

174 747 235 813 cui,
246 763 342 817 nempe
353 745 389 813 ersi
396 763 471 798 suum
483 744 511 796 in
523 744 655 814 superiori
664 760 760 808 versu,
772 747 829 797 «Te
841 741 874 795 de
886 755 964 814 gente
975 762 1064 812 nrum,
1078 755 1148 798 ete-
1163 750 1224 802 Hee

174 838 213 877 est
226 827 283 896 ipsa
292 826 401 889 veritam
413 823 480 876 adeo
493 838 523 876 ut
533 823 601 878 nihil
611 836 692 877 restet
703 823 755 878 nisi
763 835 794 876 ut
802 822 937 896 Neapolin
949 842 1096 895 queramus
1107 826 1225 882 subistis

173 907 263 978 Mtq'or
270 917 296 958 et
304 906 372 958 inde.
381 905 449 957 Ecce
460 902 589 970 ethicam,
600 902 841 976 «Parthenopeque
850 922 928 956 suum
938 903 1019 976 longo
1027 904 1126 977 probat
1132 906 1225 961 ordine

174 986 246 1036 rite:
258 1007 269 1032 s
280 987 335 1056 jara
347 996 434 1038 totam
446 982 536 1040 locam
546 981 633 1054 relege
644 1005 651 1036 r

358 1095 392 1138 Te
402 1091 511 1153 degente
521 1105 591 1137 saara
599 1091 670 1137 Latiis
679 1089 765 1136 adscita
775 1088 864 1137 colonis

359 1163 429 1208 Graia
438 1160 512 1207 refert
520 1159 581 1206 Selle
590 1177 597 1216 ;

358 1233 556 1296 Parthenopeque
565 1249 633 1280 suum
643 1231 713 1296 longo
722 1232 807 1296 probet
816 1231 899 1280 ordine
909 1231 969 1280 rite.

174 1331 240 1384 Mihi
258 1343 311 1385 tam
326 1343 428 1386 certum
444 1343 484 1384 est
500 1330 612 1384 Statium
627 1333 665 1384 its
680 1330 744 1383 olim
760 1331 911 1402 scripsisse,
929 1349 1008 1402 qnam
1024 1351 1067 1385 me
1082 1351 1154 1386 nunc
1170 1332 1225 1386 hec

174 1412 305 1479 scribere;
324 1416 434 1466 omnino
453 1415 524 1465 enim
543 1415 693 1466 necessaria
712 1427 752 1466 est
770 1414 951 1484 Parthenope,
969 1426 999 1465 ut
1017 1414 1180 1486 respondeat
1195 1415 1225 1484 ri

177 1495 269 1563 Velie,
281 1508 309 1548 et
316 1497 452 1569 peminam
465 1505 559 1545 terram
572 1495 679 1548 efficiat.
692 1497 731 1548 ite
743 1498 860 1549 Suri-ent.
873 1493 951 1546 Pollii
961 1495 1070 1563 Felicis,
1081 1515 1121 1550 rs.
1135 1496 1197 1550 133:

359 1603 462 1662 Tempus
472 1612 533 1656 erat,
544 1615 617 1662 quum
627 1611 649 1646 te
660 1601 757 1662 gemine
765 1600 876 1662 suffragia
886 1610 954 1647 terrae

359 1673 503 1734 niriperenr,
514 1669 635 1734 celsusque
644 1670 702 1718 duas
711 1671 823 1720 veherere
832 1687 876 1734 per
884 1673 970 1728 urben

360 1743 418 1790 Inde
427 1741 562 1790 Dicarcheis
571 1741 669 1788 multum
679 1742 812 1790 venerande
823 1740 929 1798 colonis,

360 1813 420 1860 iiiuc
429 1813 517 1859 adscite
528 1813 600 1868 rneis;
610 1813 746 1876 pariterque
755 1813 792 1860 bis
801 1813 878 1876 largus
888 1826 912 1860 et
920 1812 977 1869 illis,
988 1825 1033 1861 etc.

173 1911 205 1965 ld
213 1924 268 1980 est,
277 1911 430 1965 Puteolanis
439 1923 466 1963 et
475 1912 540 1964 meis
550 1910 743 1984 Neapolitanis.
755 1913 901 1983 Hucusque
911 1914 991 1984 igitur
998 1911 1063 1964 mihi
1074 1911 1226 1984 adplenum

173 1991 309 2043 satisfacio
321 2012 327 2041 :
341 1988 388 2041 sed
400 1988 464 2062 quid
476 1988 520 2041 fiet
532 1988 565 2042 de
576 1989 764 2062 sequentibus,
776 1991 941 2057 Meaniden,
953 1990 1064 2062 alioeque
1074 1990 1147 2058 aliis,
1158 1993 1226 2044 etc?

173 2069 214 2122 De
225 2072 257 2122 iis
268 2069 462 2142 desperandum
475 2081 530 2134 est,
542 2067 629 2124 donec
640 2071 789 2122 inveniatur
800 2068 885 2124 codex
896 2069 992 2140 aliquis
1005 2072 1049 2141 qui
1061 2069 1151 2124 locum
1163 2089 1228 2142 sup-

173 2148 260 2220 plest;
280 2149 344 2202 mihi
364 2151 433 2202 enim
451 2149 560 2202 minime
578 2147 692 2201 drrhium
710 2162 749 2204 est
767 2168 853 2202 unum
869 2169 976 2203 versum
994 2149 1135 2216 excidisse,
1150 2153 1227 2221 cujus

174 2247 267 2284 sensus
280 2227 325 2281 hic
339 2247 397 2282 esse
411 2226 506 2280 debet:
522 2230 581 2280 «lta
596 2228 707 2301 Smyrna
720 2241 746 2282 et
757 2227 881 2282 Athenae:
894 2253 905 2278 s
920 2228 976 2299 (vel
988 2228 1046 2282 duae
1061 2227 1118 2282 aliae
1131 2233 1226 2301 quevis

173 2308 281 2362 urbium
292 2307 525 2379 contendentium)
538 2308 609 2360 «sihi
621 2307 765 2362 vendicant
776 2308 942 2374 Maeoniden3
953 2309 1062 2383 aliaeque
1073 2309 1153 2362 urbes
1165 2329 1227 2364 eum

174 2389 303 2462 diripiunt
315 2389 371 2442 aliis
384 2388 533 2451 natalibus3
546 2403 572 2442 et
583 2407 672 2444 ornnes
685 2391 826 2460 proferunt
837 2407 884 2442 sua
896 2402 1053 2461 argumenta
1066 2389 1162 2461 quibus
1172 2389 1226 2442 hoc

173 2467 298 2542 probent.
310 2469 392 2541 Atqui
403 2486 458 2519 non
472 2468 528 2520 lieri
539 2481 629 2541 potest
640 2482 671 2520 ut
682 2468 727 2520 ille
739 2471 768 2522 in
779 2469 810 2519 iis
821 2467 946 2524 omuibus
957 2482 1035 2525 attus
1047 2469 1095 2522 sit:
1109 2468 1226 2533 interea,

173 2548 212 2600 illi
231 2551 276 2619 qui
296 2548 349 2600 hoc
368 2547 511 2599 certamine
530 2547 701 2611 exciderunt,
720 2546 770 2600 sibi
785 2545 910 2617 placent,
926 2544 1001 2619 quod
1016 2547 1120 2616 magnis
1137 2559 1226 2602 taurea

174 2626 328 2679 exciderunt
340 2627 425 2688 ausis;
443 2623 534 2694 quod,
550 2623 613 2676 licet
623 2624 747 2678 falsitatis
760 2626 957 2692 convicerint,
973 2637 1061 2678 tamen
1075 2635 1115 2676 est
1126 2623 1226 2695 aliquid

174 2705 274 2778 grande
287 2707 365 2758 etiarn
377 2707 405 2757 in
417 2706 476 2775 ipsa
486 2702 619 2774 falsitate,
633 2722 715 2776 quum
730 2706 840 2777 questio
852 2718 906 2759 tam
919 2704 1008 2774 magni
1019 2705 1147 2758 momenti
1157 2723 1226 2776 pen·

175 2785 245 2839 deat.
256 2811 267 2833 n
288 2787 412 2858 Optimus
430 2782 483 2838 hoc
501 2781 585 2834 modo
603 2787 718 2856 exsurgit
736 2801 839 2841 sensus.
859 2785 998 2838 Asteriscis
1020 2786 1099 2855 igitur
1119 2783 1225 2851 locum,

175 2880 270 2940 utpote
279 2865 415 2930 mutilum,
425 2865 530 2918 notavi:
543 2862 616 2935 quad
624 2867 681 2937 jam
689 2864 773 2918 cuivis
782 2877 864 2936 patet.
875 2865 1023 2919 Gronovius
1031 2868 1069 2918 ita
1078 2866 1210 2937 concipit:

361 2971 440 3016 Maeon
449 2979 473 3014 et
481 2966 545 3014 uude
555 2982 624 3014 tuum
633 2966 706 3028 longo
714 2966 800 3029 prohat
808 2967 891 3016 ordine
899 2969 953 3018 vire

363 3039 512 3095 Meonidem
523 3038 573 3089 alie
583 3055 654 3102 quem
663 3038 713 3088 aliis
722 3040 865 3090 certantibus
874 3040 945 3089 aba

361 3114 499 3174 Deripiunt,
509 3123 646 3176 cuncteque
656 3112 772 3175 probante

176 3214 317 3266 infeliciter
331 3236 337 3266 :
356 3231 405 3266 nee
422 3214 493 3264 enim
505 3211 604 3266 Statius
620 3213 768 3285 scripsisset
778 3211 840 3264 alioe
850 3230 930 3285 quem
942 3210 1017 3278 eliis,
1033 3226 1088 3265 tam
1100 3210 1164 3263 dura
1178 3211 1225 3264 eli-

177 3296 266 3361 sione,
279 3306 306 3346 et
316 3306 450 3366 perpetue
463 3295 610 3345 carminum
623 3295 679 3363 ejus
692 3294 816 3344 suavitati
826 3293 976 3345 contraria:
989 3306 1015 3345 et
1026 3292 1157 3346 natalilnrs
1168 3294 1225 3346 sine

177 3373 260 3425 dubio
273 3386 313 3425 est
323 3392 383 3427 vera
395 3387 420 3426 et
433 3373 580 3425 necessaria
594 3371 675 3442 hujus
687 3371 741 3424 ioci
752 3373 840 3425 lectio.
854 3375 949 3444 Neque
959 3369 987 3424 ri
998 3373 1142 3444 Deripiunt
1155 3385 1225 3424 stare

176 3465 281 3524 potest,
295 3471 375 3506 sensu
388 3451 477 3514 salvo;
493 3453 591 3524 quippe
606 3451 721 3525 deripere
735 3465 774 3505 est
788 3471 820 3504 ex
833 3451 927 3504 altiore
939 3451 996 3506 loeo
1010 3451 1109 3523 aliquid
1121 3469 1224 3523 rupem

178 3531 250 3604 quod
262 3535 350 3586 sensui
365 3532 444 3605 hujus
457 3533 510 3584 loci
524 3551 581 3584 non
594 3534 726 3603 congrait.
739 3533 836 3600 Porro,
851 3534 942 3585 nescia
954 3551 988 3585 an
1001 3534 1063 3586 setis
1077 3532 1158 3584 latine
1171 3531 1225 3583 dici

177 3613 262 3685 possit
272 3614 385 3686 deripere
396 3614 511 3686 aliquem
519 3613 579 3666 aliis
588 3615 751 3679 certantibus,
763 3631 813 3686 pro
822 3614 949 3686 abripere:
959 3627 986 3666 et
994 3621 1060 3686 pute
1070 3631 1124 3666 non
1133 3629 1222 3686 posse.

176 3691 297 3746 Tandem
308 3691 433 3745 coneedit
440 3695 481 3744 vir
492 3711 603 3765 maqnus
614 3693 723 3745 tolerari
733 3712 812 3766 posse
824 3693 891 3745 illud
897 3693 1047 3768 Diripiunt:
1059 3706 1088 3744 ut
1100 3693 1154 3758 illa,
1164 3690 1225 3743 aliis

178 3775 342 3840 certantibus,
354 3776 407 3826 sint
418 3775 555 3826 auferendi
567 3792 661 3840 casus,
678 3793 742 3846 pro,
759 3775 872 3841 :Quum
887 3773 944 3827 alie
960 3777 1061 3828 interea
1079 3777 1224 3826 etiamnum

178 3863 288 3902 certent.
299 3877 310 3898 r
325 3855 384 3904 lam
398 3853 432 3905 ad
446 3873 474 3906 se
489 3867 515 3908 et
528 3855 665 3908 veritatem
679 3853 763 3917 radin
779 3867 808 3908 ut
821 3855 900 3906 mirer
913 3853 947 3906 ab
961 3853 1005 3906 illa
1016 3871 1134 3926 unquam
1147 3849 1224 3903 aber-

179 3947 258 3982 rasse.
275 3931 363 4002 Diripi
377 3931 475 3984 dicitur
492 3932 622 4005 quidquid
637 3951 735 4007 mapsa
750 3934 915 3987 canendam
933 3945 960 3986 et
975 3931 1064 3986 studio
1081 3929 1222 4003 expetitum

178 4011 402 4079 Suetonius,Vita
411 4015 492 4066 Persii
503 4029 588 4086 poete
595 4053 605 4081 ,
618 4014 738 4068 «editum
753 4014 851 4068 librum
862 4016 990 4068 conunuo
1003 4014 1092 4066 mirari
1102 4011 1222 4063 homines
