2850 4488
390 315 525 384 arsat
546 315 733 399 Quirrr
758 315 1012 388 srrvrruu.
1156 325 1217 406 aar

210 451 254 504 aa.
272 445 418 518 Aumtiqrrs
425 455 502 518 putes
513 439 647 516 laqueana
658 441 726 498 eati.
740 445 822 498 lieete
833 448 937 510 omnia3
948 463 1000 500 nac
1012 447 1159 520 quidqm
1169 467 1226 510 m.

174 528 286 584 tudun
295 549 303 582 a
312 526 400 582 mirati
407 524 480 592 celi,
489 536 519 578 nt
527 523 601 594 apud
608 522 748 578 Claudiam
759 525 793 578 lll
801 524 990 580 namnam.
1004 541 1131 585 sauram
1142 542 1224 584 astro.

173 627 233 664 snm
243 607 374 681 penderet
386 624 498 668 uaeas»
513 603 692 670 sterilius,
705 604 772 658 235:
789 605 904 662 «Crater
915 605 1013 659 auratis
1024 610 1107 679 sugit
1116 609 1224 666 celatm

173 689 329 760 abussi..-
343 681 1079 758 aequuumli,bem=undettmiltus‚lib.1,⁵3a=

360 793 416 840 linc
424 792 494 853 igitur
502 800 584 837 urunt
593 787 677 852 aquali
685 789 761 836 sidera
770 801 846 837 unctu

360 863 456 926 Ignibus
464 862 490 911 iu
499 862 576 908 varin
585 859 667 908 crelam
676 861 808 926 laqueantla
817 861 912 909 toruis.

176 961 317 1020 carucata
326 961 444 1016 maxima
454 959 512 1012 coeli
520 971 599 1012 vocat
608 957 724 1022 Ennius,
737 960 764 1010 in
774 959 879 1030 Fragm.
889 976 950 1031 pag.
963 959 1027 1028 1463
1041 959 1099 1014 coeli
1110 965 1225 1038 inqcnter

171 1045 301 1118 fornices,
313 1040 390 1108 alibi,
402 1039 498 1112 (quam
509 1036 694 1110 metaphoram
705 1041 821 1110 exagitat
831 1037 938 1105 Cicero,
951 1037 984 1092 de
996 1043 1102 1095 Orator.
1114 1045 1164 1110 lll,
1175 1042 1225 1115 lo)

176 1139 203 1178 et
211 1123 269 1178 cali
274 1121 411 1198 palatum,
421 1137 482 1192 pag.
493 1120 558 1190 327;
569 1120 763 1170 convexitatem
773 1117 874 1172 scilicet
883 1121 1037 1192 respiciens.
1047 1122 1087 1174 De
1096 1121 1147 1176 hac
1156 1143 1224 1176 voce
1277 1165 1279 1176 ,

177 1204 310 1278 laquearia
322 1202 432 1274 insignis
442 1214 480 1253 est
491 1199 567 1253 locus
579 1199 661 1254 Servii
674 1198 709 1250 ad
722 1199 814 1272 virgil.
827 1197 1017 1268 AEaeid.v111‚
1032 1203 1080 1270 25,
1096 1226 1107 1250 a
1117 1207 1225 1258 summi·

178 1303 231 1360 que
244 1285 306 1338 ferit
318 1281 455 1354 laquearia
468 1282 565 1332 tecti·
584 1280 751 1353 rLaquearia
759 1302 768 1342 ,·
785 1278 863 1333 multi
881 1279 1017 1334 lacunaria
1035 1281 1127 1353 legunt
1142 1307 1148 1336 :
1163 1303 1226 1338 uam

177 1358 473 1424 lacusdicuntur3unde
481 1360 556 1412 estin
563 1359 724 1427 Hor.0d.ll,
733 1361 773 1426 18,
782 1377 807 1426 a,
815 1377 873 1411 mea
881 1359 979 1412 renidet
986 1361 1013 1413 in
1021 1363 1098 1416 domo
1107 1363 1224 1416 lacunar.

177 1443 240 1496 iton
256 1443 325 1495 enim
343 1459 360 1493 a
374 1439 477 1512 laqueis
488 1439 597 1504 dicitur,
610 1437 657 1490 sed
670 1436 704 1489 ab
721 1457 753 1490 eo
766 1437 839 1512 qnod
854 1449 916 1491 sunt
930 1435 1035 1492 lacus·
1052 1440 1105 1492 Ubi
1118 1443 1228 1495 miratur

176 1523 276 1575 Pierias
288 1521 405 1574 Servium
416 1536 473 1570 non
489 1516 635 1588 neglexisse
652 1535 698 1569 sos
711 1519 756 1588 qui
771 1515 908 1569 lacunaria
920 1514 1029 1587 legunt,
1042 1536 1126 1590 quum
1140 1521 1182 1573 vel
1196 1540 1228 1574 ex

178 1601 283 1654 lloratii
296 1597 432 1672 exemplo,
447 1597 521 1671 quod
536 1599 675 1670 apposnit,
690 1597 795 1670 syllabae
809 1600 1012 1670 repugnantiam
1026 1599 1130 1652 viderit.
1145 1603 1227 1654 Recte

177 1683 233 1736 laec
245 1684 361 1750 Pierius,
376 1683 398 1734 si
407 1683 442 1733 ita
455 1681 590 1750 scripserit
598 1678 717 1741 Servius;
732 1679 780 1732 sed
794 1679 870 1731 aliter
884 1681 1003 1752 scripsit,
1017 1697 1129 1752 nempe,
1144 1682 1229 1736 Multi

178 1763 294 1816 lacuaria
307 1761 405 1836 lequnt.
420 1761 491 1812 Dicit
504 1759 609 1812 Servius
623 1758 720 1810 multos
735 1759 822 1831 legere
835 1759 952 1811 lacuaria
966 1757 1018 1811 hoc
1030 1759 1105 1828 loco,
1120 1780 1136 1813 a
1150 1761 1228 1826 lacu5

178 1844 250 1898 nude
259 1858 285 1897 et
296 1843 420 1898 lacunari
436 1841 537 1895 clarum
549 1861 582 1894 ex
593 1840 646 1893 alio
655 1839 716 1893 loco
726 1839 830 1894 AEneid.
841 1843 866 1907 l,
877 1840 943 1912 730,
955 1863 967 1888 ι
977 1841 1129 1912 dependent
1137 1841 1228 1918 lychni

179 1923 348 1999 laquearibus
358 1924 458 1986 aureis;
468 1945 480 1968 ι
498 1920 533 1973 ad
547 1939 626 1993 quem
641 1921 765 1974 Servius:
780 1922 920 1994 Iaeqituret
930 1921 1084 1975 lacuarilrus.
1098 1923 1167 1976 Tota
1182 1943 1229 1977 an-

179 2008 282 2060 notatio
297 2007 335 2058 sic
349 2003 447 2056 habet:
463 2001 671 2075 «Principaliter
684 2003 757 2056 lacus
773 2001 886 2067 (licitur,
901 2015 932 2054 ut
945 2002 1062 2056 Lucilius
1077 2026 1084 2055 r
1104 2005 1229 2059 resultant

179 2087 294 2159 aciesque
310 2085 439 2156 laesasque.
457 2082 605 2135 Diminntio
625 2081 736 2136 lacunar
747 2081 825 2146 faeit;
840 2083 965 2134 Horatius
983 2105 989 2133 ι
1008 2083 1065 2135 Nec
1082 2103 1141 2136 mea
1157 2086 1228 2138 reni-

179 2167 223 2221 det
237 2169 265 2220 in
279 2167 356 2219 domo
371 2163 487 2216 lacunar.
502 2161 566 2217 lade
578 2161 667 2214 litalis
676 2162 817 2214 diminutio
828 2160 1006 2230 lacunarium,
1017 2175 1044 2216 et
1052 2183 1102 2236 per
1111 2167 1231 2219 anasiu-

180 2247 253 2302 chon
267 2244 439 2320 laquearium.
459 2245 569 2313 Legitur
583 2255 608 2295 et
622 2242 781 2295 lacuaribus.
795 2266 806 2290 r
822 2241 934 2294 Fallitur
946 2262 1008 2295 vero
1026 2249 1228 2314 grammaticus:

182 2325 318 2380 nonenim
333 2343 382 2398 per
393 2322 571 2377 antistoechon
581 2321 611 2376 fit
623 2323 786 2396 laquearium
802 2340 851 2395 pro
866 2322 1047 2390 lacunarium,
1062 2324 1108 2377 sed
1121 2325 1230 2398 laquea-

181 2409 249 2462 rium
262 2409 372 2480 ponirur
382 2424 432 2477 pro
444 2400 606 2470 lacuarium,
616 2403 669 2456 hoc
679 2422 728 2475 pro
740 2401 919 2466 lacunarium,
933 2402 997 2454 elisa
1006 2401 1079 2455 litera
1091 2424 1123 2470 n,
1133 2419 1160 2456 ct
1170 2425 1230 2478 pro·

181 2490 284 2542 meno
293 2505 344 2540 usu
355 2486 490 2538 literarum
499 2504 534 2558 qu
544 2497 571 2535 et
580 2503 607 2551 c,
620 2483 653 2535 de
666 2502 720 2554 qao
732 2482 794 2556 plus
807 2481 888 2534 semel
899 2483 1001 2533 monui.
1013 2485 1167 2554 Progressus
1176 2485 1228 2538 hoc

182 2567 263 2620 modo
271 2567 315 2630 fin
327 2566 396 2619 laesas
399 2605 409 2633 ,
419 2564 543 2631 lacunar,
551 2563 714 2622 lacunarium
720 2603 729 2630 ‚
737 2562 880 2615 lacuarium
886 2601 895 2629 ,
904 2562 1073 2634 laquearium.
1084 2565 1158 2616 Hanc
1166 2585 1230 2618 vero

183 2645 291 2700 domum
303 2647 447 2700 Domitiani
458 2646 552 2697 struxit
563 2641 685 2696 Rabirius
695 2642 816 2716 quidam,
828 2655 857 2695 nt
868 2660 899 2694 ex
911 2642 1027 2694 Martiali
1037 2641 1128 2710 disco,
1138 2647 1228 2718 Epigr.

184 2729 242 2794 Vll,
255 2743 310 2793 avr,

369 2817 435 2862 Astra
445 2811 573 2876 polumque
582 2821 622 2857 tua
632 2812 712 2874 cepisti
721 2821 813 2866 mente,
824 2779 920 2865 Rabiri:

399 2885 546 2936 Parrhasiam
554 2883 612 2930 mira
622 2884 663 2946 qui
671 2884 741 2929 struis
751 2893 799 2929 arte
809 2880 919 2928 domum:

185 2985 314 3058 quilocus
322 2980 750 3057 effreqieillustrathuncPapinii3
764 2995 789 3033 et
801 2998 851 3052 pro
862 2991 906 3034 tua
915 2988 1002 3034 mente
1009 2977 1153 3052 legendum
1164 2982 1233 3035 lorte

183 3068 229 3138 pia
240 3079 334 3120 mente.

220 3223 264 3278 35.
276 3225 312 3276 Ε
313 3223 389 3276 tierii
392 3222 464 3295 felix
472 3223 507 3276 ris
516 3222 597 3275 orbita
598 3221 683 3301 fissit
693 3219 856 3292 Triptolemi.
867 3220 901 3272 N.
910 3220 1032 3273 Heinsius
1039 3218 1074 3273 atl
1079 3220 1138 3273 val.
1147 3221 1233 3276 Flacc.

186 3303 232 3372 Ν,
242 3302 311 3371 654,
319 3323 369 3376 pro
377 3303 476 3356 oetlrerii
485 3301 542 3356 vult
551 3301 634 3355 Actoei
642 3301 813 3374 Triptolemi,
821 3301 878 3354 sine
886 3317 981 3353 causa:
992 3302 1072 3353 immo
1080 3319 1234 3374 perperam

186 3383 286 3436 etherii
299 3385 370 3436 enim
383 3383 436 3435 hoc
450 3382 511 3435 loco
527 3384 678 3436 necessario
693 3383 855 3453 requiritur:
872 3378 944 3446 talis,
958 3381 1045 3453 inquit
1058 3381 1171 3448 Statius,
1185 3385 1237 3436 fuit

187 3463 381 3535 Triptolemus,
392 3466 436 3536 qui
448 3481 497 3535 per
509 3463 605 3515 athera
618 3462 709 3515 uolans
723 3461 816 3514 orbem
830 3475 957 3514 terrarum
970 3461 1091 3532 frugibus
1102 3463 1237 3531 obseruit,

187 3557 216 3596 ut
230 3546 267 3596 ait
280 3543 398 3611 Servius,
411 3543 445 3597 ad
460 3544 556 3615 Georq.
571 3544 598 3610 1,
614 3559 652 3614 19.
667 3542 749 3595 Vides
765 3561 846 3614 quare
856 3542 954 3617 fluuit,¹
968 3544 1020 3596 nisi
1034 3545 1104 3596 enirn
1118 3545 1238 3598 atheum

187 3624 279 3677 luisset
288 3623 479 3698 Triptolemus,
491 3623 579 3676 orbita
591 3625 648 3695 ejus
654 3623 742 3701 fluere
753 3643 808 3676 non
820 3622 888 3676 adeo
900 3635 971 3675 recte
982 3622 1035 3675 dici
1045 3626 1133 3696 potnit
1141 3626 1238 3703 :fluere

188 3705 257 3756 enim
266 3704 300 3758 de
310 3705 391 3758 rebus
401 3723 458 3778 quse
467 3723 482 3756 a
492 3702 553 3756 loco
562 3707 691 3778 superiore
702 3707 824 3770 veniunt,
839 3718 869 3756 ut
883 3703 931 3775 Rq.
945 3705 1015 3756 Max.
1029 3723 1053 3756 r.
1067 3723 1097 3772 a,
1114 3705 1237 3758 scaione

187 3797 325 3852 peractum
334 3783 421 3837 Fluxit
430 3786 518 3856 opus?
529 3807 540 3830 r
555 3783 600 3836 hic
608 3803 673 3837 vero
682 3783 820 3860 voxflurit
828 3781 922 3835 alludit
933 3783 968 3835 ad
979 3786 1143 3855 sparsionem
1157 3785 1236 3838 semi·
1292 3841 1297 3850 ‚

187 3863 228 3916 nis
242 3864 316 3935 quod
330 3883 345 3918 a
359 3883 439 3918 curru
450 3865 557 3916 aetherio
571 3865 598 3916 in
613 3879 696 3918 terras
709 3865 878 3938 subjacentes
889 3863 985 3932 dejecit
996 3865 1175 3936 Triptolemus
1188 3887 1195 3915 ε
1210 3855 1236 3917 et

186 3941 267 3995 rerba
275 3941 329 3996 hoc
341 3944 434 3998 ordine
445 3943 571 4016 ponenda
584 3957 659 4010 sunt,
674 3944 734 3996 «sie
744 3942 832 3996 orbita
840 3942 939 3994 retharii
948 3943 1102 4014 Triptolemi
1113 3943 1186 3995 linxit
1198 3943 1236 3994 fe·
