2782 4486
446 303 577 370 L1n1t1
602 306 776 389 Qumrr
801 305 1053 374 SILVARUM.
1169 309 1235 390 645

192 428 253 480 loeo
265 442 336 482 recte
347 441 417 482 sture
425 426 541 502 poeseos*
553 430 632 500 lym.-
645 429 743 504 quibns
751 431 832 500 loeis,
841 431 876 484 ab
885 432 932 484 illo
942 433 1075 503 adductis,
1088 434 1156 488 udde
1165 435 1237 489 hune

193 505 293 558 clerum
304 507 374 558 Festi
386 507 493 574 Avieni,
505 509 533 562 in
546 508 620 562 Arcti
633 509 762 562 Pbenoru.
775 531 798 562 v.
814 511 876 580 617,
887 510 921 564 de
933 512 1015 584 Lyra:

377 610 665 676 Esthelysilledehinc‚
675 614 910 678 teneroqurlusitin
919 631 968 664 cro

377 682 522 740 Mercurius,
532 701 604 733 eum
612 685 712 748 religans
720 687 837 734 testudine
846 685 945 734 ultor-dm
950 705 958 742 ;

193 791 220 830 et
230 779 353 834 Auctoris
365 782 517 856 Panegyrici
528 783 563 836 ed
574 785 710 852 Pisonem,
721 804 746 837 v.
763 785 826 853 rid:

376 889 427 938 Sive
437 889 521 954 chelyn
531 891 608 955 digitis
617 907 641 940 et
649 895 740 940 eburno
748 894 847 942 verbere
856 894 945 957 pulses,

378 957 456 1008 Dulcis
465 959 585 1023 Apollinea
595 965 700 1026 seqnitur
709 963 824 1011 testudine
833 975 922 1012 cautus.

191 1052 294 1121 Hebes,
308 1054 402 1125 lector,
417 1056 558 1112 elenchum
574 1063 654 1114 totius
670 1063 785 1134 negotii3
798 1076 887 1122 utrum
902 1063 986 1120 mevit
1002 1061 1086 1134 eliqer
1099 1063 1163 1116 milri
1178 1066 1238 1135 qui·

191 1132 253 1186 dem
270 1138 425 1207 conjemura
440 1139 559 1194 Selmssii
576 1143 737 1212 ingeniosior
750 1142 862 1208 videtur,
876 1143 1002 1196 Gronovii
1016 1144 1115 1205 veriur3
1134 1161 1184 1196 nec
1198 1157 1238 1196 te-

191 1229 254 1266 men
266 1233 297 1268 ex
309 1229 365 1269 toto
378 1236 453 1270 reru:
467 1220 580 1292 quippe,
592 1222 643 1274 uisi
652 1220 740 1288 fallor,
752 1222 898 1294 simplicius
907 1223 1010 1293 scripsit
1020 1222 1130 1291 Statius,
1146 1223 1237 1275 ecura

191 1291 248 1364 lyre
261 1311 412 1369 nomenque
426 1299 476 1350 init
487 1320 493 1350 :
505 1323 516 1345 ι
532 1302 639 1354 minime
653 1314 693 1354 est
706 1301 856 1355 differentia
870 1303 940 1356 iuter
951 1301 1000 1356 lire
1014 1301 1115 1366 etdt'be5
1129 1321 1190 1356 natu
1204 1302 1237 1355 li·

191 1386 247 1426 tere
259 1393 276 1426 n
290 1377 318 1428 iu
334 1376 402 1430 libers
416 1381 471 1432 sine
483 1378 566 1432 dubio
581 1379 731 1452 ableganda
743 1380 828 1434 ested
840 1401 932 1435 vocem
944 1395 1114 1453 sequentem,
1126 1401 1221 1434 nomen
1228 1404 1237 1444 ;

191 1465 222 1502 ut
240 1456 368 1527 scriptum
388 1459 481 1524 fuerit,
495 1479 557 1512 curo
572 1460 639 1513 libers
654 1479 781 1534 omenque
788 1461 861 1534 fuit,·
882 1474 910 1514 ut
928 1464 955 1514 in
973 1464 1051 1524 Herc.
1066 1463 1237 1526 Surrentino,
1293 1469 1298 1479 '

191 1547 216 1580 v·
234 1530 298 1600 149,
315 1533 369 1587 «Et
382 1535 505 1606 placidus
520 1539 614 1590 Limon
632 1556 785 1611 numenque
803 1539 915 1610 Euploeu
931 1541 1065 1604 osriuiw
1081 1559 1131 1612 pro
1146 1558 1238 1593 omen·

192 1627 242 1680 que
255 1610 375 1684 Euploeu.
393 1617 452 1670 lem
470 1637 532 1670 vero
547 1617 603 1690 lyre
617 1631 656 1671 est
669 1617 739 1670 idern
754 1616 827 1691 quod
841 1618 1021 1692 lyre,utpote
1035 1638 1050 1671 e
1063 1619 1155 1678 Grseco
1166 1618 1236 1688 eripe:

191 1689 229 1740 its
242 1690 331 1744 Creten
343 1713 393 1766 pro
408 1699 508 1750 Cretum
521 1697 593 1770 apud
604 1696 744 1766 Ovidium,
759 1701 867 1751 Metam.
884 1699 956 1765 Xlll,
969 1699 1036 1769 7063
1052 1711 1078 1752 et
1095 1701 1175 1752 AEtoe
1187 1717 1237 1770 pro
1345 1755 1348 1762 ,

190 1768 288 1838 AEtna,
304 1772 370 1826 ibid.
384 1795 408 1828 s.
425 1777 485 1847 877.
501 1777 587 1845 ldem,
602 1777 848 1847 Meum.1v,347:
865 1777 998 1849 slluqrsnt
1014 1797 1121 1850 quoque
1137 1778 1238 1831 lumina

191 1851 357 1922 nymphes,·
374 1869 403 1908 ut
421 1871 492 1909 recte
507 1877 537 1910 ex
554 1859 687 1911 veteribus
701 1857 774 1910 libris
787 1857 869 1911 edidit
882 1859 1017 1926 Heinsius,
1033 1879 1082 1932 pro
1100 1857 1237 1931 nymplroe5

192 1943 218 1981 et
233 1932 302 1998 XIV,
317 1953 385 1988 vers.
400 1937 468 1991 332:
486 1942 601 2011 «spretis
616 1953 705 1992 temen
721 1937 845 1991 omuibus
861 1958 942 1992 unum
957 1939 1004 1994 Ille
1019 1941 1091 1993 fovet
1103 1938 1237 2014 nymphen

192 2029 286 2083 quum,
298 2027 348 2068 ete.
359 2039 370 2064 a
382 2036 432 2089 pro
442 2019 601 2091 nympham,
613 2039 645 2072 ex
655 2020 728 2072 libris
738 2019 904 2084 melioribus;
917 2023 974 2086 XV,
984 2021 1050 2090 409:
1067 2043 1078 2067 ⁸
1089 2039 1146 2093 quse
1156 2016 1237 2070 modo

191 2089 292 2144 lemine
304 2106 378 2168 tergo
390 2099 469 2152 Peste
486 2118 584 2152 murem
597 2113 651 2166 est,
666 2118 739 2154 nunc
753 2118 809 2153 esse
823 2119 923 2154 merem
937 2103 1062 2153 miremur
1077 2099 1196 2172 hyrenem
1205 2121 1213 2162 ;
1223 2123 1234 2145 ι

191 2167 238 2220 ubi
249 2170 304 2224 duo
319 2174 433 2231 Codices
446 2177 547 2231 hubent
561 2179 679 2250 byoertem
685 2217 694 2247 ‚
710 2197 778 2236 unus
791 2178 914 2250 hyrenem
932 2179 965 2231 de
978 2200 1031 2252 quo
1045 2193 1131 2234 tumen
1143 2179 1237 2231 merito

191 2247 297 2304 dubitet
309 2257 445 2325 Heinsius,
460 2278 542 2332 quum
556 2263 651 2313 Grecis
664 2261 696 2313 sit
711 2257 782 2314 deire
793 2277 847 2312 nou
860 2259 934 2314 delta.
947 2260 1031 2328 Idem,
1045 2263 1153 2314 Metam.
1166 2262 1238 2324 VlIl,

191 2327 245 2384 605
253 2352 259 2382 =
276 2334 422 2396 ‘Extimuit
438 2337 567 2411 nympbm
584 2339 666 2393 nabet
680 2353 767 2392 temen
777 2361 806 2404 3·
821 2354 848 2392 et
861 2342 898 2394 its
910 2341 960 2407 IX,
974 2341 1035 2410 347.
1053 2344 1158 2403 Noster,
1174 2337 1236 2391 Silv.

191 2408 236 2477 W,
247 2409 278 2477 8,
288 2415 337 2468 ud:
350 2441 362 2463 ι
371 2417 464 2486 Quelis
473 2422 598 2474 maternis
604 2420 704 2474 Helene
711 2423 766 2491 jem
776 2419 856 2492 dignu
864 2418 1003 2494 palustria
1013 2445 1024 2470 s
1034 2419 1118 2473 Theb.
1127 2422 1176 2484 Vl,
1186 2419 1237 2472 828

191 2503 218 2541 01
228 2509 288 2566 sqq·
301 2493 454 2567 hujusmodi
465 2519 531 2553 voce
543 2504 635 2555 Graecu
647 2520 794 2564 sermonem
807 2503 922 2573 putrium
935 2501 1040 2561 ditavit:
1054 2498 1087 2553 de
1098 2499 1205 2572 Tydeo:

378 2601 418 2648 llle
428 2605 523 2667 quidem
534 2618 557 2651 et
565 2607 630 2653 diseo
639 2607 727 2662 bonus,
738 2619 762 2653 et
770 2605 913 2654 contendere
922 2623 990 2653 cursu
999 2641 1005 2662 ,

377 2673 426 2720 Nec
437 2687 508 2722 cestu
516 2675 602 2722 bellare
611 2677 703 2734 minor;
713 2677 756 2724 sed
765 2693 818 2724 cere
827 2677 918 2724 lubores

378 2745 438 2791 Ante
447 2744 505 2793 elios
514 2759 565 2794 crat
573 2760 642 2804 unctu
651 2747 717 2810 pule:

192 2831 228 2883 its
240 2830 396 2905 legendum
408 2839 503 2912 vulgo,
520 2843 595 2894 corde
609 2841 713 2895 labores.
731 2839 814 2905 nus,
826 2841 905 2914 pole:
923 2841 1020 2894 nodare
1030 2839 1125 2913 paleo,
1141 2841 1236 2894 Achill.

191 2912 228 2979 ll,
245 2913 307 2981 441.
325 2919 384 2985 qu
403 2939 465 2973 vero
479 2924 644 2976 constructio
660 2935 714 2991 est,
732 2937 780 2975 set
799 2922 896 2994 quibus
912 2924 1009 2975 mensis
1027 2941 1134 2974 cutmen
1151 2925 1238 2984 Aonia

191 2993 323 3050 testudine
336 2998 390 3073 lyre
404 3002 454 3054 fuit
471 3021 533 3054 curs
549 3015 575 3055 et
589 3021 718 3054 numem-
736 3003 805 3056 Cura
818 3016 858 3056 est
870 3021 954 3070 amor,
971 3016 1001 3053 ut
1013 3003 1119 3068 inimo,
1134 3000 1237 3074 sLydis

193 3071 335 3132 doctorum
350 3085 461 3136 maxima
476 3101 541 3136 curu
552 3084 654 3146 liberm
669 3085 781 3156 et.Virg.
796 3085 854 3137 En,
868 3086 913 3151 Ν,
928 3101 972 3153 ¹9³
991 3085 1080 3136 «Huic
1093 3085 1139 3135 uni
1148 3084 1237 3136 forsan

190 3158 268 3222 potui
284 3163 459 3216 succumbere
484 3181 592 3228 curum
609 3161 638 3215 id
651 3177 705 3232 est,
724 3165 783 3216 lruic
794 3163 842 3216 uui
854 3165 954 3228 amon}
965 3165 1072 3229 Noster,
1084 3164 1237 3235 Propempt.

190 3233 254 3288 Met.
267 3238 322 3292 Cel.
337 3241 388 3308 do,
403 3244 533 3308 ednnue,
548 3243 571 3294 si
581 3247 680 3296 vestras
693 3262 768 3297 emor
779 3257 819 3295 est
832 3243 895 3295 mihi
910 3242 1026 3315 pendere
1036 3241 1175 3304 Thebrim»
1191 3242 1238 3294 ubi

191 3332 266 3385 reque
278 3315 347 3372 bene
359 3319 456 3380 dixisse
466 3322 567 3392 potuit,
577 3340 637 3374 cura
651 3334 687 3374 est
695 3321 779 3375 milti:
792 3323 909 3393 Propert.
923 3323 951 3387 l,
965 3337 987 3386 1,
1000 3319 1049 3372 36:
1065 3338 1134 3372 ssuu
1148 3339 1239 3392 quem·

192 3410 244 3463 que
253 3411 372 3452 moretur
380 3401 463 3468 Cure,
476 3419 562 3474 neque
573 3415 678 3454 assueto
688 3413 773 3453 mutet
784 3419 875 3454 umore
885 3419 999 3452 novum:
1011 3424 1021 3446 n
1034 3401 1072 3452 ita
1083 3398 1239 3471 legendum,

190 3472 287 3544 vulgo,
300 3497 389 3533 amore
402 3480 499 3534 locum.
512 3484 542 3533 ln
553 3484 646 3534 Venet.
662 3494 688 3538 et
700 3483 785 3533 Perm.
800 3471 919 3552 trivetto,
932 3477 1080 3551 diclalyben
1095 3499 1239 3552 nomenque
1260 3513 1264 3524 ·

186 3550 258 3622 futu
272 3555 345 3611 unde
361 3562 470 3613 minime
483 3559 577 3612 dubito
594 3581 636 3612 me
651 3575 723 3612 recte
735 3553 890 3613 emen⁰llsse
904 3583 916 3605 ι
925 3559 996 3612 Cure
1007 3558 1075 3632 lyrc,
1087 3577 1239 3629 nomenque

190 3631 251 3683 fuit.
263 3656 274 3680 ι
291 3636 358 3708 Ιψε
364 3639 423 3711 fuit
434 3659 530 3693 nomen
537 3679 545 3705 ,
560 3641 588 3692 id
600 3653 654 3707 est,
660 3639 754 3712 sema,
764 3618 865 3714 fitilla,
877 3653 907 3693 ut
918 3641 1060 3715 Perqamu,
1073 3658 1169 3691 nomen
1180 3639 1239 3690 110-

191 3713 270 3777 mert',
284 3714 403 3788 Propert.
416 3721 452 3788 11,
468 3737 491 3772 t.
503 3719 545 3773 Sic
557 3719 672 3774 Maniai.
686 3721 744 3774 Vll]
749 3759 758 3786 ,
770 3723 819 3790 73,
832 3739 862 3791 7:
879 3723 980 3772 sFema
992 3733 1032 3772 est
1044 3721 1131 3790 arguti
1142 3720 1239 3772 Nerue-

193 3793 228 3846 sis
239 3793 356 3848 formose
367 3796 476 3851 Tibulli.
488 3824 499 3846 ι

227 3957 271 4028 9ὓ·
292 3957 439 4031 Qut'fun'us
450 3979 592 4034 toruumque
603 3963 690 4014 domos
702 3980 838 4035 comaque
850 3962 912 4015 coelo
924 3962 1029 4025 Sidera,
1042 3973 1092 4012 ete.
1107 3959 1166 4011 Seio
1179 3961 1239 4029 qui-
