2858 4492
173 306 237 350 220
332 283 466 348 ‘NOTAE
492 284 538 346 ΙΝ
563 285 761 347 CARMEN
786 284 1056 350 SECUNDUM

174 409 313 460 sDoruinis
327 408 486 460 intrantibus
500 409 591 478 ingens
607 407 725 477 Assurgit
739 406 914 478 Phlegethom
926 431 937 453 r
951 407 980 460 id
995 422 1047 475 eat,
1062 407 1174 463 Plutone
1188 424 1213 466 et

170 489 335 558 Proserpina.
346 487 458 551 Noster,
469 485 554 538 Theb.
564 488 607 550 IV,
619 486 686 540 528:
703 509 714 533 ι
725 489 754 538 lu
762 487 875 558 speculis
883 490 955 540 Mors
963 500 1020 540 atra
1029 488 1117 553 sedet,
1127 489 1213 542 domi·

171 572 265 640 nisque
283 569 388 622 silentes
407 567 570 620 Adnumerat
588 566 719 638 populos3
731 593 742 614 ι
759 567 785 619 id
803 583 858 632 est,
876 567 985 620 Plutoni
1002 583 1029 622 et
1046 571 1212 643 Proserpinoe.

171 651 240 702 Serv.
254 650 288 703 ad
300 651 372 719 Virg.
385 647 477 718 Eulog.
492 650 540 714 ill,
555 647 604 714 34:
617 647 685 700 alter
695 661 721 701 ct
733 648 831 710 Ιιωᾰοες
848 673 859 696 ι
870 649 936 702 male
948 647 1054 720 quidam
1067 653 1213 722 privignum

172 731 322 800 accipiunt:
335 727 403 780 alter
413 730 483 780 enim
495 726 528 778 de
540 726 646 778 duobus
658 726 784 795 dicimus,
796 747 850 779 non
863 727 896 780 de
908 727 1008 782 tribus:
1023 728 1093 782 unde
1104 730 1172 782 alter
1180 730 1213 782 de

171 826 284 860 noverca
296 804 480 876 intelligamus.
492 808 548 858 Nec
560 824 608 858 uos
621 819 739 872 moveat,
751 807 822 879 quod
834 805 903 859 alter
910 806 977 858 dixit
985 807 1018 859 de
1030 809 1142 872 lemine,
1152 828 1213 862 nam

172 900 199 940 et
214 889 241 939 in
258 885 445 940 subauditione
463 899 600 956 ponuntur
617 904 648 938 ea
665 905 723 957 quie
738 905 792 938 non
807 905 949 957 possumus
961 887 1064 953 dicere,
1078 903 1105 942 et
1118 891 1214 942 eeirnus

170 966 203 1038 (l.
218 965 376 1036 seutimue):
393 967 471 1037 quie,
487 966 591 1036 quoties
607 964 663 1016 haec
679 965 733 1017 duo
748 985 847 1036 genera
859 971 1022 1038 junguntur,
1039 969 1214 1020 masculinum

171 1045 356 1118 preponderat
374 1045 533 1095 feminino.»
550 1042 627 1096 ovid.
642 1045 750 1096 Metam.
763 1047 836 1110 Vlll,
852 1065 889 1098 vs.
907 1063 976 1115 700:
994 1046 1062 1099 «tlte
1076 1061 1150 1100 vetus
1163 1048 1213 1100 do·

171 1127 249 1178 minis
258 1127 336 1176 etiam
346 1141 406 1175 cesa
415 1142 495 1194 parva
506 1122 611 1176 duobus
620 1125 738 1176 Vertitur
747 1127 774 1176 in
786 1125 949 1195 templum»
963 1126 990 1178 id
1002 1140 1053 1192 est,
1066 1125 1175 1180 Baucidi
1189 1140 1215 1180 et

171 1202 325 1256 Philemoni.
341 1204 430 1256 Senee.
446 1205 523 1254 llere.
537 1203 598 1253 Pur.
613 1221 652 1254 vs.
668 1204 735 1269 804:
751 1227 762 1249 ι
773 1205 893 1256 extimuit
906 1204 1000 1258 sedens
1014 1209 1131 1278 Uterque
1146 1206 1212 1258 solio

172 1282 307 1350 domiuus,
320 1295 347 1334 et
358 1280 419 1334 duci
428 1280 541 1351 juben·
557 1280 590 1334 de
603 1280 715 1334 Plutone
728 1294 755 1334 et
766 1283 931 1354 Proserpina.

210 1424 266 1490 ¹²4·
286 1424 349 1475 Non
361 1422 440 1496 depes,
453 1442 506 1476 non
519 1435 600 1474 castro
614 1433 709 1474 tenent.
721 1423 924 1495 Nisi-intelligas
937 1425 1151 1496 significationem
1163 1445 1211 1477 vo·

171 1507 209 1556 eis
222 1515 322 1571 teuent,
336 1502 471 1555 miraberis
485 1500 620 1574 quomodo
632 1500 684 1553 hoc
699 1504 767 1555 inter
778 1503 870 1556 laudes
882 1503 957 1556 Pollii
969 1507 1083 1576 ponitur,
1095 1504 1168 1576 quod
1179 1506 1211 1556 il·

172 1585 225 1636 lum
242 1584 307 1657 depes
321 1603 375 1635 non
389 1593 484 1636 tenent.
502 1583 601 1634 Tenent
614 1581 656 1650 hic
671 1581 741 1633 idem
757 1585 883 1657 estquod
899 1585 1049 1650 «detinent,
1064 1597 1148 1636 totum
1162 1583 1213 1636 sibi

171 1663 283 1728 habeut,
296 1683 355 1716 cum
369 1663 542 1715 admiratione
553 1661 595 1712 vel
608 1675 715 1732 stupore
728 1660 841 1714 delirum
855 1678 881 1716 et
893 1662 1018 1718 hiantem.
1029 1688 1039 1710 ι
1055 1663 1111 1716 Val.
1123 1664 1210 1715 Placc.

172 1743 216 1836 lib.
234 1747 257 1810 l,
272 1763 339 1796 vers.
357 1744 422 1796 260:

355 1840 422 1885 lllum
432 1857 475 1886 nec
484 1839 560 1886 valido
568 1843 698 1902 spumantia
708 1840 793 1904 pocula
802 1842 892 1888 Baccho

356 1911 497 1966 Sollicitant;
507 1913 580 1956 veteri
589 1927 632 1956 nec
642 1912 806 1974 conspicienda
816 1912 910 1958 metallo

356 1983 425 2041 Signa
433 1993 528 2029 tenent:
540 1993 617 2044 stupet
626 1983 650 2027 in
661 1982 772 2039 ducibus,
783 1999 939 2047 magnumque
949 1995 1058 2031 sonantes

356 2051 450 2108 Haurit,
461 2065 483 2096 et
493 2051 607 2096 Herculeo
617 2052 663 2098 l'ert
673 2055 779 2099 cominus
788 2070 828 2098 ora
838 2053 908 2099 leoni.

172 2140 254 2191 Cicer.
268 2138 300 2190 de
313 2141 387 2192 Orat.
403 2137 448 2190 lib.
462 2140 486 2199 l,
501 2157 560 2211 cap.
573 2140 604 2194 61
622 2163 627 2192 :
643 2143 694 2193 «ln
707 2140 859 2211 eloquentia
871 2153 958 2192 autem
973 2141 1055 2193 multa
1069 2155 1144 2207 sunt,
1159 2160 1214 2213 qua

172 2233 308 2271 teneant·
331 2219 442 2284 Plinius,
463 2221 530 2270 llist.
549 2221 609 2272 Nat.
627 2219 673 2272 lib.
693 2221 804 2288 XXXV,
821 2240 880 2292 cap.
897 2238 927 2289 9,
945 2220 978 2271 de
992 2221 1158 2292 Apollodoro
1174 2224 1216 2292 pi-

172 2312 244 2350 ctore
258 2321 263 2349 :
278 2321 291 2347 a
301 2316 388 2369 neque
400 2310 461 2349 ante
473 2316 532 2348 eum
546 2297 635 2350 tabula
649 2297 728 2350 ullius
740 2299 900 2362 ostenditur,
914 2317 971 2370 quoe
986 2313 1075 2351 teneat
1088 2299 1190 2352 oeulos.
1202 2325 1213 2347 υ

173 2379 271 2430 Passim
285 2377 412 2450 exempla.

211 2521 268 2573 132,
290 2521 461 2594 Humanoque
472 2522 569 2595 quadiu
582 2523 655 2574 rides.
671 2523 791 2574 Humana
803 2520 915 2595 paedia,
930 2521 947 2571 i.
963 2539 985 2572 c.
1002 2539 1043 2572 res
1057 2517 1154 2591 quibus
1165 2519 1217 2573 ho·

173 2603 256 2654 mines
268 2600 430 2654 delectantur
442 2616 467 2654 et
479 2603 611 2678 prudent:
627 2617 655 2654 ut
671 2604 786 2671 dmum,
801 2601 850 2665 lll,
866 2619 896 2668 a,
911 2620 951 2653 res
965 2621 1014 2674 pro
1029 2601 1126 2673 quibus
1140 2602 1216 2654 time-

172 2702 245 2736 mus:
260 2701 371 2749 umores,
386 2686 435 2750 111,
450 2685 480 2750 5,
494 2703 536 2736 res
551 2702 617 2756 quas
632 2703 758 2736 amamus.
773 2686 807 2736 Et
819 2683 871 2734 hoc
887 2683 991 2755 quidem
1006 2695 1085 2753 pacto
1101 2685 1217 2754 exsurgit

173 2782 265 2816 sensus
276 2766 403 2834 optimus,
417 2763 461 2815 sed
474 2766 556 2834 majus
567 2763 668 2835 aliquid
680 2783 695 2815 a
707 2765 820 2836 Papinio
831 2778 968 2836 exspecto,
980 2761 1036 2814 scil.
1050 2762 1216 2835 humanoque

171 2844 282 2916 prandia
295 2842 374 2895 rides:
388 2863 466 2895 omne
482 2843 551 2897 istud
564 2842 636 2915 quod
649 2861 698 2894 nos
717 2862 843 2915 magnum
856 2861 989 2895 vocamus.
1001 2841 1110 2912 Egregie
1123 2841 1213 2894 Senec.

175 2925 246 2976 Praei.
259 2927 319 2977 Nat.
331 2925 427 2991 Quaest.
444 2926 539 2976 s'l'une
550 2927 624 2994 juvat
636 2925 704 2974 inter
715 2923 804 2976 sidera
815 2927 871 2996 ipsa
884 2934 1034 2993 vagantem,
1047 2921 1156 2973 divitum
1168 2941 1215 2994 pa-

174 3007 288 3058 vimenta
302 3006 402 3072 ridere,
417 3018 442 3058 et
457 3018 539 3058 totam
553 3024 614 3056 curn
630 3022 695 3056 auro
710 3021 759 3056 suo
774 3018 887 3070 terram,
902 3017 952 3055 etc.
963 3027 974 3049 n
991 3000 1058 3054 Vide
1072 3001 1174 3068 locum,
1189 3015 1215 3053 ct

174 3081 281 3133 Consul.
296 3080 330 3132 ad
344 3085 471 3136 Marciam
484 3100 544 3153 cap.
564 3085 605 3135 23.
623 3081 694 3132 Pleni
706 3080 747 3132 his
762 3095 825 3132 sunt
839 3079 977 3131 moralium
989 3083 1139 3154 scriptores.
1153 3081 1215 3131 lmi-

175 3171 244 3211 tatur
256 3161 421 3228 Lucretium,
436 3163 492 3214 init.
505 3162 549 3213 lih.
564 3165 595 3214 ll.

213 3305 269 3375 ¹37·
289 3306 436 3379 Plectrr'que
446 3327 530 3359 errore
539 3308 666 3378 superbus.
677 3307 806 3360 Plectrum
818 3307 951 3377 eleganter
960 3307 1011 3359 dici
1024 3321 1110 3380 potest
1121 3325 1215 3368 errore,

174 3401 255 3454 qunnr
270 3384 330 3456 lyrae
338 3386 450 3439 chordas
458 3391 597 3457 percurrit.
613 3387 797 3440 Eodemseusu
805 3387 900 3456 digitus
907 3407 992 3441 errem
1000 3387 1072 3460 apud
1079 3386 1214 3441 Claudian.

174 3464 309 3516 Consulet.
321 3465 393 3517 Mall.
406 3465 509 3518 Theod.
521 3485 546 3518 v.
561 3467 625 3536 3²7³
638 3481 663 3518 et
674 3469 814 3534 Nostrum,
824 3466 886 3520 silv.
897 3471 929 3534 V,
940 3468 964 3521 5.
980 3469 1004 3520 Si
1014 3470 1095 3538 igitur
1106 3471 1142 3522 sic
1152 3471 1217 3521 scri-

174 3545 256 3614 pserit
267 3545 378 3610 Statius,
394 3543 457 3596 dicit
473 3544 584 3597 Pollium
598 3545 661 3596 olim
677 3546 819 3618 superbum
832 3547 913 3600 luisse
926 3566 1011 3600 emre
1022 3547 1123 3619 plectri.
1138 3549 1217 3622 Atqui

175 3625 300 3695 primum,
312 3621 374 3675 licet
383 3642 438 3676 non
448 3644 542 3696 negem
553 3639 623 3676 recte
636 3624 688 3677 dici
699 3644 777 3698 posse
787 3625 918 3697 plectrum
927 3646 1010 3680 errare
1021 3629 1128 3699 quando
1139 3628 1218 3681 chor-

174 3704 221 3755 das
239 3705 382 3776 percurrit,
402 3719 557 3756 nontamen
576 3723 683 3774 possum
699 3705 845 3758 concedere
861 3705 930 3758 hanc
942 3709 1132 3779 percursionem
1146 3723 1218 3762 recte

174 3783 225 3836 dici
234 3801 428 3856 posseerrurem
437 3786 544 3857 plectri,
553 3787 602 3837 nisi
610 3787 729 3858 exempla
737 3787 847 3858 hujusce
856 3791 1102 3860 ususproferantur.
1110 3791 1217 3860 Quippe

175 3866 295 3938 analogia
307 3884 360 3917 non
376 3866 437 3919 satis
452 3879 491 3918 est
505 3867 560 3917 sine
573 3866 731 3918 testimoniis
746 3880 770 3918 et
784 3867 985 3920 auctoritatibus
998 3887 1075 3920 usum
1088 3867 1216 3940 phraseos

175 3946 398 4000 crrrrlirnrantibus.
415 3945 481 4000 Vide
497 3967 552 4019 qna
568 3931 620 3998 dixi
635 3967 728 4018 snpra,
744 3947 775 3998 nd
792 3946 905 4019 Epitltal.
921 3948 992 4000 Stell.
1009 3968 1044 4000 rs.
1060 3949 1106 4014 45,
1122 3961 1146 3999 et
1161 3966 1215 4018 qua.²
