2804 4490
181 325 241 390 ¹92
372 303 506 366 NOTAE
531 305 577 365 IN
603 303 802 367 CARMEN
826 301 1027 371 PRIMUM

209 431 252 497 lt.
275 430 355 482 Oubi
367 447 505 501 purpureo.
521 426 606 479 Multo
621 427 714 480 melius
727 430 749 480 si
763 429 863 483 scribas
877 432 953 482 Heu!
970 433 1028 493 ubi,·
1043 447 1073 484 nt
1086 431 1216 492 Thebaid.

174 513 207 577 V,
219 510 286 563 613:
302 511 395 562 «Haut
408 507 455 559 ubi
467 506 563 560 siderei
573 505 676 575 vultus,
689 508 736 559 ubi
746 510 827 562 verba
838 511 924 581 liqatis
936 513 1095 584 imperfecta
1106 518 1215 568 sonis?-

174 594 206 643 Et
217 594 253 642 ita
264 591 334 641 forte
345 588 428 655 infra,
440 607 465 638 v.
477 585 525 640 52:
543 611 555 633 ι
564 590 637 639 Heu!
653 588 700 640 ubi
709 601 823 642 venturas
835 609 910 662 spes,
922 605 972 644 etc.
984 615 995 638 ι
1012 593 1136 661 Ovidius,
1148 598 1217 660 East.

174 673 224 737 111,
235 670 301 737 485:
317 692 328 714 ι
339 670 412 720 lieu!
426 667 471 718 ubi
483 679 562 738 pacta
571 665 653 719 fides?
664 667 724 734 ubi,
737 687 793 740 quae
802 673 891 741 jurare
904 671 1044 726 solebas?-
1056 676 1151 727 iterum
1162 679 1219 728 No-

92 739 95 748 '
174 765 237 816 ster,
248 747 378 801 Thebaid.
390 747 423 812 V,
435 745 502 800 350:
518 771 529 793 ι
539 750 613 800 Heu!
627 748 675 800 nbi
687 767 758 801 nunc
769 751 880 802 furiaels
894 753 967 820 Vlll,
983 753 1047 822 174:
1063 756 1143 806 «Heu
1153 759 1159 805 l
1171 756 1217 809 ubi

174 831 298 900 laurigeri
307 845 398 880 currus
409 826 581 900 solenniaque
592 829 700 878 arma?-
711 828 771 882 silv.
782 832 830 897 ΙΙΙ,
842 833 870 884 5:
885 833 975 884 elien!
987 833 1034 886 uhi
1043 833 1214 887 notulidesis

174 914 213 964 lta
227 907 299 981 apud
313 908 399 960 Valer.
412 906 499 958 llaec.
515 910 558 972 tv,
571 907 635 977 469,
651 926 700 977 pro
719 910 823 963 «oabt
834 929 905 963 nunc
917 915 992 984 regni
1001 915 1159 985 generisque
1171 914 1218 968 nbi

174 991 272 1062 gloria,
281 1013 293 1036 ι
305 986 405 1041 mavult
414 989 539 1040 Heinsius
550 987 608 1039 Heu
621 985 677 1039 ubi.

207 1113 250 1179 42.
268 1111 417 1183 Sidereique
425 1111 495 1163 orbes
504 1111 656 1184 radiataque
666 1111 771 1165 lumina
780 1115 853 1168 coelo.
865 1116 989 1186 Agnosco
1002 1117 1104 1168 radiate
1113 1118 1217 1174 lumina

174 1212 204 1246 ex
218 1190 306 1245 Ovidii
318 1191 427 1243 Metam.
442 1192 486 1255 IV,
504 1191 566 1258 193:
586 1213 597 1235 ι
607 1191 716 1256 Forma,
731 1191 858 1264 calorque
871 1195 934 1261 tibi,
948 1194 1103 1268 radiataque
1116 1197 1215 1252 lumina

172 1283 299 1343 prosunt;
310 1293 321 1317 s
338 1268 385 1322 sed
398 1288 451 1340 qno
463 1267 544 1319 modo
557 1267 656 1321 lumina
671 1269 809 1324 radiantur
820 1272 897 1340 coelo,
909 1292 963 1327 non
976 1274 1102 1348 intelligo.
1115 1279 1156 1329 An
1167 1298 1215 1330 ro·

172 1352 221 1404 luit
233 1350 386 1423 radiataque
398 1349 502 1401 lumina
513 1348 587 1417 lnce,
599 1348 640 1401 vel
652 1347 721 1403 sole?
732 1349 773 1402 hae
786 1354 855 1404 enim
864 1371 943 1406 voces
956 1357 983 1406 in
998 1355 1068 1409 MSS.
1081 1375 1141 1409 curn
1153 1357 1215 1411 caelo

172 1444 378 1484 commutantur.
393 1428 444 1482 Sed
457 1427 522 1480 mihi
536 1431 643 1480 minime
657 1429 745 1501 placet
759 1430 860 1483 exilitas
874 1433 922 1484 ista
937 1435 966 1485 in
980 1433 1031 1485 line
1044 1453 1148 1497 versus3
1166 1455 1214 1489 nec

172 1513 242 1564 enim
256 1512 367 1564 Statium
378 1509 510 1582 sapit-An
521 1507 649 1582 denique,
663 1511 815 1582 radiataque
827 1510 929 1564 lumina
941 1511 1053 1564 Phoebo:
1069 1531 1123 1584 quo
1136 1533 1215 1568 sensu

172 1592 285 1659 Seneca,
296 1591 405 1664 Hippoi.
418 1608 444 1642 r.
459 1589 526 1658 377:

387 1681 415 1726 tu
424 1679 465 1742 qni
473 1678 585 1725 tenebant
594 1679 657 1740 signa
666 1677 773 1725 Phoebete
782 1677 837 1726 lacis

388 1749 468 1804 Oculi,
477 1747 536 1794 nihil
545 1748 629 1810 gentile
639 1764 683 1795 nec
691 1751 792 1811 patrium
802 1753 895 1798 micant.

172 1837 218 1902 Et,
232 1836 333 1887 «facies
345 1837 405 1905 igne
417 1831 518 1884 sidereo
531 1833 630 1896 nitens,
641 1853 652 1878 s
667 1847 694 1882 r:
706 1831 785 1895 1265;
799 1833 846 1886 sed
854 1851 905 1886 nec
915 1833 969 1888 hcc
980 1836 1123 1908 perplacet.
1132 1839 1213 1906 Quic-

172 1913 237 1986 quid
251 1917 297 1981 sit,
315 1915 386 1966 orbes
399 1926 425 1964 et
440 1911 543 1964 lumina
557 1915 756 1984 conjunguntur
770 1927 799 1964 ut
819 1913 891 1985 apud
905 1915 1041 1968 Lucanum
1055 1919 1092 1984 11,
1110 1919 1172 1987 till,
1188 1934 1214 1972 et

171 1994 204 2060 V,
220 2010 285 2060 ara,
300 2005 326 2044 et
339 1991 385 2045 sil.
398 1989 480 2043 Italic.
496 1991 546 2056 tx,
560 1991 621 2057 401.

207 2117 250 2186 43.
271 2119 406 2192 castigatae
419 2116 528 2170 collecta
544 2117 668 2171 modestia
680 2119 787 2189 frontis.
802 2121 925 2172 Frontem
943 2121 1094 2195 eastiqatam
1110 2121 1174 2175 dicit
1187 2126 1213 2175 in

172 2215 224 2270 qua
236 2196 315 2249 nulla
324 2215 409 2268 rugae,
421 2194 511 2248 nullus
521 2207 620 2262 tumor,
632 2195 698 2249 nihil
709 2196 824 2268 denique
833 2211 956 2269 apparet,
969 2198 1044 2269 quod
1055 2200 1214 2271 reprehendi

171 2288 269 2348 posset.
282 2278 325 2330 Sic
337 2275 415 2329 Orid.
427 2275 486 2326 Am.
498 2276 522 2341 l,
534 2275 573 2327 El.
586 2277 619 2342 V,
629 2295 654 2327 v.
669 2293 698 2327 ar
708 2295 716 2339 3
728 2277 879 2349 emtiqatum
890 2289 986 2348 pectru.
1005 2279 1070 2330 Ger.

207 2400 249 2470 47.
268 2399 304 2450 Et
321 2397 407 2450 mixta
421 2397 472 2450 risu
488 2393 603 2448 ucrtmoe
620 2399 774 2470 penitusque
791 2396 917 2468 loqueatis
930 2396 1045 2468 Hyblaeis
1063 2416 1113 2450 uox
1131 2400 1215 2454 mixta

165 2478 246 2550 favis.
262 2481 332 2532 Bene
347 2479 459 2531 luerim
472 2477 560 2529 mirtoe
572 2479 637 2530 risu.
652 2474 782 2530 Thebaid.
794 2478 843 2545 Vl,
859 2477 908 2544 164
922 2476 1065 2548 eleganter,

356 2565 397 2613 illa
407 2577 460 2613 tuot
469 2579 564 2629 questus
573 2565 753 2628 lacrimososque
763 2566 831 2630 impia
841 2565 899 2612 ristu

355 2638 445 2694 ludim
457 2650 481 2684 et
489 2639 551 2684 vocis
559 2638 675 2701 decerpsit
684 2653 803 2683 murmura
810 2639 902 2699 primse;

171 2718 197 2783 et
208 2729 257 2797 lX,
272 2731 338 2782 820:
355 2753 365 2776 ι
376 2729 480 2796 Audiit,
492 2743 519 2780 ct
531 2731 611 2782 mixto
624 2731 681 2782 risit
691 2731 804 2781 Latonia
817 2728 911 2782 fletu.»
930 2729 1015 2782 Udum
1026 2729 1152 2802 quadium
1165 2749 1214 2782 ro-

170 2824 214 2864 cat
224 2809 352 2864 Martialis
364 2809 453 2881 Epiqr.
468 2811 507 2876 X,
521 2811 569 2879 78;
582 2811 723 2862 Petronius
738 2810 766 2861 in
780 2813 866 2881 ‘troja
882 2811 989 2863 Halosi:
1007 2809 1143 2864 «Fletibus
1155 2827 1213 2862 nra-

170 2905 235 2944 nant
248 2911 321 2963 genae
335 2891 481 2961 Mentisque
495 2887 596 2961 paride
607 2889 733 2961 gaudium
747 2889 867 2944 lacrimas
880 2889 969 2943 habet.
982 2915 993 2937 ι
1009 2891 1168 2944 Claudianus
1180 2890 1213 2942 de

170 2971 234 3025 Bell.
244 2973 349 3026 Getico:
365 2993 377 3017 ι
388 2969 520 3042 Singultus
532 2971 620 3022 varios
630 2969 823 3042 lacrimosaque
833 2967 1066 3042 gandia'miscen13
1076 2995 1087 3019 ι
1102 2985 1128 3024 et
1137 2969 1214 3037 alibi,

173 3054 321 3105 «Permisto
335 3063 497 3104 tremuerunt
509 3049 606 3122 gaudia
619 3049 689 3102 lietu.
702 3073 713 3096 ι

203 3174 247 3240 48.
269 3175 318 3227 Cui
330 3173 405 3228 sibila
417 3193 518 3247 serpeus
527 3186 648 3246 poneret,
664 3187 715 3227 etc.
730 3177 774 3228 Ait
785 3177 837 3228 hoc
850 3175 911 3226 loco
928 3177 1060 3228 Domitius
1073 3178 1213 3247 Pupiniam

169 3252 204 3306 ad
213 3252 350 3308 historiam
356 3255 476 3307 Herculis
486 3254 618 3323 alludere,
628 3257 671 3308 cui
681 3257 778 3309 infanti
785 3257 839 3310 duo
851 3271 950 3325 angues
959 3274 973 3306 a
981 3257 1088 3308 Junone
1098 3275 1215 3311 noverca

169 3335 278 3387 immissi
293 3334 433 3386 dicuntur:
452 3353 503 3407 qna
518 3337 735 3408 interpretatione
751 3335 818 3387 nihil
835 3334 947 3386 alienius
961 3332 1014 3384 diei
1031 3347 1135 3404 potests
1150 3355 1214 3390 nam

168 3429 247 3485 poeta
257 3416 314 3466 sine
321 3412 402 3466 dubio
410 3413 444 3465 ad
452 3417 660 3470 incantationem
670 3418 797 3486 respexit,
806 3416 850 3468 cui
859 3415 931 3468 illam
938 3416 989 3466 rim
998 3413 1119 3466 tribuunt
1128 3420 1214 3490 magi,

169 3507 199 3544 nt
210 3495 290 3546 etiam
301 3506 436 3564 serpentes
448 3494 672 3567 oecidsreopossir.
692 3495 805 3547 Gavsnr.

205 3615 246 3670 56.
268 3617 330 3688 Quis
342 3629 387 3670 tua
398 3618 535 3693 colloquiis
547 3621 638 3674 hilaris
649 3619 771 3672 mulcebit
781 3619 874 3674 amatis
883 3624 1004 3691 pectem?
1017 3620 1147 3692 Displicet
1158 3622 1213 3694 syl-

168 3695 228 3749 laba
241 3697 326 3751 linalis
338 3700 359 3752 is
371 3702 448 3752 toties
460 3703 586 3773 repetita:
600 3718 649 3752 nec
662 3700 750 3772 placet
761 3719 812 3752 vox
824 3697 927 3767 hilaris,
941 3699 1039 3753 inutilis
1052 3718 1173 3772 prorsum
1187 3715 1213 3752 et
1315 3739 1321 3756 .

168 3778 315 3850 superflua;
332 3782 458 3850 conjicio,
474 3781 560 3848 «Quis
574 3793 620 3830 tua
632 3779 787 3851 colloquiis,
800 3778 904 3845 Melior,
919 3778 1045 3830 mulcebit
1059 3780 1151 3830 amatis
1163 3779 1212 3830 Pe·

169 3859 276 3911 ctorai’·
289 3871 319 3910 ut
328 3877 405 3912 versu
415 3862 515 3932 primo,
528 3858 627 3925 sQuod
634 3859 682 3912 tihi
692 3861 827 3932 praerepti,
837 3859 942 3926 Melior,
952 3859 1070 3912 solamen
1081 3857 1188 3910 damni.
1197 3881 1209 3904 ι

168 3937 220 3992 Sed
233 3940 292 3994 ride
310 3959 389 4013 porro
408 3965 414 3992 :
433 3955 478 3994 tna
496 3953 626 4013 pectora:
649 3943 744 4012 cujus?
762 3941 894 3994 Glaucias?
914 3942 988 4012 atqui
1002 3939 1054 3993 hoc
1068 3938 1212 3992 absurdum
