<?xml version="1.0" encoding="UTF-8"?>
<!DOCTYPE html PUBLIC "-//W3C//DTD XHTML 1.0 Transitional//EN"
    "http://www.w3.org/TR/xhtml1/DTD/xhtml1-transitional.dtd">
<html xmlns="http://www.w3.org/1999/xhtml" xml:lang="en" lang="en">
 <head>
  <title>
</title>
<meta http-equiv="Content-Type" content="text/html;charset=utf-8" />
  <meta name='ocr-system' content='tesseract 3.04.00' />
  <meta name='ocr-capabilities' content='ocr_page ocr_carea ocr_par ocr_line ocrx_word'/>
</head>
<body>
  <div class='ocr_page' id='page_1' title='image "./quexstantomniao03lemagoog_0430.png"; bbox 0 0 2824 4488; ppageno 0'>
   <div class='ocr_carea' id='block_1_1' title="bbox 217 315 1079 407">
    <p class='ocr_par' dir='ltr' id='par_1_1' title="bbox 217 315 1079 407">
     <span class='ocr_line' id='line_1_1' title="bbox 217 315 1079 407; baseline 0 -25"><span class='ocrx_word' id='word_1_1' title='bbox 217 319 282 407; x_wconf 78' lang='grc'>394</span> <span class='ocrx_word' id='word_1_2' title='bbox 397 315 531 379; x_wconf 82' lang='lat' dir='ltr'><strong>NOTAE</strong></span> <span class='ocrx_word' id='word_1_3' title='bbox 556 316 604 378; x_wconf 79' lang='lat' dir='ltr'>lu</span> <span class='ocrx_word' id='word_1_4' title='bbox 625 316 821 382; x_wconf 77' lang='lat' dir='ltr'><strong>CARMEN</strong></span> <span class='ocrx_word' id='word_1_5' title='bbox 844 315 1079 398; x_wconf 74' lang='lat' dir='ltr'>Quiu&#39;fuu</span> 
     </span>
    </p>
   </div>
   <div class='ocr_carea' id='block_1_2' title="bbox 216 435 1253 590">
    <p class='ocr_par' dir='ltr' id='par_1_2' title="bbox 216 435 1253 590">
     <span class='ocr_line' id='line_1_2' title="bbox 216 435 1253 511; baseline 0.005 -20"><span class='ocrx_word' id='word_1_6' title='bbox 216 453 332 511; x_wconf 84' lang='lat' dir='ltr'>temporo</span> <span class='ocrx_word' id='word_1_7' title='bbox 340 438 397 510; x_wconf 82' lang='lat' dir='ltr'>foti</span> <span class='ocrx_word' id='word_1_8' title='bbox 414 449 520 509; x_wconf 71' lang='lat' dir='ltr'>prestet</span> <span class='ocrx_word' id='word_1_9' title='bbox 532 435 620 492; x_wconf 78' lang='lat' dir='ltr'>Valer.</span> <span class='ocrx_word' id='word_1_10' title='bbox 639 435 726 490; x_wconf 75' lang='lat' dir='ltr'>utere.</span> <span class='ocrx_word' id='word_1_11' title='bbox 739 438 791 500; x_wconf 82' lang='lat'>111,</span> <span class='ocrx_word' id='word_1_12' title='bbox 807 437 876 506; x_wconf 76' lang='lat'>379³</span> <span class='ocrx_word' id='word_1_13' title='bbox 897 439 1084 509; x_wconf 78' lang='lat' dir='ltr'>eSortitasque</span> <span class='ocrx_word' id='word_1_14' title='bbox 1101 438 1209 508; x_wconf 84' lang='lat' dir='ltr'>breves,</span> <span class='ocrx_word' id='word_1_15' title='bbox 1227 457 1253 496; x_wconf 86' lang='lat' dir='ltr'>et</span> 
     </span>
     <span class='ocr_line' id='line_1_3' title="bbox 216 516 689 590; baseline -0.008 -20"><span class='ocrx_word' id='word_1_16' title='bbox 216 520 290 590; x_wconf 82' lang='lat' dir='ltr'>parvi</span> <span class='ocrx_word' id='word_1_17' title='bbox 304 531 422 588; x_wconf 87' lang='lat' dir='ltr'>tempora</span> <span class='ocrx_word' id='word_1_18' title='bbox 437 517 485 567; x_wconf 82' lang='lat' dir='ltr'>fati</span> <span class='ocrx_word' id='word_1_19' title='bbox 496 516 667 586; x_wconf 74' lang='lat' dir='ltr'>perpetimur.</span> <span class='ocrx_word' id='word_1_20' title='bbox 677 537 689 560; x_wconf 74' lang='lat' dir='ltr'>n</span> 
     </span>
    </p>
   </div>
   <div class='ocr_carea' id='block_1_3' title="bbox 215 664 1264 983">
    <p class='ocr_par' dir='ltr' id='par_1_3' title="bbox 215 664 1264 983">
     <span class='ocr_line' id='line_1_4' title="bbox 251 664 1264 742; baseline 0.005 -22"><span class='ocrx_word' id='word_1_21' title='bbox 251 668 294 738; x_wconf 82' lang='lat'>49.</span> <span class='ocrx_word' id='word_1_22' title='bbox 312 668 349 720; x_wconf 81' lang='lat' dir='ltr'>Et</span> <span class='ocrx_word' id='word_1_23' title='bbox 367 685 520 739; x_wconf 81' lang='lat' dir='ltr'>quanquam</span> <span class='ocrx_word' id='word_1_24' title='bbox 533 666 594 722; x_wconf 81' lang='lat' dir='ltr'>sceui</span> <span class='ocrx_word' id='word_1_25' title='bbox 602 666 727 738; x_wconf 83' lang='lat' dir='ltr'>fecerunt</span> <span class='ocrx_word' id='word_1_26' title='bbox 740 667 863 720; x_wconf 74' lang='lat' dir='ltr'>Menaria</span> <span class='ocrx_word' id='word_1_27' title='bbox 873 664 1002 738; x_wconf 67' lang='lat' dir='ltr'>planctu.</span> <span class='ocrx_word' id='word_1_28' title='bbox 1016 667 1065 718; x_wconf 82' lang='lat' dir='ltr'>Hie</span> <span class='ocrx_word' id='word_1_29' title='bbox 1082 681 1122 722; x_wconf 82' lang='lat' dir='ltr'>eet</span> <span class='ocrx_word' id='word_1_30' title='bbox 1137 688 1208 724; x_wconf 84' lang='lat' dir='ltr'>uuus</span> <span class='ocrx_word' id='word_1_31' title='bbox 1221 689 1264 742; x_wconf 36' lang='lat' dir='ltr'>ea,</span> 
     </span>
     <span class='ocr_line' id='line_1_5' title="bbox 216 745 1255 820; baseline 0.002 -19"><span class='ocrx_word' id='word_1_32' title='bbox 216 745 281 802; x_wconf 86' lang='lat' dir='ltr'>locis</span> <span class='ocrx_word' id='word_1_33' title='bbox 296 747 330 798; x_wconf 90' lang='lat' dir='ltr'>de</span> <span class='ocrx_word' id='word_1_34' title='bbox 344 746 439 818; x_wconf 88' lang='lat' dir='ltr'>quibus</span> <span class='ocrx_word' id='word_1_35' title='bbox 451 749 479 798; x_wconf 91' lang='lat' dir='ltr'>in</span> <span class='ocrx_word' id='word_1_36' title='bbox 491 748 590 800; x_wconf 69' lang='lat' dir='ltr'>ment.</span> <span class='ocrx_word' id='word_1_37' title='bbox 603 759 712 818; x_wconf 87' lang='lat' dir='ltr'>questus</span> <span class='ocrx_word' id='word_1_38' title='bbox 724 765 797 808; x_wconf 64' lang='lat' dir='ltr'>sunu</span> <span class='ocrx_word' id='word_1_39' title='bbox 810 746 877 800; x_wconf 85' lang='lat' dir='ltr'>adeo</span> <span class='ocrx_word' id='word_1_40' title='bbox 887 748 1046 813; x_wconf 81' lang='lat' dir='ltr'>immuniter,</span> <span class='ocrx_word' id='word_1_41' title='bbox 1058 749 1155 820; x_wconf 83' lang='lat' dir='ltr'>siquid</span> <span class='ocrx_word' id='word_1_42' title='bbox 1164 749 1255 816; x_wconf 79' lang='lat' dir='ltr'>rideo,</span> 
     </span>
     <span class='ocr_line' id='line_1_6' title="bbox 215 827 1256 902; baseline 0.007 -22"><span class='ocrx_word' id='word_1_43' title='bbox 215 827 391 902; x_wconf 79' lang='lat' dir='ltr'>depravatus,</span> <span class='ocrx_word' id='word_1_44' title='bbox 408 842 438 880; x_wconf 90' lang='lat' dir='ltr'>ut</span> <span class='ocrx_word' id='word_1_45' title='bbox 453 831 508 884; x_wconf 80' lang='lat' dir='ltr'>sine</span> <span class='ocrx_word' id='word_1_46' title='bbox 524 828 622 881; x_wconf 84' lang='lat' dir='ltr'>codicis</span> <span class='ocrx_word' id='word_1_47' title='bbox 639 828 751 898; x_wconf 79' lang='lat' dir='ltr'>alicujus</span> <span class='ocrx_word' id='word_1_48' title='bbox 765 827 806 880; x_wconf 87' lang='lat' dir='ltr'>vel</span> <span class='ocrx_word' id='word_1_49' title='bbox 822 829 944 882; x_wconf 71' lang='lat' dir='ltr'>ruiensis</span> <span class='ocrx_word' id='word_1_50' title='bbox 959 828 1079 884; x_wconf 74' lang='lat' dir='ltr'>lectionis</span> <span class='ocrx_word' id='word_1_51' title='bbox 1093 830 1256 886; x_wconf 77' lang='lat' dir='ltr'>adminiculo</span> 
     </span>
     <span class='ocr_line' id='line_1_7' title="bbox 215 908 1256 983; baseline 0.004 -21"><span class='ocrx_word' id='word_1_52' title='bbox 215 909 377 983; x_wconf 86' lang='lat' dir='ltr'>impossibile</span> <span class='ocrx_word' id='word_1_53' title='bbox 389 913 424 964; x_wconf 90' lang='lat' dir='ltr'>sit</span> <span class='ocrx_word' id='word_1_54' title='bbox 435 928 495 964; x_wconf 88' lang='lat' dir='ltr'>eum</span> <span class='ocrx_word' id='word_1_55' title='bbox 506 910 534 962; x_wconf 88' lang='lat' dir='ltr'>iu</span> <span class='ocrx_word' id='word_1_56' title='bbox 544 909 684 963; x_wconf 76' lang='lat' dir='ltr'>sanitatem</span> <span class='ocrx_word' id='word_1_57' title='bbox 696 927 823 962; x_wconf 83' lang='lat' dir='ltr'>asserere.</span> <span class='ocrx_word' id='word_1_58' title='bbox 832 910 962 981; x_wconf 81' lang='lat' dir='ltr'>Loquitur</span> <span class='ocrx_word' id='word_1_59' title='bbox 972 908 1068 964; x_wconf 85' lang='lat' dir='ltr'>Statius</span> <span class='ocrx_word' id='word_1_60' title='bbox 1077 910 1112 964; x_wconf 89' lang='lat' dir='ltr'>de</span> <span class='ocrx_word' id='word_1_61' title='bbox 1125 911 1183 966; x_wconf 85' lang='lat' dir='ltr'>lidie</span> <span class='ocrx_word' id='word_1_62' title='bbox 1193 931 1256 966; x_wconf 88' lang='lat' dir='ltr'>uxo-</span> 
     </span>
    </p>
   </div>
   <div class='ocr_carea' id='block_1_4' title="bbox 121 988 1257 1062">
    <p class='ocr_par' dir='ltr' id='par_1_4' title="bbox 121 988 1257 1062">
     <span class='ocr_line' id='line_1_8' title="bbox 121 988 1257 1062; baseline 0.002 -20"><span class='ocrx_word' id='word_1_63' title='bbox 121 993 123 998; x_wconf 77' lang='grc'><strong>“</strong></span> <span class='ocrx_word' id='word_1_64' title='bbox 217 990 307 1057; x_wconf 83' lang='lat' dir='ltr'>ribus,</span> <span class='ocrx_word' id='word_1_65' title='bbox 319 1003 345 1042; x_wconf 91' lang='lat' dir='ltr'>et</span> <span class='ocrx_word' id='word_1_66' title='bbox 357 1008 413 1062; x_wconf 83' lang='lat' dir='ltr'>quse</span> <span class='ocrx_word' id='word_1_67' title='bbox 425 991 550 1060; x_wconf 74' lang='lat' dir='ltr'>conjuges</span> <span class='ocrx_word' id='word_1_68' title='bbox 562 1007 624 1042; x_wconf 87' lang='lat' dir='ltr'>suos</span> <span class='ocrx_word' id='word_1_69' title='bbox 636 1007 684 1060; x_wconf 90' lang='lat' dir='ltr'>per</span> <span class='ocrx_word' id='word_1_70' title='bbox 698 1005 790 1041; x_wconf 85' lang='lat' dir='ltr'>omnes</span> <span class='ocrx_word' id='word_1_71' title='bbox 802 1007 878 1042; x_wconf 80' lang='lat' dir='ltr'>ersus</span> <span class='ocrx_word' id='word_1_72' title='bbox 890 990 1008 1042; x_wconf 80' lang='lat' dir='ltr'>comitari</span> <span class='ocrx_word' id='word_1_73' title='bbox 1018 988 1129 1044; x_wconf 73' lang='lat' dir='ltr'>vedent:</span> <span class='ocrx_word' id='word_1_74' title='bbox 1143 991 1257 1061; x_wconf 76' lang='lat' dir='ltr'>AEgieie‚</span> 
     </span>
    </p>
   </div>
   <div class='ocr_carea' id='block_1_5' title="bbox 215 1066 1284 4088">
    <p class='ocr_par' dir='ltr' id='par_1_5' title="bbox 215 1066 1284 4088">
     <span class='ocr_line' id='line_1_9' title="bbox 217 1066 1257 1141; baseline 0.005 -22"><span class='ocrx_word' id='word_1_75' title='bbox 217 1069 318 1140; x_wconf 86' lang='lat' dir='ltr'>iuquit,</span> <span class='ocrx_word' id='word_1_76' title='bbox 330 1078 417 1141; x_wconf 82' lang='lat' dir='ltr'>questa</span> <span class='ocrx_word' id='word_1_77' title='bbox 426 1079 463 1119; x_wconf 88' lang='lat' dir='ltr'>est</span> <span class='ocrx_word' id='word_1_78' title='bbox 474 1067 598 1139; x_wconf 79' lang='lat' dir='ltr'><strong><em>relinqui,</em></strong></span> <span class='ocrx_word' id='word_1_79' title='bbox 612 1066 701 1119; x_wconf 85' lang='lat' dir='ltr'>mallet</span> <span class='ocrx_word' id='word_1_80' title='bbox 710 1070 829 1122; x_wconf 82' lang='lat' dir='ltr'>comitari</span> <span class='ocrx_word' id='word_1_81' title='bbox 841 1067 960 1120; x_wconf 83' lang='lat' dir='ltr'>maritum</span> <span class='ocrx_word' id='word_1_82' title='bbox 969 1087 1045 1122; x_wconf 80' lang='lat' dir='ltr'>suum</span> <span class='ocrx_word' id='word_1_83' title='bbox 1054 1070 1209 1124; x_wconf 82' lang='lat' dir='ltr'>Diomedem</span> <span class='ocrx_word' id='word_1_84' title='bbox 1221 1070 1257 1126; x_wconf 80' lang='lat' dir='ltr'>ed</span> 
     </span>
     <span class='ocr_line' id='line_1_10' title="bbox 217 1145 1256 1224; baseline 0.004 -26"><span class='ocrx_word' id='word_1_85' title='bbox 217 1147 317 1200; x_wconf 85' lang='lat' dir='ltr'>bellurn</span> <span class='ocrx_word' id='word_1_86' title='bbox 330 1149 489 1217; x_wconf 84' lang='lat' dir='ltr'>Trojauum;</span> <span class='ocrx_word' id='word_1_87' title='bbox 505 1149 578 1198; x_wconf 85' lang='lat' dir='ltr'>etita</span> <span class='ocrx_word' id='word_1_88' title='bbox 591 1146 712 1199; x_wconf 72' lang='lat' dir='ltr'>Meliboea</span> <span class='ocrx_word' id='word_1_89' title='bbox 724 1145 911 1200; x_wconf 85' lang='lat' dir='ltr'>Philoctetem:</span> <span class='ocrx_word' id='word_1_90' title='bbox 923 1160 949 1200; x_wconf 87' lang='lat' dir='ltr'>et</span> <span class='ocrx_word' id='word_1_91' title='bbox 959 1148 1091 1222; x_wconf 79' lang='lat' dir='ltr'>plauctus,</span> <span class='ocrx_word' id='word_1_92' title='bbox 1105 1169 1256 1224; x_wconf 77' lang='lat' dir='ltr'>quenquam</span> 
     </span>
     <span class='ocr_line' id='line_1_11' title="bbox 216 1223 1255 1298; baseline 0.001 -21"><span class='ocrx_word' id='word_1_93' title='bbox 216 1227 291 1291; x_wconf 82' lang='lat' dir='ltr'>soeui,</span> <span class='ocrx_word' id='word_1_94' title='bbox 297 1225 419 1297; x_wconf 76' lang='lat' dir='ltr'>fecerunt</span> <span class='ocrx_word' id='word_1_95' title='bbox 428 1225 558 1277; x_wconf 83' lang='lat' dir='ltr'>Moenoda.</span> <span class='ocrx_word' id='word_1_96' title='bbox 572 1225 654 1295; x_wconf 77' lang='lat' dir='ltr'>Quum</span> <span class='ocrx_word' id='word_1_97' title='bbox 665 1223 785 1278; x_wconf 83' lang='lat' dir='ltr'>iecerunt</span> <span class='ocrx_word' id='word_1_98' title='bbox 794 1223 930 1278; x_wconf 76' lang='lat' dir='ltr'>Morunda?</span> <span class='ocrx_word' id='word_1_99' title='bbox 941 1237 967 1279; x_wconf 87' lang='lat' dir='ltr'>et</span> <span class='ocrx_word' id='word_1_100' title='bbox 975 1245 1067 1298; x_wconf 83' lang='lat' dir='ltr'>quare,</span> <span class='ocrx_word' id='word_1_101' title='bbox 1078 1239 1104 1278; x_wconf 88' lang='lat' dir='ltr'>et</span> <span class='ocrx_word' id='word_1_102' title='bbox 1113 1227 1255 1298; x_wconf 84' lang='lat' dir='ltr'>quemodo,</span> 
     </span>
     <span class='ocr_line' id='line_1_12' title="bbox 218 1303 1256 1378; baseline 0 -20"><span class='ocrx_word' id='word_1_103' title='bbox 218 1317 244 1358; x_wconf 89' lang='lat' dir='ltr'>et</span> <span class='ocrx_word' id='word_1_104' title='bbox 258 1304 380 1378; x_wconf 83' lang='lat' dir='ltr'>quondo?</span> <span class='ocrx_word' id='word_1_105' title='bbox 394 1306 462 1356; x_wconf 87' lang='lat' dir='ltr'>Etsi</span> <span class='ocrx_word' id='word_1_106' title='bbox 479 1303 533 1355; x_wconf 75' lang='lat' dir='ltr'>hec</span> <span class='ocrx_word' id='word_1_107' title='bbox 546 1307 634 1356; x_wconf 74' lang='lat' dir='ltr'>onnia</span> <span class='ocrx_word' id='word_1_108' title='bbox 645 1303 814 1375; x_wconf 80' lang='lat' dir='ltr'>probaveris,</span> <span class='ocrx_word' id='word_1_109' title='bbox 828 1324 946 1377; x_wconf 73' lang='lat' dir='ltr'>quaenam</span> <span class='ocrx_word' id='word_1_110' title='bbox 961 1309 1090 1360; x_wconf 72' lang='lat' dir='ltr'>connexio</span> <span class='ocrx_word' id='word_1_111' title='bbox 1103 1307 1170 1358; x_wconf 90' lang='lat' dir='ltr'>inter</span> <span class='ocrx_word' id='word_1_112' title='bbox 1185 1306 1256 1358; x_wconf 86' lang='lat' dir='ltr'>hunc</span> 
     </span>
     <span class='ocr_line' id='line_1_13' title="bbox 218 1383 1256 1457; baseline 0.001 -20"><span class='ocrx_word' id='word_1_113' title='bbox 218 1398 245 1437; x_wconf 90' lang='lat' dir='ltr'>et</span> <span class='ocrx_word' id='word_1_114' title='bbox 259 1383 447 1455; x_wconf 74' lang='lat' dir='ltr'>precedentem</span> <span class='ocrx_word' id='word_1_115' title='bbox 459 1387 583 1436; x_wconf 79' lang='lat' dir='ltr'>versum?</span> <span class='ocrx_word' id='word_1_116' title='bbox 595 1383 657 1456; x_wconf 91' lang='lat' dir='ltr'>quid</span> <span class='ocrx_word' id='word_1_117' title='bbox 672 1387 743 1436; x_wconf 88' lang='lat' dir='ltr'>euim</span> <span class='ocrx_word' id='word_1_118' title='bbox 756 1386 856 1438; x_wconf 74' lang='lat' dir='ltr'>Menos</span> <span class='ocrx_word' id='word_1_119' title='bbox 868 1384 955 1457; x_wconf 78' lang='lat' dir='ltr'>aliqua</span> <span class='ocrx_word' id='word_1_120' title='bbox 969 1384 1068 1438; x_wconf 81' lang='lat' dir='ltr'>Baeohi</span> <span class='ocrx_word' id='word_1_121' title='bbox 1082 1387 1182 1438; x_wconf 78' lang='lat' dir='ltr'>furiosa</span> <span class='ocrx_word' id='word_1_122' title='bbox 1196 1405 1256 1438; x_wconf 85' lang='lat' dir='ltr'>eum</span> 
     </span>
     <span class='ocr_line' id='line_1_14' title="bbox 219 1463 1257 1536; baseline 0.005 -23"><span class='ocrx_word' id='word_1_123' title='bbox 219 1464 340 1516; x_wconf 73' lang='lat' dir='ltr'>uxoribus</span> <span class='ocrx_word' id='word_1_124' title='bbox 350 1464 451 1536; x_wconf 65' lang='lat' dir='ltr'>AEqiaie</span> <span class='ocrx_word' id='word_1_125' title='bbox 463 1478 489 1516; x_wconf 89' lang='lat' dir='ltr'>et</span> <span class='ocrx_word' id='word_1_126' title='bbox 502 1463 645 1516; x_wconf 73' lang='lat' dir='ltr'>Meliboea?</span> <span class='ocrx_word' id='word_1_127' title='bbox 659 1481 739 1535; x_wconf 86' lang='lat' dir='ltr'>quare</span> <span class='ocrx_word' id='word_1_128' title='bbox 751 1477 806 1516; x_wconf 84' lang='lat' dir='ltr'>tarn</span> <span class='ocrx_word' id='word_1_129' title='bbox 818 1463 965 1536; x_wconf 83' lang='lat' dir='ltr'>emphatice</span> <span class='ocrx_word' id='word_1_130' title='bbox 973 1463 1096 1536; x_wconf 80' lang='lat' dir='ltr'>planetus</span> <span class='ocrx_word' id='word_1_131' title='bbox 1107 1483 1257 1536; x_wconf 71' lang='lat' dir='ltr'>quanquam</span> 
     </span>
     <span class='ocr_line' id='line_1_15' title="bbox 217 1541 1259 1618; baseline 0.001 -21"><span class='ocrx_word' id='word_1_132' title='bbox 217 1545 294 1597; x_wconf 81' lang='lat' dir='ltr'>soevi?</span> <span class='ocrx_word' id='word_1_133' title='bbox 306 1547 380 1618; x_wconf 80' lang='lat' dir='ltr'>quasi</span> <span class='ocrx_word' id='word_1_134' title='bbox 391 1543 462 1611; x_wconf 81' lang='lat' dir='ltr'>hrec,</span> <span class='ocrx_word' id='word_1_135' title='bbox 475 1561 638 1615; x_wconf 68' lang='lat' dir='ltr'>quaeeunque</span> <span class='ocrx_word' id='word_1_136' title='bbox 648 1545 697 1609; x_wconf 84' lang='lat' dir='ltr'>sit,</span> <span class='ocrx_word' id='word_1_137' title='bbox 710 1541 742 1594; x_wconf 93' lang='lat' dir='ltr'>de</span> <span class='ocrx_word' id='word_1_138' title='bbox 754 1563 806 1614; x_wconf 84' lang='lat' dir='ltr'>qua</span> <span class='ocrx_word' id='word_1_139' title='bbox 819 1563 904 1596; x_wconf 87' lang='lat' dir='ltr'>sermo</span> <span class='ocrx_word' id='word_1_140' title='bbox 917 1555 971 1610; x_wconf 87' lang='lat' dir='ltr'>est,</span> <span class='ocrx_word' id='word_1_141' title='bbox 983 1544 1065 1616; x_wconf 75' lang='lat' dir='ltr'>nroqt&#39;s</span> <span class='ocrx_word' id='word_1_142' title='bbox 1076 1545 1176 1597; x_wconf 73' lang='lat' dir='ltr'>Menos</span> <span class='ocrx_word' id='word_1_143' title='bbox 1187 1545 1259 1598; x_wconf 77' lang='lat' dir='ltr'>iaetu</span> 
     </span>
     <span class='ocr_line' id='line_1_16' title="bbox 218 1621 1258 1698; baseline 0.002 -22"><span class='ocrx_word' id='word_1_144' title='bbox 218 1624 327 1688; x_wconf 80' lang='lat' dir='ltr'>inisset,</span> <span class='ocrx_word' id='word_1_145' title='bbox 346 1625 367 1676; x_wconf 87' lang='lat' dir='ltr'>si</span> <span class='ocrx_word' id='word_1_146' title='bbox 384 1624 506 1698; x_wconf 82' lang='lat' dir='ltr'>planetus</span> <span class='ocrx_word' id='word_1_147' title='bbox 524 1626 579 1694; x_wconf 87' lang='lat' dir='ltr'>ejus</span> <span class='ocrx_word' id='word_1_148' title='bbox 596 1621 681 1676; x_wconf 80' lang='lat' dir='ltr'>minus</span> <span class='ocrx_word' id='word_1_149' title='bbox 698 1622 758 1676; x_wconf 79' lang='lat' dir='ltr'>sevi</span> <span class='ocrx_word' id='word_1_150' title='bbox 774 1625 896 1676; x_wconf 79' lang='lat' dir='ltr'>fuissent.</span> <span class='ocrx_word' id='word_1_151' title='bbox 916 1623 968 1674; x_wconf 87' lang='lat' dir='ltr'>Sed</span> <span class='ocrx_word' id='word_1_152' title='bbox 986 1637 1090 1696; x_wconf 85' lang='lat' dir='ltr'>tempus</span> <span class='ocrx_word' id='word_1_153' title='bbox 1109 1637 1150 1676; x_wconf 81' lang='lat' dir='ltr'>est</span> <span class='ocrx_word' id='word_1_154' title='bbox 1167 1623 1258 1678; x_wconf 81' lang='lat' dir='ltr'>audire</span> 
     </span>
     <span class='ocr_line' id='line_1_17' title="bbox 218 1701 1259 1777; baseline 0 -20"><span class='ocrx_word' id='word_1_155' title='bbox 218 1703 397 1771; x_wconf 81' lang='lat' dir='ltr'>Gronovium,</span> <span class='ocrx_word' id='word_1_156' title='bbox 411 1705 493 1760; x_wconf 85' lang='lat' dir='ltr'>Diatr.</span> <span class='ocrx_word' id='word_1_157' title='bbox 509 1723 533 1756; x_wconf 85' lang='lat' dir='ltr'>c.</span> <span class='ocrx_word' id='word_1_158' title='bbox 549 1705 598 1771; x_wconf 80' lang='grc'>35,</span> <span class='ocrx_word' id='word_1_159' title='bbox 613 1703 659 1756; x_wconf 91' lang='lat' dir='ltr'>ubi</span> <span class='ocrx_word' id='word_1_160' title='bbox 672 1717 734 1775; x_wconf 89' lang='lat' dir='ltr'>post</span> <span class='ocrx_word' id='word_1_161' title='bbox 748 1706 841 1757; x_wconf 85' lang='lat' dir='ltr'>citatos</span> <span class='ocrx_word' id='word_1_162' title='bbox 856 1701 924 1756; x_wconf 81' lang='lat' dir='ltr'>duos</span> <span class='ocrx_word' id='word_1_163' title='bbox 939 1701 988 1754; x_wconf 89' lang='lat' dir='ltr'>hos</span> <span class='ocrx_word' id='word_1_164' title='bbox 1002 1723 1110 1772; x_wconf 85' lang='lat' dir='ltr'>versus,</span> <span class='ocrx_word' id='word_1_165' title='bbox 1123 1707 1159 1758; x_wconf 84' lang='lat' dir='ltr'>ita</span> <span class='ocrx_word' id='word_1_166' title='bbox 1172 1703 1259 1777; x_wconf 90' lang='lat' dir='ltr'>loqui-</span> 
     </span>
     <span class='ocr_line' id='line_1_18' title="bbox 218 1783 1259 1856; baseline 0.001 -21"><span class='ocrx_word' id='word_1_167' title='bbox 218 1797 277 1836; x_wconf 88' lang='lat' dir='ltr'>tur:</span> <span class='ocrx_word' id='word_1_168' title='bbox 298 1783 396 1838; x_wconf 71' lang='lat' dir='ltr'>uvarie</span> <span class='ocrx_word' id='word_1_169' title='bbox 411 1785 585 1856; x_wconf 82' lang='lat' dir='ltr'>posteriorem</span> <span class='ocrx_word' id='word_1_170' title='bbox 601 1802 704 1835; x_wconf 84' lang='lat' dir='ltr'>versum</span> <span class='ocrx_word' id='word_1_171' title='bbox 723 1795 855 1836; x_wconf 88' lang='lat' dir='ltr'>torserunt</span> <span class='ocrx_word' id='word_1_172' title='bbox 874 1785 1037 1854; x_wconf 75' lang='lat' dir='ltr'>interpretes.</span> <span class='ocrx_word' id='word_1_173' title='bbox 1052 1783 1190 1838; x_wconf 76' lang='lat' dir='ltr'>Gererrius</span> <span class='ocrx_word' id='word_1_174' title='bbox 1206 1783 1259 1836; x_wconf 89' lang='lat' dir='ltr'>dis·</span> 
     </span>
     <span class='ocr_line' id='line_1_19' title="bbox 215 1861 1257 1936; baseline 0.003 -24"><span class='ocrx_word' id='word_1_175' title='bbox 215 1863 304 1934; x_wconf 74' lang='lat' dir='ltr'>jungit</span> <span class='ocrx_word' id='word_1_176' title='bbox 318 1861 345 1913; x_wconf 75' lang='lat' dir='ltr'>ri</span> <span class='ocrx_word' id='word_1_177' title='bbox 360 1881 538 1936; x_wconf 78' lang='lat' dir='ltr'>quamquam:</span> <span class='ocrx_word' id='word_1_178' title='bbox 553 1863 590 1913; x_wconf 86' lang='lat' dir='ltr'>Et</span> <span class='ocrx_word' id='word_1_179' title='bbox 605 1881 686 1936; x_wconf 81' lang='lat' dir='ltr'>qnam</span> <span class='ocrx_word' id='word_1_180' title='bbox 700 1881 779 1935; x_wconf 81' lang='lat' dir='ltr'>quam</span> <span class='ocrx_word' id='word_1_181' title='bbox 793 1862 869 1924; x_wconf 76' lang='lat' dir='ltr'>soeur&#39;5</span> <span class='ocrx_word' id='word_1_182' title='bbox 883 1863 921 1913; x_wconf 90' lang='lat' dir='ltr'>uti</span> <span class='ocrx_word' id='word_1_183' title='bbox 940 1875 965 1912; x_wconf 90' lang='lat' dir='ltr'>et</span> <span class='ocrx_word' id='word_1_184' title='bbox 983 1862 1131 1927; x_wconf 84' lang='lat' dir='ltr'>Domitius,</span> <span class='ocrx_word' id='word_1_185' title='bbox 1152 1861 1257 1932; x_wconf 84' lang='lat' dir='ltr'>quando</span> 
     </span>
     <span class='ocr_line' id='line_1_20' title="bbox 217 1939 1257 2014; baseline 0.001 -21"><span class='ocrx_word' id='word_1_186' title='bbox 217 1954 294 1993; x_wconf 87' lang='lat' dir='ltr'>notat</span> <span class='ocrx_word' id='word_1_187' title='bbox 307 1941 431 1993; x_wconf 80' lang='lat' dir='ltr'>inusitate</span> <span class='ocrx_word' id='word_1_188' title='bbox 443 1939 470 1993; x_wconf 81' lang='lat' dir='ltr'>ri</span> <span class='ocrx_word' id='word_1_189' title='bbox 482 1961 561 2014; x_wconf 87' lang='lat' dir='ltr'>quam</span> <span class='ocrx_word' id='word_1_190' title='bbox 576 1961 637 1994; x_wconf 83' lang='lat' dir='ltr'>cum</span> <span class='ocrx_word' id='word_1_191' title='bbox 648 1943 761 2012; x_wconf 80' lang='lat' dir='ltr'>positivo</span> <span class='ocrx_word' id='word_1_192' title='bbox 776 1945 913 2013; x_wconf 65' lang='lat' dir='ltr'>junctum</span> <span class='ocrx_word' id='word_1_193' title='bbox 926 1939 1089 2011; x_wconf 76' lang='lat' dir='ltr'>frequentius</span> <span class='ocrx_word' id='word_1_194' title='bbox 1102 1939 1164 1992; x_wconf 87' lang='lat' dir='ltr'>eddi</span> <span class='ocrx_word' id='word_1_195' title='bbox 1175 1945 1257 2014; x_wconf 84' lang='lat' dir='ltr'>parti-</span> 
     </span>
     <span class='ocr_line' id='line_1_21' title="bbox 217 2019 1258 2094; baseline 0.003 -22"><span class='ocrx_word' id='word_1_196' title='bbox 217 2021 304 2072; x_wconf 87' lang='lat' dir='ltr'>culam</span> <span class='ocrx_word' id='word_1_197' title='bbox 316 2040 379 2092; x_wconf 83' lang='lat' dir='ltr'>per,</span> <span class='ocrx_word' id='word_1_198' title='bbox 394 2033 424 2072; x_wconf 90' lang='lat' dir='ltr'>ut</span> <span class='ocrx_word' id='word_1_199' title='bbox 441 2023 473 2072; x_wconf 88' lang='lat' dir='ltr'>sit</span> <span class='ocrx_word' id='word_1_200' title='bbox 486 2039 613 2092; x_wconf 83' lang='lat' dir='ltr'>perquem</span> <span class='ocrx_word' id='word_1_201' title='bbox 628 2022 694 2073; x_wconf 77' lang='lat' dir='ltr'>sevi.</span> <span class='ocrx_word' id='word_1_202' title='bbox 710 2021 795 2088; x_wconf 82' lang='lat' dir='ltr'>Quem</span> <span class='ocrx_word' id='word_1_203' title='bbox 815 2022 907 2074; x_wconf 87' lang='lat' dir='ltr'>merito</span> <span class='ocrx_word' id='word_1_204' title='bbox 925 2020 1095 2091; x_wconf 80' lang='lat' dir='ltr'>reprehendit</span> <span class='ocrx_word' id='word_1_205' title='bbox 1113 2020 1172 2090; x_wconf 89' lang='lat' dir='ltr'>ille,</span> <span class='ocrx_word' id='word_1_206' title='bbox 1188 2019 1258 2094; x_wconf 87' lang='lat' dir='ltr'>quod</span> 
     </span>
     <span class='ocr_line' id='line_1_22' title="bbox 217 2099 1257 2175; baseline -0.002 -21"><span class='ocrx_word' id='word_1_207' title='bbox 217 2099 273 2154; x_wconf 79' lang='lat' dir='ltr'>luec</span> <span class='ocrx_word' id='word_1_208' title='bbox 282 2099 315 2154; x_wconf 86' lang='lat' dir='ltr'>ad</span> <span class='ocrx_word' id='word_1_209' title='bbox 321 2099 492 2154; x_wconf 76' lang='lat' dir='ltr'>Laodamiam</span> <span class='ocrx_word' id='word_1_210' title='bbox 502 2101 607 2152; x_wconf 82' lang='lat' dir='ltr'>referet.</span> <span class='ocrx_word' id='word_1_211' title='bbox 616 2100 735 2154; x_wconf 85' lang='lat' dir='ltr'>Crueeue</span> <span class='ocrx_word' id='word_1_212' title='bbox 746 2103 885 2173; x_wconf 79' lang='lat' dir='ltr'>supponit:</span> <span class='ocrx_word' id='word_1_213' title='bbox 896 2101 931 2152; x_wconf 81' lang='lat' dir='ltr'>Et</span> <span class='ocrx_word' id='word_1_214' title='bbox 939 2119 1019 2173; x_wconf 82' lang='lat' dir='ltr'>quom</span> <span class='ocrx_word' id='word_1_215' title='bbox 1029 2112 1083 2154; x_wconf 81' lang='lat' dir='ltr'>tom</span> <span class='ocrx_word' id='word_1_216' title='bbox 1093 2104 1162 2156; x_wconf 82' lang='lat' dir='ltr'>toevt‘.</span> <span class='ocrx_word' id='word_1_217' title='bbox 1169 2103 1193 2154; x_wconf 85' lang='lat' dir='ltr'>N</span> <span class='ocrx_word' id='word_1_218' title='bbox 1197 2121 1257 2175; x_wconf 71' lang='lat' dir='ltr'>uqa.</span> 
     </span>
     <span class='ocr_line' id='line_1_23' title="bbox 218 2177 1258 2252; baseline 0 -22"><span class='ocrx_word' id='word_1_219' title='bbox 218 2179 286 2231; x_wconf 79' lang='lat' dir='ltr'>Vere</span> <span class='ocrx_word' id='word_1_220' title='bbox 304 2193 344 2232; x_wconf 81' lang='lat' dir='ltr'>est</span> <span class='ocrx_word' id='word_1_221' title='bbox 361 2177 483 2250; x_wconf 71' lang='lat' dir='ltr'>vulgata,</span> <span class='ocrx_word' id='word_1_222' title='bbox 503 2180 584 2230; x_wconf 87' lang='lat' dir='ltr'>etita</span> <span class='ocrx_word' id='word_1_223' title='bbox 603 2178 773 2252; x_wconf 72' lang='lat' dir='ltr'>explicandn;</span> <span class='ocrx_word' id='word_1_224' title='bbox 791 2178 891 2250; x_wconf 71' lang='lat' dir='ltr'>AEgiale</span> <span class='ocrx_word' id='word_1_225' title='bbox 910 2177 1022 2250; x_wconf 87' lang='lat' dir='ltr'>relinqui</span> <span class='ocrx_word' id='word_1_226' title='bbox 1042 2196 1071 2230; x_wconf 87' lang='lat' dir='ltr'>se</span> <span class='ocrx_word' id='word_1_227' title='bbox 1089 2192 1184 2252; x_wconf 81' lang='lat' dir='ltr'>questa</span> <span class='ocrx_word' id='word_1_228' title='bbox 1200 2191 1258 2232; x_wconf 85' lang='lat' dir='ltr'>est:</span> 
     </span>
     <span class='ocr_line' id='line_1_24' title="bbox 219 2257 1261 2332; baseline 0.003 -23"><span class='ocrx_word' id='word_1_229' title='bbox 219 2270 312 2329; x_wconf 83' lang='lat' dir='ltr'>queste</span> <span class='ocrx_word' id='word_1_230' title='bbox 325 2271 364 2310; x_wconf 91' lang='lat' dir='ltr'>est</span> <span class='ocrx_word' id='word_1_231' title='bbox 375 2261 453 2310; x_wconf 86' lang='lat' dir='ltr'>etiam</span> <span class='ocrx_word' id='word_1_232' title='bbox 466 2257 605 2326; x_wconf 79' lang='lat' dir='ltr'>Meliboea:</span> <span class='ocrx_word' id='word_1_233' title='bbox 621 2272 647 2309; x_wconf 92' lang='lat' dir='ltr'>et</span> <span class='ocrx_word' id='word_1_234' title='bbox 656 2258 778 2329; x_wconf 79' lang='lat' dir='ltr'>planctus</span> <span class='ocrx_word' id='word_1_235' title='bbox 792 2258 826 2310; x_wconf 92' lang='lat' dir='ltr'>ob</span> <span class='ocrx_word' id='word_1_236' title='bbox 841 2258 1033 2325; x_wconf 77' lang='lat' dir='ltr'>desertionem,</span> <span class='ocrx_word' id='word_1_237' title='bbox 1045 2277 1203 2332; x_wconf 81' lang='lat' dir='ltr'>quemquam</span> <span class='ocrx_word' id='word_1_238' title='bbox 1215 2261 1261 2312; x_wconf 78' lang='lat' dir='ltr'>tn&#39;-</span> 
     </span>
     <span class='ocr_line' id='line_1_25' title="bbox 219 2337 1259 2411; baseline -0.001 -19"><span class='ocrx_word' id='word_1_239' title='bbox 219 2353 273 2392; x_wconf 86' lang='lat' dir='ltr'>stes</span> <span class='ocrx_word' id='word_1_240' title='bbox 288 2341 400 2411; x_wconf 74' lang='lat' dir='ltr'>stetique</span> <span class='ocrx_word' id='word_1_241' title='bbox 416 2338 496 2411; x_wconf 84' lang='lat' dir='ltr'>(qnia</span> <span class='ocrx_word' id='word_1_242' title='bbox 508 2337 552 2389; x_wconf 85' lang='lat' dir='ltr'>ille</span> <span class='ocrx_word' id='word_1_243' title='bbox 565 2337 661 2409; x_wconf 84' lang='lat' dir='ltr'>impia,</span> <span class='ocrx_word' id='word_1_244' title='bbox 679 2341 824 2405; x_wconf 84' lang='lat' dir='ltr'>immerita,</span> <span class='ocrx_word' id='word_1_245' title='bbox 839 2341 944 2409; x_wconf 81' lang='lat' dir='ltr'>iniqua3</span> <span class='ocrx_word' id='word_1_246' title='bbox 959 2357 1014 2390; x_wconf 88' lang='lat' dir='ltr'>non</span> <span class='ocrx_word' id='word_1_247' title='bbox 1026 2338 1116 2409; x_wconf 84' lang='lat' dir='ltr'>quoles</span> <span class='ocrx_word' id='word_1_248' title='bbox 1130 2341 1183 2390; x_wconf 71' lang='lat' dir='ltr'>iste</span> <span class='ocrx_word' id='word_1_249' title='bbox 1195 2357 1259 2409; x_wconf 89' lang='lat' dir='ltr'>ques</span> 
     </span>
     <span class='ocr_line' id='line_1_26' title="bbox 218 2415 1284 2490; baseline -0.002 -18"><span class='ocrx_word' id='word_1_250' title='bbox 218 2437 299 2472; x_wconf 83' lang='lat' dir='ltr'>eausa</span> <span class='ocrx_word' id='word_1_251' title='bbox 315 2417 423 2490; x_wconf 85' lang='lat' dir='ltr'>publiea</span> <span class='ocrx_word' id='word_1_252' title='bbox 438 2432 465 2470; x_wconf 88' lang='lat' dir='ltr'>et</span> <span class='ocrx_word' id='word_1_253' title='bbox 482 2416 595 2488; x_wconf 75' lang='lat' dir='ltr'>dignitas</span> <span class='ocrx_word' id='word_1_254' title='bbox 610 2419 715 2470; x_wconf 77' lang='lat' dir='ltr'>Greeiae</span> <span class='ocrx_word' id='word_1_255' title='bbox 731 2418 866 2489; x_wconf 80' lang='lat' dir='ltr'>decusque</span> <span class='ocrx_word' id='word_1_256' title='bbox 881 2420 983 2488; x_wconf 69' lang='lat' dir='ltr'>regium</span> <span class='ocrx_word' id='word_1_257' title='bbox 997 2415 1156 2488; x_wconf 77' lang='lat' dir='ltr'>imperabat,</span> <span class='ocrx_word' id='word_1_258' title='bbox 1166 2420 1259 2485; x_wconf 81' lang='lat' dir='ltr'>juncte</span> <span class='ocrx_word' id='word_1_259' title='bbox 1280 2439 1284 2452; x_wconf 93' lang='lat'><em>·</em></span> 
     </span>
     <span class='ocr_line' id='line_1_27' title="bbox 220 2497 1261 2571; baseline 0.002 -21"><span class='ocrx_word' id='word_1_260' title='bbox 220 2518 267 2571; x_wconf 87' lang='lat' dir='ltr'>spe</span> <span class='ocrx_word' id='word_1_261' title='bbox 279 2497 395 2569; x_wconf 83' lang='lat' dir='ltr'>reditus)</span> <span class='ocrx_word' id='word_1_262' title='bbox 404 2498 528 2570; x_wconf 77' lang='lat' dir='ltr'>fecerunt</span> <span class='ocrx_word' id='word_1_263' title='bbox 542 2499 665 2550; x_wconf 85' lang='lat' dir='ltr'>Moettodo</span> <span class='ocrx_word' id='word_1_264' title='bbox 678 2498 810 2569; x_wconf 81' lang='lat' dir='ltr'>aliquam,</span> <span class='ocrx_word' id='word_1_265' title='bbox 829 2517 924 2569; x_wconf 80' lang='lat' dir='ltr'>nempe</span> <span class='ocrx_word' id='word_1_266' title='bbox 940 2497 1081 2550; x_wconf 73' lang='lat' dir='ltr'>Ariadnen.</span> <span class='ocrx_word' id='word_1_267' title='bbox 1095 2498 1167 2550; x_wconf 89' lang='lat' dir='ltr'>luter</span> <span class='ocrx_word' id='word_1_268' title='bbox 1181 2497 1261 2568; x_wconf 77' lang='lat' dir='ltr'>plen·</span> 
     </span>
     <span class='ocr_line' id='line_1_28' title="bbox 219 2575 1262 2649; baseline 0.002 -19"><span class='ocrx_word' id='word_1_269' title='bbox 219 2591 277 2630; x_wconf 86' lang='lat' dir='ltr'>ctus</span> <span class='ocrx_word' id='word_1_270' title='bbox 293 2593 320 2631; x_wconf 89' lang='lat' dir='ltr'>et</span> <span class='ocrx_word' id='word_1_271' title='bbox 332 2575 473 2649; x_wconf 64' lang='lat' dir='ltr'>lugubrem</span> <span class='ocrx_word' id='word_1_272' title='bbox 491 2576 617 2646; x_wconf 84' lang='lat' dir='ltr'>ejulatum</span> <span class='ocrx_word' id='word_1_273' title='bbox 632 2576 796 2648; x_wconf 86' lang='lat' dir='ltr'>deprehensa</span> <span class='ocrx_word' id='word_1_274' title='bbox 812 2595 826 2628; x_wconf 79' lang='lat' dir='ltr'>a</span> <span class='ocrx_word' id='word_1_275' title='bbox 842 2577 938 2630; x_wconf 87' lang='lat' dir='ltr'>Libero</span> <span class='ocrx_word' id='word_1_276' title='bbox 952 2589 1027 2648; x_wconf 84' lang='lat' dir='ltr'>petre</span> <span class='ocrx_word' id='word_1_277' title='bbox 1043 2577 1148 2628; x_wconf 85' lang='lat' dir='ltr'>Guossis</span> <span class='ocrx_word' id='word_1_278' title='bbox 1161 2577 1262 2632; x_wconf 69' lang='lat' dir='ltr'>mear</span> 
     </span>
     <span class='ocr_line' id='line_1_29' title="bbox 215 2655 1263 2728; baseline 0.001 -19"><span class='ocrx_word' id='word_1_279' title='bbox 215 2657 292 2728; x_wconf 80' lang='lat' dir='ltr'>facta</span> <span class='ocrx_word' id='word_1_280' title='bbox 302 2669 352 2724; x_wconf 77' lang='lat' dir='ltr'>est,</span> <span class='ocrx_word' id='word_1_281' title='bbox 366 2657 484 2724; x_wconf 74' lang='lat' dir='ltr'>horest,</span> <span class='ocrx_word' id='word_1_282' title='bbox 499 2658 526 2710; x_wconf 89' lang='lat' dir='ltr'>iu</span> <span class='ocrx_word' id='word_1_283' title='bbox 535 2659 691 2710; x_wconf 83' lang='lat' dir='ltr'>comitatum</span> <span class='ocrx_word' id='word_1_284' title='bbox 702 2671 730 2708; x_wconf 90' lang='lat' dir='ltr'>et</span> <span class='ocrx_word' id='word_1_285' title='bbox 738 2669 827 2710; x_wconf 87' lang='lat' dir='ltr'>torum</span> <span class='ocrx_word' id='word_1_286' title='bbox 837 2657 925 2710; x_wconf 81' lang='lat' dir='ltr'>liberi</span> <span class='ocrx_word' id='word_1_287' title='bbox 937 2657 1053 2718; x_wconf 79' lang='lat' dir='ltr'>adscito3</span> <span class='ocrx_word' id='word_1_288' title='bbox 1064 2655 1117 2708; x_wconf 86' lang='lat' dir='ltr'>hoe</span> <span class='ocrx_word' id='word_1_289' title='bbox 1126 2658 1213 2709; x_wconf 76' lang='lat' dir='ltr'>evenit</span> <span class='ocrx_word' id='word_1_290' title='bbox 1224 2659 1263 2710; x_wconf 89' lang='lat' dir='ltr'>iu-</span> 
     </span>
     <span class='ocr_line' id='line_1_30' title="bbox 221 2735 1264 2808; baseline 0 -19"><span class='ocrx_word' id='word_1_291' title='bbox 221 2749 261 2790; x_wconf 74' lang='lat' dir='ltr'>ter</span> <span class='ocrx_word' id='word_1_292' title='bbox 273 2735 424 2788; x_wconf 76' lang='lat' dir='ltr'>istiusmodi</span> <span class='ocrx_word' id='word_1_293' title='bbox 435 2735 534 2788; x_wconf 71' lang='lat' dir='ltr'>ildrilee</span> <span class='ocrx_word' id='word_1_294' title='bbox 549 2738 614 2788; x_wconf 85' lang='lat' dir='ltr'>ritus</span> <span class='ocrx_word' id='word_1_295' title='bbox 628 2749 653 2788; x_wconf 90' lang='lat' dir='ltr'>et</span> <span class='ocrx_word' id='word_1_296' title='bbox 664 2735 762 2788; x_wconf 89' lang='lat' dir='ltr'>doloris</span> <span class='ocrx_word' id='word_1_297' title='bbox 774 2737 920 2796; x_wconf 69' lang='lat' dir='ltr'>insaniem</span> <span class='ocrx_word' id='word_1_298' title='bbox 935 2735 994 2788; x_wconf 84' lang='lat' dir='ltr'>ideo</span> <span class='ocrx_word' id='word_1_299' title='bbox 1006 2735 1132 2806; x_wconf 75' lang='lat' dir='ltr'>planetus</span> <span class='ocrx_word' id='word_1_300' title='bbox 1140 2737 1167 2788; x_wconf 83' lang='lat' dir='ltr'>id</span> <span class='ocrx_word' id='word_1_301' title='bbox 1173 2737 1264 2808; x_wconf 75' lang='lat' dir='ltr'>feritet</span> 
     </span>
     <span class='ocr_line' id='line_1_31' title="bbox 221 2811 1264 2884; baseline 0 -16"><span class='ocrx_word' id='word_1_302' title='bbox 221 2813 355 2881; x_wconf 61' lang='lat' dir='ltr'>dicuntum</span> <span class='ocrx_word' id='word_1_303' title='bbox 366 2833 440 2866; x_wconf 83' lang='lat' dir='ltr'>more</span> <span class='ocrx_word' id='word_1_304' title='bbox 452 2813 655 2866; x_wconf 75' lang='lat' dir='ltr'>familiarissimo</span> <span class='ocrx_word' id='word_1_305' title='bbox 669 2817 754 2884; x_wconf 84' lang='lat' dir='ltr'>poetis</span> <span class='ocrx_word' id='word_1_306' title='bbox 766 2814 883 2883; x_wconf 65' lang='lat' dir='ltr'>fingendi</span> <span class='ocrx_word' id='word_1_307' title='bbox 895 2811 967 2866; x_wconf 77' lang='lat' dir='ltr'>elram</span> <span class='ocrx_word' id='word_1_308' title='bbox 980 2811 1008 2864; x_wconf 81' lang='lat' dir='ltr'>ei</span> <span class='ocrx_word' id='word_1_309' title='bbox 1019 2811 1053 2878; x_wconf 62' lang='lat' dir='ltr'>poi</span> <span class='ocrx_word' id='word_1_310' title='bbox 1071 2812 1176 2868; x_wconf 70' lang='lat' dir='ltr'>electe.»</span> <span class='ocrx_word' id='word_1_311' title='bbox 1194 2817 1264 2868; x_wconf 76' lang='lat' dir='ltr'>fluo·</span> 
     </span>
     <span class='ocr_line' id='line_1_32' title="bbox 222 2893 1264 2970; baseline -0.003 -18"><span class='ocrx_word' id='word_1_312' title='bbox 222 2917 306 2970; x_wconf 86' lang='lat' dir='ltr'>usque</span> <span class='ocrx_word' id='word_1_313' title='bbox 320 2898 488 2958; x_wconf 55' lang='lat' dir='ltr'>Gronovius„</span> <span class='ocrx_word' id='word_1_314' title='bbox 505 2910 531 2948; x_wconf 90' lang='lat' dir='ltr'>et</span> <span class='ocrx_word' id='word_1_315' title='bbox 548 2894 667 2948; x_wconf 82' lang='lat' dir='ltr'>defendit</span> <span class='ocrx_word' id='word_1_316' title='bbox 677 2893 748 2947; x_wconf 79' lang='lat' dir='ltr'>hene</span> <span class='ocrx_word' id='word_1_317' title='bbox 767 2895 985 2965; x_wconf 74' lang='lat' dir='ltr'>explicationem,</span> <span class='ocrx_word' id='word_1_318' title='bbox 999 2895 1108 2948; x_wconf 67' lang='lat' dir='ltr'>Flenelr.</span> <span class='ocrx_word' id='word_1_319' title='bbox 1124 2897 1264 2949; x_wconf 77' lang='lat' dir='ltr'>Anu&#39;dietr.</span> 
     </span>
     <span class='ocr_line' id='line_1_33' title="bbox 223 2963 1264 3051; baseline -0.004 -19"><span class='ocrx_word' id='word_1_320' title='bbox 223 2998 281 3051; x_wconf 79' lang='lat' dir='ltr'>usp.</span> <span class='ocrx_word' id='word_1_321' title='bbox 298 2977 333 3041; x_wconf 84' lang='lat'>5;</span> <span class='ocrx_word' id='word_1_322' title='bbox 352 2977 398 3029; x_wconf 84' lang='lat' dir='ltr'>uhi</span> <span class='ocrx_word' id='word_1_323' title='bbox 414 2976 479 3028; x_wconf 80' lang='lat' dir='ltr'>dieis</span> <span class='ocrx_word' id='word_1_324' title='bbox 494 2963 529 3028; x_wconf 79' lang='lat' dir='ltr'>de&#39;</span> <span class='ocrx_word' id='word_1_325' title='bbox 540 2973 616 3028; x_wconf 84' lang='lat' dir='ltr'>nulla</span> <span class='ocrx_word' id='word_1_326' title='bbox 631 2975 680 3029; x_wconf 84' lang='lat' dir='ltr'>alie</span> <span class='ocrx_word' id='word_1_327' title='bbox 694 2993 776 3046; x_wconf 82' lang='lat' dir='ltr'>quam</span> <span class='ocrx_word' id='word_1_328' title='bbox 793 2973 828 3026; x_wconf 87' lang='lat' dir='ltr'>de</span> <span class='ocrx_word' id='word_1_329' title='bbox 841 2971 955 3026; x_wconf 73' lang='lat' dir='ltr'>Ariadne</span> <span class='ocrx_word' id='word_1_330' title='bbox 971 2975 1081 3028; x_wconf 83' lang='lat' dir='ltr'>Statium</span> <span class='ocrx_word' id='word_1_331' title='bbox 1099 2977 1160 3044; x_wconf 83' lang='lat' dir='ltr'>oapi</span> <span class='ocrx_word' id='word_1_332' title='bbox 1175 2993 1264 3046; x_wconf 81' lang='lat' dir='ltr'>poste.</span> 
     </span>
     <span class='ocr_line' id='line_1_34' title="bbox 222 3053 1266 3128; baseline -0.005 -16"><span class='ocrx_word' id='word_1_333' title='bbox 222 3059 320 3112; x_wconf 76' lang='lat' dir='ltr'>Nescio</span> <span class='ocrx_word' id='word_1_334' title='bbox 332 3054 468 3128; x_wconf 58' lang='lat' dir='ltr'>quomfflo</span> <span class='ocrx_word' id='word_1_335' title='bbox 481 3068 569 3108; x_wconf 88' lang='lat' dir='ltr'>tecum</span> <span class='ocrx_word' id='word_1_336' title='bbox 585 3069 686 3126; x_wconf 66' lang='lat' dir='ltr'>agetur,</span> <span class='ocrx_word' id='word_1_337' title='bbox 697 3053 798 3117; x_wconf 65' lang='lat' dir='ltr'>lecton</span> <span class='ocrx_word' id='word_1_338' title='bbox 811 3073 860 3124; x_wconf 77' lang='lat' dir='ltr'>eqo</span> <span class='ocrx_word' id='word_1_339' title='bbox 872 3053 1070 3124; x_wconf 76' lang='lat' dir='ltr'>quidem&#39;nihilo</span> <span class='ocrx_word' id='word_1_340' title='bbox 1081 3056 1164 3123; x_wconf 69' lang='lat' dir='ltr'>megis</span> <span class='ocrx_word' id='word_1_341' title='bbox 1177 3053 1266 3107; x_wconf 80' lang='lat' dir='ltr'>adhue</span> 
     </span>
     <span class='ocr_line' id='line_1_35' title="bbox 223 3133 1267 3207; baseline -0.002 -19"><span class='ocrx_word' id='word_1_342' title='bbox 223 3135 318 3201; x_wconf 80' lang='lat' dir='ltr'>rideo,</span> <span class='ocrx_word' id='word_1_343' title='bbox 337 3155 391 3207; x_wconf 90' lang='lat' dir='ltr'>quo</span> <span class='ocrx_word' id='word_1_344' title='bbox 410 3154 489 3188; x_wconf 78' lang='lat' dir='ltr'>sensu</span> <span class='ocrx_word' id='word_1_345' title='bbox 506 3133 561 3187; x_wconf 78' lang='lat' dir='ltr'>haee</span> <span class='ocrx_word' id='word_1_346' title='bbox 581 3136 704 3188; x_wconf 75' lang='lat' dir='ltr'>connecti</span> <span class='ocrx_word' id='word_1_347' title='bbox 723 3135 835 3204; x_wconf 78' lang='lat' dir='ltr'>possint.</span> <span class='ocrx_word' id='word_1_348' title='bbox 853 3133 924 3199; x_wconf 88' lang='lat' dir='ltr'>Quid</span> <span class='ocrx_word' id='word_1_349' title='bbox 941 3135 1012 3186; x_wconf 87' lang='lat' dir='ltr'>euim</span> <span class='ocrx_word' id='word_1_350' title='bbox 1028 3135 1050 3186; x_wconf 85' lang='lat' dir='ltr'>ei</span> <span class='ocrx_word' id='word_1_351' title='bbox 1068 3133 1185 3186; x_wconf 76' lang='lat' dir='ltr'>Ariadne</span> <span class='ocrx_word' id='word_1_352' title='bbox 1201 3136 1267 3186; x_wconf 71' lang='lat' dir='ltr'>ieter</span> 
     </span>
     <span class='ocr_line' id='line_1_36' title="bbox 222 3212 1267 3287; baseline -0.001 -20"><span class='ocrx_word' id='word_1_353' title='bbox 222 3214 344 3287; x_wconf 78' lang='lat' dir='ltr'>planetus</span> <span class='ocrx_word' id='word_1_354' title='bbox 361 3228 468 3286; x_wconf 81' lang='lat' dir='ltr'>recepta</span> <span class='ocrx_word' id='word_1_355' title='bbox 486 3216 566 3268; x_wconf 85' lang='lat' dir='ltr'>fuerit</span> <span class='ocrx_word' id='word_1_356' title='bbox 585 3217 612 3270; x_wconf 93' lang='lat' dir='ltr'>in</span> <span class='ocrx_word' id='word_1_357' title='bbox 632 3228 718 3268; x_wconf 84' lang='lat' dir='ltr'>torum</span> <span class='ocrx_word' id='word_1_358' title='bbox 736 3227 763 3266; x_wconf 86' lang='lat' dir='ltr'>et</span> <span class='ocrx_word' id='word_1_359' title='bbox 780 3215 936 3266; x_wconf 76' lang='lat' dir='ltr'>comitatum</span> <span class='ocrx_word' id='word_1_360' title='bbox 953 3213 1064 3268; x_wconf 75' lang='lat' dir='ltr'>Beeulu?</span> <span class='ocrx_word' id='word_1_361' title='bbox 1081 3213 1215 3285; x_wconf 80' lang='lat' dir='ltr'>quidhoc</span> <span class='ocrx_word' id='word_1_362' title='bbox 1232 3212 1267 3266; x_wconf 81' lang='lat' dir='ltr'>ed</span> 
     </span>
     <span class='ocr_line' id='line_1_37' title="bbox 224 3291 1268 3365; baseline -0.002 -19"><span class='ocrx_word' id='word_1_363' title='bbox 224 3293 345 3365; x_wconf 74' lang='lat' dir='ltr'>exempla</span> <span class='ocrx_word' id='word_1_364' title='bbox 357 3313 484 3361; x_wconf 76' lang='lat' dir='ltr'>uxorum,</span> <span class='ocrx_word' id='word_1_365' title='bbox 497 3313 554 3364; x_wconf 79' lang='lat' dir='ltr'>quae</span> <span class='ocrx_word' id='word_1_366' title='bbox 567 3297 693 3364; x_wconf 78' lang='lat' dir='ltr'>coujuqes</span> <span class='ocrx_word' id='word_1_367' title='bbox 705 3307 843 3360; x_wconf 76' lang='lat' dir='ltr'>amarunt,</span> <span class='ocrx_word' id='word_1_368' title='bbox 855 3307 882 3345; x_wconf 93' lang='lat' dir='ltr'>et</span> <span class='ocrx_word' id='word_1_369' title='bbox 895 3311 944 3364; x_wconf 89' lang='lat' dir='ltr'>pro</span> <span class='ocrx_word' id='word_1_370' title='bbox 956 3293 1008 3346; x_wconf 84' lang='lat' dir='ltr'>illie</span> <span class='ocrx_word' id='word_1_371' title='bbox 1017 3307 1044 3346; x_wconf 89' lang='lat' dir='ltr'>et</span> <span class='ocrx_word' id='word_1_372' title='bbox 1057 3293 1181 3346; x_wconf 80' lang='lat' dir='ltr'>cumillis</span> <span class='ocrx_word' id='word_1_373' title='bbox 1194 3291 1268 3364; x_wconf 87' lang='lat' dir='ltr'>quid-</span> 
     </span>
     <span class='ocr_line' id='line_1_38' title="bbox 225 3372 1267 3445; baseline 0 -19"><span class='ocrx_word' id='word_1_374' title='bbox 225 3374 264 3426; x_wconf 84' lang='lat' dir='ltr'>vis</span> <span class='ocrx_word' id='word_1_375' title='bbox 274 3377 377 3444; x_wconf 85' lang='lat' dir='ltr'>perpeti</span> <span class='ocrx_word' id='word_1_376' title='bbox 386 3386 483 3445; x_wconf 78' lang='lat' dir='ltr'>parate</span> <span class='ocrx_word' id='word_1_377' title='bbox 493 3375 618 3425; x_wconf 77' lang='lat' dir='ltr'>fuerunt?</span> <span class='ocrx_word' id='word_1_378' title='bbox 628 3373 661 3425; x_wconf 86' lang='lat' dir='ltr'>de</span> <span class='ocrx_word' id='word_1_379' title='bbox 672 3373 768 3428; x_wconf 84' lang='lat' dir='ltr'>talibus</span> <span class='ocrx_word' id='word_1_380' title='bbox 778 3377 847 3428; x_wconf 86' lang='lat' dir='ltr'>enim</span> <span class='ocrx_word' id='word_1_381' title='bbox 860 3375 913 3444; x_wconf 70' lang='lat' dir='ltr'>agit</span> <span class='ocrx_word' id='word_1_382' title='bbox 923 3373 1036 3436; x_wconf 66' lang='lat' dir='ltr'>Stetiutt</span> <span class='ocrx_word' id='word_1_383' title='bbox 1048 3391 1102 3426; x_wconf 80' lang='lat' dir='ltr'>nou</span> <span class='ocrx_word' id='word_1_384' title='bbox 1115 3391 1147 3426; x_wconf 77' lang='lat' dir='ltr'>ex</span> <span class='ocrx_word' id='word_1_385' title='bbox 1158 3372 1267 3438; x_wconf 73' lang='lat' dir='ltr'>februs,</span> 
     </span>
     <span class='ocr_line' id='line_1_39' title="bbox 224 3449 1268 3525; baseline -0.002 -19"><span class='ocrx_word' id='word_1_386' title='bbox 224 3451 273 3506; x_wconf 85' lang='lat' dir='ltr'>ted</span> <span class='ocrx_word' id='word_1_387' title='bbox 285 3449 404 3506; x_wconf 83' lang='lat' dir='ltr'>historia.</span> <span class='ocrx_word' id='word_1_388' title='bbox 418 3455 498 3506; x_wconf 81' lang='lat' dir='ltr'>Mitto</span> <span class='ocrx_word' id='word_1_389' title='bbox 510 3451 583 3524; x_wconf 91' lang='lat' dir='ltr'>quod</span> <span class='ocrx_word' id='word_1_390' title='bbox 597 3451 713 3506; x_wconf 77' lang='lat' dir='ltr'>Ariadne</span> <span class='ocrx_word' id='word_1_391' title='bbox 729 3473 784 3508; x_wconf 84' lang='lat' dir='ltr'>non</span> <span class='ocrx_word' id='word_1_392' title='bbox 799 3454 851 3506; x_wconf 83' lang='lat' dir='ltr'>diei</span> <span class='ocrx_word' id='word_1_393' title='bbox 862 3455 949 3525; x_wconf 88' lang='lat' dir='ltr'>potuit</span> <span class='ocrx_word' id='word_1_394' title='bbox 955 3453 1032 3522; x_wconf 79' lang='lat' dir='ltr'>foeta</span> <span class='ocrx_word' id='word_1_395' title='bbox 1045 3471 1094 3506; x_wconf 82' lang='lat' dir='ltr'>esee</span> <span class='ocrx_word' id='word_1_396' title='bbox 1107 3455 1223 3518; x_wconf 71' lang='lat' dir='ltr'>Hm,</span> <span class='ocrx_word' id='word_1_397' title='bbox 1237 3471 1268 3504; x_wconf 82' lang='lat' dir='ltr'>ex</span> 
     </span>
     <span class='ocr_line' id='line_1_40' title="bbox 227 3531 1268 3604; baseline -0.001 -19"><span class='ocrx_word' id='word_1_398' title='bbox 227 3550 261 3585; x_wconf 86' lang='lat' dir='ltr'>eo</span> <span class='ocrx_word' id='word_1_399' title='bbox 276 3531 347 3604; x_wconf 83' lang='lat' dir='ltr'>quod</span> <span class='ocrx_word' id='word_1_400' title='bbox 359 3535 387 3584; x_wconf 83' lang='lat' dir='ltr'>in</span> <span class='ocrx_word' id='word_1_401' title='bbox 404 3543 487 3584; x_wconf 81' lang='lat' dir='ltr'>torrem</span> <span class='ocrx_word' id='word_1_402' title='bbox 499 3531 597 3586; x_wconf 80' lang='lat' dir='ltr'>Bocchi</span> <span class='ocrx_word' id='word_1_403' title='bbox 610 3532 712 3602; x_wconf 82' lang='lat' dir='ltr'>(illudit</span> <span class='ocrx_word' id='word_1_404' title='bbox 727 3538 797 3588; x_wconf 86' lang='lat' dir='ltr'>enim</span> <span class='ocrx_word' id='word_1_405' title='bbox 808 3537 847 3588; x_wconf 83' lang='lat' dir='ltr'>vir</span> <span class='ocrx_word' id='word_1_406' title='bbox 860 3534 955 3588; x_wconf 84' lang='lat' dir='ltr'>doctus</span> <span class='ocrx_word' id='word_1_407' title='bbox 968 3532 1106 3598; x_wconf 81' lang='lat' dir='ltr'>addendo,</span> <span class='ocrx_word' id='word_1_408' title='bbox 1118 3544 1146 3584; x_wconf 85' lang='lat' dir='ltr'>et</span> <span class='ocrx_word' id='word_1_409' title='bbox 1157 3533 1268 3585; x_wconf 73' lang='lat' dir='ltr'>comite·</span> 
     </span>
     <span class='ocr_line' id='line_1_41' title="bbox 229 3610 1268 3684; baseline 0 -20"><span class='ocrx_word' id='word_1_410' title='bbox 229 3610 300 3682; x_wconf 75' lang='lat' dir='ltr'>tum)</span> <span class='ocrx_word' id='word_1_411' title='bbox 314 3626 422 3683; x_wconf 81' lang='lat' dir='ltr'>recepta</span> <span class='ocrx_word' id='word_1_412' title='bbox 435 3612 502 3674; x_wconf 56' lang='lat' dir='ltr'>fain</span> <span class='ocrx_word' id='word_1_413' title='bbox 517 3611 653 3666; x_wconf 66' lang='lat' dir='ltr'>eliseum</span> <span class='ocrx_word' id='word_1_414' title='bbox 665 3631 707 3666; x_wconf 87' lang='lat' dir='ltr'>res</span> <span class='ocrx_word' id='word_1_415' title='bbox 725 3629 763 3668; x_wconf 89' lang='lat' dir='ltr'>eet</span> <span class='ocrx_word' id='word_1_416' title='bbox 776 3617 884 3668; x_wconf 68' lang='lat' dir='ltr'>Menan.</span> <span class='ocrx_word' id='word_1_417' title='bbox 899 3613 953 3669; x_wconf 82' lang='lat' dir='ltr'>Sed</span> <span class='ocrx_word' id='word_1_418' title='bbox 965 3627 995 3668; x_wconf 82' lang='lat' dir='ltr'>et</span> <span class='ocrx_word' id='word_1_419' title='bbox 1009 3612 1162 3684; x_wconf 84' lang='lat' dir='ltr'>compendii</span> <span class='ocrx_word' id='word_1_420' title='bbox 1174 3615 1268 3666; x_wconf 67' lang='lat' dir='ltr'>inciam</span> 
     </span>
     <span class='ocr_line' id='line_1_42' title="bbox 228 3689 1269 3765; baseline 0.001 -23"><span class='ocrx_word' id='word_1_421' title='bbox 228 3689 327 3761; x_wconf 83' lang='lat' dir='ltr'>(multo</span> <span class='ocrx_word' id='word_1_422' title='bbox 338 3692 407 3743; x_wconf 87' lang='lat' dir='ltr'>enim</span> <span class='ocrx_word' id='word_1_423' title='bbox 419 3691 496 3762; x_wconf 79' lang='lat' dir='ltr'>plura</span> <span class='ocrx_word' id='word_1_424' title='bbox 506 3705 600 3744; x_wconf 77' lang='lat' dir='ltr'>eontra</span> <span class='ocrx_word' id='word_1_425' title='bbox 613 3692 681 3746; x_wconf 79' lang='lat' dir='ltr'>hano</span> <span class='ocrx_word' id='word_1_426' title='bbox 692 3695 936 3765; x_wconf 76' lang='lat' dir='ltr'>interpretationem</span> <span class='ocrx_word' id='word_1_427' title='bbox 947 3695 1046 3748; x_wconf 80' lang='lat' dir='ltr'>edierri</span> <span class='ocrx_word' id='word_1_428' title='bbox 1058 3693 1201 3764; x_wconf 82' lang='lat' dir='ltr'>possunt),</span> <span class='ocrx_word' id='word_1_429' title='bbox 1213 3710 1269 3744; x_wconf 83' lang='lat' dir='ltr'>eor·</span> 
     </span>
     <span class='ocr_line' id='line_1_43' title="bbox 228 3770 1270 3845; baseline 0 -21"><span class='ocrx_word' id='word_1_430' title='bbox 228 3773 394 3844; x_wconf 83' lang='lat' dir='ltr'>ruptitsimue</span> <span class='ocrx_word' id='word_1_431' title='bbox 405 3785 445 3824; x_wconf 87' lang='lat' dir='ltr'>est</span> <span class='ocrx_word' id='word_1_432' title='bbox 453 3770 542 3838; x_wconf 89' lang='lat' dir='ltr'>locus,</span> <span class='ocrx_word' id='word_1_433' title='bbox 554 3787 581 3826; x_wconf 89' lang='lat' dir='ltr'>et</span> <span class='ocrx_word' id='word_1_434' title='bbox 592 3775 660 3828; x_wconf 81' lang='lat' dir='ltr'>forte</span> <span class='ocrx_word' id='word_1_435' title='bbox 672 3773 793 3836; x_wconf 61' lang='lat' dir='ltr'>mutilum</span> <span class='ocrx_word' id='word_1_436' title='bbox 805 3793 885 3845; x_wconf 81' lang='lat' dir='ltr'>supra</span> <span class='ocrx_word' id='word_1_437' title='bbox 897 3778 981 3842; x_wconf 81' lang='lat' dir='ltr'>enim,</span> <span class='ocrx_word' id='word_1_438' title='bbox 992 3795 1017 3828; x_wconf 84' lang='lat' dir='ltr'>v.</span> <span class='ocrx_word' id='word_1_439' title='bbox 1029 3773 1080 3840; x_wconf 75' lang='grc'>45,</span> <span class='ocrx_word' id='word_1_440' title='bbox 1091 3771 1174 3837; x_wconf 73' lang='lat' dir='ltr'>dixit,</span> <span class='ocrx_word' id='word_1_441' title='bbox 1191 3796 1203 3820; x_wconf 85' lang='grc' dir='ltr'>ι</span> <span class='ocrx_word' id='word_1_442' title='bbox 1211 3773 1270 3839; x_wconf 78' lang='lat' dir='ltr'>Qua</span> 
     </span>
     <span class='ocr_line' id='line_1_44' title="bbox 230 3851 1270 3925; baseline 0 -21"><span class='ocrx_word' id='word_1_443' title='bbox 230 3865 330 3906; x_wconf 75' lang='lat' dir='ltr'>ueteres</span> <span class='ocrx_word' id='word_1_444' title='bbox 342 3852 446 3916; x_wconf 72' lang='lat' dir='ltr'>latias,</span> <span class='ocrx_word' id='word_1_445' title='bbox 456 3851 604 3925; x_wconf 81' lang='lat' dir='ltr'>Graiusque</span> <span class='ocrx_word' id='word_1_446' title='bbox 618 3853 745 3907; x_wconf 71' lang='lat' dir='ltr'>Heroides</span> <span class='ocrx_word' id='word_1_447' title='bbox 759 3872 862 3925; x_wconf 76' lang='lat' dir='ltr'>equee3</span> <span class='ocrx_word' id='word_1_448' title='bbox 873 3875 885 3902; x_wconf 79' lang='lat' dir='ltr'>e</span> <span class='ocrx_word' id='word_1_449' title='bbox 898 3867 925 3907; x_wconf 86' lang='lat' dir='ltr'>et</span> <span class='ocrx_word' id='word_1_450' title='bbox 939 3855 973 3908; x_wconf 89' lang='lat' dir='ltr'>de</span> <span class='ocrx_word' id='word_1_451' title='bbox 988 3854 1073 3907; x_wconf 85' lang='lat' dir='ltr'>Gmit&#39;s</span> <span class='ocrx_word' id='word_1_452' title='bbox 1083 3851 1170 3904; x_wconf 82' lang='lat' dir='ltr'>tribus</span> <span class='ocrx_word' id='word_1_453' title='bbox 1182 3869 1270 3905; x_wconf 77' lang='lat' dir='ltr'>esem·</span> 
     </span>
     <span class='ocr_line' id='line_1_45' title="bbox 231 3930 1271 4006; baseline -0.002 -20"><span class='ocrx_word' id='word_1_454' title='bbox 231 3933 282 4006; x_wconf 86' lang='lat' dir='ltr'>plis</span> <span class='ocrx_word' id='word_1_455' title='bbox 294 3930 423 3986; x_wconf 76' lang='lat' dir='ltr'>absolvit:</span> <span class='ocrx_word' id='word_1_456' title='bbox 436 3951 540 4004; x_wconf 72' lang='lat' dir='ltr'>equum</span> <span class='ocrx_word' id='word_1_457' title='bbox 552 3946 609 3988; x_wconf 87' lang='lat' dir='ltr'>eret</span> <span class='ocrx_word' id='word_1_458' title='bbox 620 3945 650 3986; x_wconf 91' lang='lat' dir='ltr'>ut</span> <span class='ocrx_word' id='word_1_459' title='bbox 661 3953 715 3988; x_wconf 90' lang='lat' dir='ltr'>uuo</span> <span class='ocrx_word' id='word_1_460' title='bbox 728 3933 821 3990; x_wconf 83' lang='lat' dir='ltr'>saltem</span> <span class='ocrx_word' id='word_1_461' title='bbox 831 3933 919 3986; x_wconf 73' lang='lat' dir='ltr'>Latius</span> <span class='ocrx_word' id='word_1_462' title='bbox 930 3934 1117 3987; x_wconf 83' lang='lat' dir='ltr'>demereretur.</span> <span class='ocrx_word' id='word_1_463' title='bbox 1130 3933 1271 4002; x_wconf 70' lang='lat' dir='ltr'>uro-nque</span> 
     </span>
     <span class='ocr_line' id='line_1_46' title="bbox 231 4009 1269 4088; baseline -0.004 -24"><span class='ocrx_word' id='word_1_464' title='bbox 231 4015 279 4079; x_wconf 85' lang='lat' dir='ltr'>eit,</span> <span class='ocrx_word' id='word_1_465' title='bbox 295 4015 350 4068; x_wconf 85' lang='lat' dir='ltr'>sine</span> <span class='ocrx_word' id='word_1_466' title='bbox 361 4012 443 4068; x_wconf 91' lang='lat' dir='ltr'>dubio</span> <span class='ocrx_word' id='word_1_467' title='bbox 459 4016 562 4088; x_wconf 66' lang='lat' dir='ltr'>seripu&#39;t</span> <span class='ocrx_word' id='word_1_468' title='bbox 575 4016 611 4067; x_wconf 82' lang='lat' dir='ltr'>Et</span> <span class='ocrx_word' id='word_1_469' title='bbox 621 4033 718 4088; x_wconf 82' lang='lat' dir='ltr'>quom:</span> <span class='ocrx_word' id='word_1_470' title='bbox 734 4013 851 4086; x_wconf 74' lang='lat' dir='ltr'>AEqiole,</span> <span class='ocrx_word' id='word_1_471' title='bbox 866 4011 1003 4076; x_wconf 65' lang='lat' dir='ltr'>Melitera,</span> <span class='ocrx_word' id='word_1_472' title='bbox 1020 4023 1046 4064; x_wconf 87' lang='lat' dir='ltr'>et</span> <span class='ocrx_word' id='word_1_473' title='bbox 1057 4009 1102 4064; x_wconf 85' lang='lat' dir='ltr'>ille</span> <span class='ocrx_word' id='word_1_474' title='bbox 1113 4029 1210 4082; x_wconf 81' lang='lat' dir='ltr'>quam,</span> <span class='ocrx_word' id='word_1_475' title='bbox 1221 4023 1269 4062; x_wconf 84' lang='lat' dir='ltr'>etc.</span> 
     </span>
    </p>
   </div>
   <div class='ocr_carea' id='block_1_6' title="bbox 0 0 1427 4488">
    <p class='ocr_par' dir='ltr' id='par_1_6' title="bbox 0 0 1427 4488">
     <span class='ocr_line' id='line_1_47' title="bbox 0 0 1427 4488; baseline 0 0"><span class='ocrx_word' id='word_1_476' title='bbox 0 0 1427 4488; x_wconf 95' lang='lat' dir='ltr'> </span> 
     </span>
    </p>
   </div>
  </div>
 </body>
</html>
