2776 4484
377 287 510 352 LIBRI
536 291 679 356 PlllMl
703 294 954 365 SlLVARUM.
1126 331 1181 372 tos

127 411 162 466 ld
175 424 232 478 est,
243 415 356 478 minuet,
367 412 409 464 vel
420 416 579 486 exstingueu
593 418 640 470 sed
649 422 712 472 sutis
722 419 786 474 bec.
797 425 855 475 Scio
869 428 1002 498 quomodo
1013 429 1085 483 hunc
1098 432 1186 487 locum

128 492 273 564 explicent
282 494 422 546 Gevertius
432 507 458 547 et
468 497 597 552 lllorellus
606 522 613 562 ;
623 499 669 552 sed
681 499 753 554 dures
762 505 840 557 nimis
850 521 876 558 et
886 523 982 564 coacte
994 512 1056 564 mihi
1065 513 1187 568 videntur

127 591 232 624 eornm
240 574 482 642 interpretationes.
492 577 577 628 Multa
587 576 697 645 borum,
709 600 767 651 quse
777 581 811 634 de
820 603 886 638 voce
895 607 979 643 annus
987 591 1123 658 adnotavi,
1130 598 1185 666 jem

128 651 216 704 rideo
229 664 360 722 occupate
373 671 458 706 essee
470 653 505 706 el.
517 655 664 710 llroulxhns.
679 659 712 711 ed
724 661 823 716 Tibull.
837 665 908 736 Eleg.
921 669 947 731 Ι,
961 687 983 720 ι.
996 671 1028 723 Ει
1039 676 1114 743 potui
1126 678 1187 745 qui-

128 733 197 784 dem
212 733 289 784 novis
301 733 427 804 exemplis
440 751 495 784 rem
507 753 599 806 egere3
614 735 661 789 sed
673 737 756 810 plagii
768 744 947 812 suspicionem
958 768 1008 802 nee
1021 766 1126 821 metuo,
1137 775 1186 808 nec

127 830 211 864 curo.
219 842 256 852 —
265 813 397 884 Antiquos
408 813 489 866 libros
502 816 618 887 integros
628 831 714 886 retus,
724 839 824 873 annum
834 825 947 878 Pisoeum
961 832 1063 902 accipio
1075 833 1109 887 de
1119 848 1186 888 tem-

128 892 209 962 porie
221 892 324 961 spetio,
335 903 366 942 ut
374 897 419 958 sit,
431 911 480 963 per
488 893 708 948 ferventissimum
718 899 815 950 testatis
826 913 939 970 tempus.
951 906 1040 961 Graece
1051 914 1120 962 enirn
1130 913 1187 966 red·

129 968 202 1022 des:
219 969 373 1020 stratumne
386 967 427 1024 nir
444 971 547 1024 niuster
564 971 633 1042 ripas.
652 977 738 1028 cesar
752 978 815 1029 Bell.
832 979 902 1032 Gall.
919 984 971 1050 ΙΙΙ,
993 1002 1037 1054 ¹2,
1053 989 1088 1052 5ι,
1102 1014 1112 1038 u
1125 994 1185 1045 Huc

129 1068 258 1121 magnam
269 1065 373 1120 purtem
383 1054 479 1104 testatis
491 1052 635 1118 faciebant3
649 1079 660 1102 s
674 1054 720 1108 ubi
731 1057 852 1111 nonnulli
862 1061 930 1114 male
939 1064 1077 1138 exhibent,
1089 1091 1186 1148 mopna

129 1141 220 1204 parte.
229 1129 329 1183 Tibull.
342 1131 379 1200 ll,
392 1131 423 1200 5,
436 1150 498 1203 109:
514 1136 611 1204 ejaceo
625 1154 705 1207 quum
717 1141 822 1192 saucius
835 1158 964 1195 annum·
986 1148 1067 1200 Iliun.

170 1273 197 1326 9.
216 1257 279 1328 ipsa
288 1275 372 1310 manu
384 1269 471 1311 unere
483 1267 578 1312 lectum
589 1262 712 1333 scripsisse
724 1264 859 1336 Voluptas.
872 1269 910 1319 lta
920 1271 1028 1324 'vetustte
1041 1273 1184 1347 editiones,

133 1349 204 1388 teste
215 1335 335 1389 Gronov.
343 1338 425 1389 Distr.
439 1355 462 1390 c.
477 1338 574 1404 10,ubi
584 1339 674 1394 lundet
684 1345 863 1414 conjecturum
873 1345 1052 1424 Lindenbrog.
1063 1351 1184 1427 legentis,

136 1417 200 1469 Visa
211 1433 294 1468 manu
308 1428 405 1478 tenerm
417 1431 443 1469 tt
454 1417 508 1471 boc
523 1423 632 1472 omnino
644 1441 734 1474 verum
747 1438 796 1490 est,
808 1439 834 1477 et
847 1425 1006 1484 editionibus
1016 1433 1183 1506 Gryphium,

134 1507 163 1545 et
172 1491 279 1558 Aldina,
288 1508 313 1546 et
321 1495 438 1562 Colinaei,
448 1510 475 1548 et
483 1497 538 1551 Ms.
546 1500 848 1570 Seneue'oeonlirmatun
859 1504 1078 1564 licetGrono'vius
1087 1528 1182 1585 postes

134 1585 250 1625 mentem
263 1587 381 1627 mutasse
389 1575 520 1643 videatur,
533 1577 641 1648 quando
653 1581 759 1651 quidem
770 1582 880 1634 Observ.
891 1585 928 1650 ll,
944 1586 988 1653 14,
1000 1590 1096 1642 retinet
1107 1594 1183 1661 Ipsa,-

135 1666 177 1718 ει,
190 1651 312 1720 mollius,
325 1657 427 1726 inquit,
442 1656 612 1724 intellexeris,
627 1659 737 1727 uidetur,
756 1672 802 1712 eut
815 1663 885 1714 credi
898 1675 989 1734 potest.
1005 1669 1078 1720 Prius
1092 1689 1182 1721 verum

134 1744 191 1793 esu
208 1733 268 1786 Visa
281 1735 419 1806 mpsim,
436 1753 491 1788 non
504 1738 566 1807 Ipsa
579 1738 702 1810 scripsisse
705 1764 716 1802 ,-
731 1759 809 1812 quam
827 1746 1050 1798 constructionem
1063 1763 1110 1800 sen
1123 1748 1182 1801 elli-

135 1813 195 1882 psin
206 1814 234 1864 in
245 1813 360 1886 simplici
373 1818 523 1868 uerrutione
534 1819 576 1870 rix
589 1817 777 1872 admittendam
789 1836 864 1894 puto.
875 1825 981 1892 Noster,
991 1825 1118 1880 Thebaid.
1132 1831 1182 1897 lx,

135 1894 202 1962 379,
214 1907 240 1946 et
250 1897 291 1962 X,
305 1913 370 1960 211;
382 1897 471 1969 Virgil.
485 1901 544 1952 AEn.
556 1903 594 1967 ll,
607 1919 671 1972 270,
684 1915 709 1955 et
719 1903 780 1970 Vll,
792 1906 835 1974 73.
848 1906 952 1974 Quibus
965 1908 1089 1963 omnibus
1101 1914 1127 1963 in
1140 1912 1181 1965 lo·

135 1977 172 2028 cis
184 1976 295 2029 verbnm
308 1977 502 2032 substantivum
513 1993 549 2034 est
560 1981 600 2034 vel
613 1993 668 2034 erat
680 1983 881 2056 intelligendum
893 2002 947 2054 est,
961 2002 990 2040 ut
1004 1993 1031 2041 in
1044 1991 1095 2044 boc
1109 1991 1178 2046 loco.

134 2056 192 2108 lloc
205 2076 262 2109 non
273 2057 336 2111 vidit
349 2063 470 2132 quisquis
482 2065 582 2133 primus
597 2067 737 2136 supposuit
750 2067 809 2138 Ipsa
823 2087 873 2138 pro
888 2069 960 2124 Visa.
975 2072 1120 2138 Domitius,
1133 2095 1179 2127 cu-

132 2139 176 2206 jus
188 2137 274 2190 editio
286 2142 390 2211 praefert
401 2143 477 2213 Ipsa,
491 2142 641 2196 mutilatum
656 2145 744 2198 locum
759 2147 883 2201 credidit:
897 2169 950 2203 non
965 2155 1000 2204 ita
1015 2154 1180 2224 crediturus,

136 2218 158 2268 si
166 2215 206 2268 illi
215 2219 243 2268 in
253 2233 367 2272 mentem
374 2223 488 2274 venisset
497 2224 525 2277 V
522 2223 785 2292 isa-Marklandus,
795 2241 894 2281 mutata
903 2235 1042 2298 sententia,
1051 2239 1162 2287 correxit
1172 2256 1177 2283 :

138 2297 219 2369 ulpse
232 2317 311 2350 rnsnu
322 2301 407 2352 fertur
418 2315 517 2353 tectum
529 2304 665 2374 scripsisse
676 2305 819 2378 Voluptus3
831 2331 841 2354 n
855 2310 881 2360 in
894 2311 990 2381 quibus
1002 2324 1089 2365 tumen
1101 2333 1180 2384 expo·

135 2375 226 2428 ncndis
238 2396 293 2429 non
306 2393 430 2432 accurate
442 2383 584 2454 perpendit
594 2384 737 2438 verborum
750 2389 810 2438 rim.
823 2387 873 2456 Sed
888 2391 913 2440 in
927 2393 1053 2459 proximis
1067 2391 1124 2443 duae
1137 2411 1178 2444 res

134 2457 249 2511 efferunt
265 2459 464 2527 difficultatem,
481 2482 514 2515 ne
528 2465 615 2518 dicum
629 2466 662 2519 de
676 2468 742 2520 falsu
757 2469 897 2540 opinione,
914 2490 967 2542 qna
982 2491 1075 2525 vocem
1092 2487 1178 2528 tenera

134 2537 247 2590 otiosum
259 2559 317 2594 esse
329 2544 484 2596 existiment.
499 2547 535 2597 At
549 2547 607 2616 quis
618 2545 671 2598 hoo
686 2565 765 2600 sensu
780 2547 873 2602 dixerit
886 2561 981 2604 tectum
995 2553 1117 2604 seribere?
1126 2556 1178 2605 Po-

134 2619 184 2670 tuit
193 2631 282 2672 antem
290 2622 400 2675 verbum
408 2625 514 2686 scribere
522 2624 644 2679 absolute
653 2633 790 2700 usurpari,
800 2643 830 2681 ut
840 2644 922 2697 esset,
934 2633 1128 2704 descriptionem
1132 2632 1178 2704 fa·

132 2713 206 2763 cere,
214 2701 368 2771 sirefomeoe
376 2721 473 2756 nornen
483 2723 515 2757 ex
525 2706 691 2760 antecedenti
701 2710 830 2760 sententia
840 2710 958 2781 intelligi.
968 2713 1057 2778 Quare
1067 2711 1177 2764 verbum

133 2775 191 2828 elio
205 2780 313 2831 nomine
327 2787 500 2838 necessarium
515 2788 634 2854 restitui,
649 2807 732 2861 quum
748 2792 926 2861 corruptionis
942 2793 1049 2861 vestigia
1065 2793 1092 2841 in
1109 2790 1176 2843 Cod.
1238 2811 1239 2816 ¹

133 2857 213 2908 Uret.
224 2857 355 2912 vidissem.
369 2865 438 2928 lneo
453 2868 522 2918 enirn
537 2881 564 2920 et
576 2870 604 2919 in
616 2868 678 2921 edit.
694 2872 777 2940 princ.
793 2869 889 2941 legitur
903 2879 1000 2935 neum,
1015 2869 1087 2940 quod
1099 2868 1177 2920 facile

131 2941 293 2991 commutari
303 2945 387 3012 potuit
397 2965 458 2999 cnm
469 2949 734 3019 voc.ferner.lll1tn.

170 3061 210 3114 rt.
225 3037 322 3117 Fallax
330 3084 457 3141 responsat
467 3073 553 3146 imapo
558 3071 705 3142 frondibus.
715 3071 855 3126 Pulchrum
862 3071 932 3124 bane
941 3085 1027 3142 poetes
1037 3071 1176 3140 imaginem

130 3145 250 3195 certatim
264 3147 358 3200 imitati
370 3165 463 3220 postea
476 3165 535 3202 sunt
550 3149 627 3205 Silius
641 3153 698 3205 ltnl.
711 3153 845 3204 Ausonius
860 3150 970 3223 aliique,
986 3169 1053 3222 quos
1067 3151 1177 3204 laudent

129 3222 284 3278 Bnebnerus
296 3227 394 3301 aliique
406 3244 627 3285 commentatores
640 3233 674 3284 ad
687 3233 753 3285 Plin.
767 3235 814 3304 Ep.
830 3234 860 3300 8,
874 3231 919 3285 lib.
929 3233 993 3284 Vlll.
1012 3233 1132 3284 Terenti.

168 3363 208 3398 ²⁰·
227 3349 358 3423 Infraque
368 3372 494 3426 superque
506 3373 602 3408 saxeus.
616 3357 701 3408 Anien
716 3358 839 3428 infraque
854 3375 988 3428 superque
997 3341 1103 3422 ἰακσιιε,
1118 3355 1176 3422 bic,

131 3423 165 3475 sd
180 3423 265 3477 villani
278 3427 385 3496 Manlii,
403 3450 457 3483 non
473 3446 512 3485 eet
522 3450 625 3499 saxeus,
641 3432 688 3486 sed
701 3435 808 3506 quietus.
822 3434 908 3502 Quid,
923 3453 1025 3506 queso,
1039 3447 1078 3486 eet
1089 3451 1177 3487 saxeus

131 3501 242 3571 ΜΨ»
253 3521 297 3558 ³¹1¹
312 3529 434 3581 quaenam
447 3515 582 3584 oppositio
595 3515 663 3568 inter
673 3532 777 3567 saxeum
790 3529 816 3568 ct
830 3516 985 3568 taciturnum
998 3515 1119 3566 amnem?
1129 3515 1178 3565 Ia·

126 3585 231 3654 pidem
242 3587 348 3658 quidem
361 3591 461 3646 AEsaris
474 3593 557 3647 undas
565 3593 648 3648 hebes
662 3593 734 3667 apud
746 3596 885 3662 Ovidium,
895 3597 1001 3648 Metam.
1013 3597 1071 3660 XV,
1087 3612 1133 3661 ιι,
1150 3609 1177 3646 ct

128 3663 258 3738 Ῑφῑᾶῡπϋ
268 3671 353 3735 riuus,
367 3673 468 3726 Festos.
482 3677 531 3739 ΙΙΙ,
546 3675 609 3744 ι73,
621 3674 674 3728 hoe
684 3689 723 3728 est
734 3676 842 3729 calculis
855 3691 881 3728 et
892 3675 1024 3747 lapidibus
1037 3673 1176 3728 abunden-

130 3759 183 3798 ΙΨ
196 3745 230 3798 “l
239 3758 319 3820 qnam
330 3751 444 3806 sormam
455 3753 552 3807 Statius
562 3754 657 3807 dixisse
667 3755 760 3809 debuit
771 3757 856 3808 Anien
867 3775 980 3822 saxosus,
994 3768 1022 3806 ut
1032 3753 1177 3826 Euphrates

127 3841 243 3894 ”ms
259 3831 327 3884 1³5⁰·
339 3833 405 3885 Hm*
421 3835 482 3886 Nat.
492 3835 525 3902 V,
540 3835 587 3902 ²43
604 3835 704 3890 Athesis
717 3837 783 3892 saxis
794 3856 876 3909 asper,
890 3840 992 3888 incerto
1005 3835 1115 3886 Auctori
1128 3836 1177 3883 Pe-

127 3923 187 3976 nefl.
199 3906 260 3960 dict.
274 3911 428 3976 Constant,
440 3932 463 3964 c.
477 3913 503 3979 8,
517 3931 544 3984 p.
561 3914 623 3984 ¹⁵93
636 3914 714 3966 Ovid.
727 3917 817 3967 Amor.
830 3918 880 3979 lll,
893 3913 919 3981 6,
934 3912 977 3982 45,
990 3912 1023 3964 de
1035 3913 1149 3962 Aniene:

314 4001 398 4045 Necte
411 4013 524 4060 pretereo
533 4003 574 4063 qui
583 4017 624 4062 per
635 4016 688 4047 caua
698 4018 748 4048 saxa
759 4001 865 4048 volutuns
