2804 4490
146 324 206 413 176
391 325 426 384 r.
453 324 487 384 r.
513 322 665 386 suurn
690 318 931 385 suvnnuu

186 457 326 533 Luctus,
340 465 373 517 et
384 449 518 517 admoto
530 448 654 515 latrent
664 446 847 541 praeeordia
858 463 961 514 tactu.

185 568 291 630 Nemo
302 576 407 644 vetut,
420 563 539 628 satiare
551 557 647 627 malis
654 587 668 644 3,
676 583 869 654 aegrunrque
881 557 1032 626 dolorem
1061 608 1065 616 ,

185 673 352 740 Libertate
363 670 474 739 doma.
487 675 563 738 Jam
574 668 679 737 flendi
690 669 821 761 expleta
832 667 1006 762 voluptas?
1150 687 1180 736 1⁵

185 786 305 850 Jamne
316 803 432 874 preces
445 781 553 848 fessus
566 805 637 848 non
649 780 832 872 indignaris
845 781 987 847 amicas?

184 899 305 961 Jamne
316 898 453 962 canam?
464 895 625 961 Lacrimis
637 917 681 960 en
692 909 726 960 et
737 917 812 961 mea
822 895 970 960 earmina
982 894 1017 958 in
1030 895 1103 984 ipso

186 1008 253 1072 Ore
264 1018 395 1085 natant,
407 1004 586 1096 tristesque
598 1000 724 1070 eadunt
735 1003 769 1068 in
780 1001 882 1069 verba
893 999 1013 1068 liturae.

186 1121 262 1206 lpse
275 1115 399 1180 etenim
410 1127 523 1178 tecum
534 1113 639 1202 nigrae
652 1108 802 1178 solennia
813 1113 963 1205 pompae,
1254 1198 1259 1206 Ι

186 1227 442 1316 spectatumque
454 1222 530 1305 urbi
542 1222 667 1304 scelus,
680 1237 715 1289 et
725 1221 854 1315 puerile
865 1221 1025 1289 feretrum
1147 1251 1182 1285 πο

186 1333 344 1416 Produxi;
357 1349 390 1401 et
401 1356 507 1401 saevos
520 1331 669 1400 damnati
681 1331 790 1401 thuris
802 1357 952 1414 acerum,

186 1444 443 1540 Ploranternque
455 1448 603 1513 enimam
615 1469 719 1538 supra
731 1469 792 1512 sua
803 1445 922 1513 funera
933 1445 1018 1512 vidi:

184 1554 302 1653 Teque
309 1575 444 1651 patrum
451 1560 592 1650 gemitus
600 1573 826 1650 superantem,
834 1557 1180 1636 etbrnchiamatrum,

186 1668 472 1764 Complexumque
484 1693 600 1761 rogos,
612 1671 793 1761 ignemque
804 1666 939 1769 haurire
950 1681 1124 1759 parantem

186 1782 250 1876 ij
261 1784 353 1848 tenui
366 1777 482 1847 similis
494 1777 828 1872 eomes,offendique
840 1775 995 1846 tenendo.
1149 1786 1183 1839 25

187 1891 228 1954 Et
239 1913 331 1956 nunc
343 1890 441 1976 (heu)
454 1893 561 1972 vittis,
574 1905 609 1957 et
619 1889 738 1955 fronn's
750 1889 879 1956 honore
892 1887 1016 1969 soluto,

188 1999 358 2066 Infaustus
370 2016 478 2083 vates,
491 2023 574 2067 vexo
587 2023 663 2067 mea
673 2015 811 2093 pectora
822 2016 953 2067 tecum:

188 2108 312 2200 Plango
323 2106 407 2201 lyra.
422 2113 487 2176 En!
501 2108 578 2176 duri
590 2113 747 2176 comitem
759 2111 955 2203 sociumque
966 2106 1089 2175 doloris

187 2222 234 2306 (si
246 2222 366 2298 merui,
379 2220 558 2314 luctusque
570 2224 617 2287 tui
631 2223 798 2288 consortia
810 2223 915 2305 sensi)

187 2335 262 2398 Jam
273 2330 358 2398 lenis
369 2333 495 2422 patiare
507 2354 637 2424 precor.
651 2335 706 2398 Me
718 2331 857 2398 fulmine
868 2333 903 2396 in
914 2332 987 2421 ipso
1149 2341 1185 2394 30

188 2440 352 2510 Audivere
363 2459 475 2534 patres
486 2469 493 2508 ε
506 2467 568 2536 ego
575 2441 672 2536 juxta
683 2443 781 2512 busta
793 2443 939 2535 profusis

182 2646 221 2698 13.
240 2647 291 2697 Pro
308 2646 413 2702 innunt.
429 2649 477 2702 nd.
491 2649 583 2702 Vener.
599 2649 641 2701 lu·
685 2652 730 2702 ris.
742 2645 1113 2720 omittiteonj.et.Fal.p1-inr.
1124 2663 1185 2717 pro·

143 2739 230 2788 cram
248 2745 281 2778 an
294 2727 391 2794 voluit,
403 2729 513 2795 lacerat,
532 2728 587 2783 scil.
601 2727 641 2781 lu-
685 2729 749 2781 duxi
760 2748 840 2784 senos.
859 2731 892 2781 A.
949 2795 952 2802 1

143 2807 215 2857 ones?
230 2806 352 2858 Heinsius
368 2806 404 2858 ad
419 2806 589 2875 Ovidssl'rist.
603 2810 641 2872 11,
722 2827 764 2862 22.
779 2803 1185 2864 Plorantem.Reetetuetane-

144 2883 210 2955 459,
220 2882 321 2937 mavult
332 2883 429 2938 latram
433 2907 443 2948 ,·
453 2885 499 2938 sed
508 2904 563 2937 non
573 2903 640 2957 opus
684 2888 785 2938 verrius
797 2886 948 2961 plorantem
962 2888 1076 2938 unimam
1090 2895 1184 2934 contra

144 2977 191 3017 est.
197 2963 393 3035 Theb.11‚337:
403 2989 414 3012 a
423 2966 527 3037 quoties
533 2964 587 3018 hec
594 2984 641 3018 ora
686 2965 811 3037 Scaligeri
828 2979 854 3019 et
867 2965 1025 3036 Tiliohrogre
1037 2962 1184 3035 plemam

143 3058 235 3096 natare
244 3043 376 3112 Fletibus,
387 3058 413 3097 et
422 3063 531 3116 magnas
542 3044 641 3097 latran-
685 3057 780 3114 praeter
795 3044 857 3097 loce
872 3045 906 3097 ub
921 3043 966 3096 illo
979 3042 1111 3104 adduae,
1128 3036 1184 3091 vid.

120 3188 123 3202 .
144 3123 180 3172 tia
188 3135 296 3191 pectora
302 3123 640 3195 ourasAdruotadeprendo
685 3120 770 3176 Theb.
784 3125 832 3188 lx,
849 3121 1047 3192 2993x11‚56;
1061 3123 1134 3172 etita
1146 3120 1186 3170 iu·

144 3201 642 3273 mauububipeetoralatmntreuela·
685 3205 745 3253 veui
754 3203 780 3253 in
791 3201 851 3254 edd.
860 3205 945 3254 Parm.
954 3215 980 3252 et
989 3196 1184 3252 Rern-Cod.

145 3287 227 3345 trent,
237 3280 482 3354 uthic,praerordia
493 3282 599 3335 latram.
608 3311 642 3321 -
686 3283 765 3334 Paris.
776 3281 933 3352 plorantem.
952 3281 984 3331 A.

144 3353 192 3406 Ed.
203 3376 243 3428 pr.
255 3357 358 3412 lucrant
367 3379 407 3431 pr.
418 3371 510 3413 noctu.
521 3364 553 3413 A.
724 3363 765 3416 23.
784 3361 820 3413 Er
831 3360 865 3412 br.
881 3357 930 3414 Ed.
941 3377 981 3430 pr.
993 3359 1089 3410 omittit
1098 3367 1131 3408 et.
1152 3359 1186 3409 A.

184 3435 224 3488 16.
241 3435 290 3488 Ed.
307 3456 347 3509 pr.
357 3441 469 3510 jamque
486 3459 537 3512 pro
547 3442 643 3512 jamne
723 3457 764 3510 ²7·
786 3439 865 3493 Vero.
880 3436 947 3490 Edd.
961 3436 1045 3488 Par-m.
1064 3447 1090 3488 et
1106 3437 1186 3487 Rom.

145 3511 219 3585 quod
233 3511 314 3565 habet
326 3533 350 3565 v.
366 3535 387 3567 r.
401 3543 436 3556 -
450 3517 563 3570 Amicos.
576 3515 640 3568 cod.
687 3537 767 3571 verro.
778 3549 814 3558 —
826 3518 891 3572 eod.
905 3519 986 3570 Paris.
999 3515 1040 3568 ed.
1053 3535 1093 3587 pr.
1106 3533 1186 3568 emo.

144 3593 225 3643 Paris.
238 3595 337 3658 amicti,
358 3606 384 3646 et
401 3596 429 3647 in
448 3599 565 3670 margine
577 3597 643 3648 ami·
688 3596 747 3649 vid.
763 3611 819 3649 not.
834 3597 868 3649 ad
881 3618 905 3649 v.
923 3597 963 3650 26.
984 3596 1016 3647 A.

145 3675 185 3720 eri.
206 3671 237 3720 A.
724 3676 765 3729 αδ.
785 3677 828 3728 En
845 3677 911 3728 duri.
927 3675 1012 3746 Vulgo
1031 3686 1057 3727 et
1074 3672 1132 3725 diri.
1150 3701 1188 3712 -

184 3749 640 3818 19.Sotennra.ndd.parmenam.
687 3754 847 3808 cod-Paris.
867 3752 927 3806 edd.
948 3772 987 3824 pr.
1010 3751 1069 3804 Ald.
1087 3763 1112 3802 et
1126 3751 1185 3802 dni.

145 3827 252 3890 wluin·
263 3827 338 3880 male.
349 3859 385 3869 —
394 3831 459 3884 Cod.
471 3835 551 3883 Puris.
562 3829 641 3882 habet
689 3832 748 3884 Vid.
763 3847 818 3885 not.
832 3831 866 3885 od
878 3850 901 3883 v.
916 3832 957 3884 26.
976 3833 1008 3884 A.

148 3925 253 3982 quoque
264 3907 364 3961 solatia.
384 3913 415 3962 A.
687 3965 691 3974 ,
721 3913 763 3966 30.
778 3913 826 3964 Ed.
836 3931 876 3983 pr.
890 3922 943 3964 tam
952 3931 1001 3983 pro
1006 3915 1119 3984 jum,er
1122 3911 1185 3980 jam

184 4006 226 4041 αι.
245 3988 372 4042 Produxi:
385 4002 410 4042 et
421 4009 503 4044 soeoos.
517 3990 583 4042 cod.
593 3994 641 4043 ra·
686 4010 735 4065 pro
745 4011 800 4061 me,
809 4005 864 4044 etv.
874 4009 895 4044 s.
902 4007 1043 4064 precespro
1049 3998 1140 4060 parm.
1152 3989 1185 4038 A.
