2776 4484
163 288 206 369 64
319 287 459 351 NOTAE
483 287 532 350 IN
556 289 754 353 CARMEN
777 287 1043 356 SECUNDUM

160 415 199 482 git
207 412 388 482 pensiusque.
400 411 489 462 Recte.
504 410 571 464 Vota
580 415 703 484 pembsa
715 426 863 480 sententis,
875 433 988 484 quorum
997 419 1054 487 jam
1065 431 1204 488 compotes

160 509 259 543 sumus.
282 489 442 543 Claudianus
459 491 492 542 de
506 493 540 542 IV
554 491 633 544 Cous.
648 494 772 560 Boeotii,
786 513 810 545 r.
825 493 886 546 618.
907 495 964 546 lloc
978 513 1058 548 sensu
1073 500 1204 553 sumenda

159 588 209 621 von
219 571 369 642 permissus,
382 569 523 623 Achilleid.
536 573 572 636 Π,
588 572 653 639 264,
665 572 711 623 ubi
723 571 858 625 Deidamia
871 575 997 644 queritur,
1011 577 1084 648 quod
1095 580 1207 651 eripitur

159 649 257 702 misere
267 651 402 719 permissus
414 648 540 714 Aeln'lles,
554 649 581 701 id
594 664 646 714 est,
658 649 772 705 Achilles
785 671 864 724 quem
874 654 928 722 jam
941 657 1142 725 sunniacum,
1156 677 1204 710 cn·

156 733 200 798 jus
212 747 322 802 compos
335 731 430 781 luerat.
442 729 499 782 Val.
512 725 599 781 Flauo.
610 732 668 784 VIII
672 768 680 797 ‚
693 731 741 782 80:

343 829 391 944 ἔκ
400 827 456 910 dure
465 826 594 888 permissu,
604 829 708 888 quamvis
716 828 795 888 juvet,
805 844 846 874 ora
855 832 926 893 quieti

361 911 454 944 usnnet.

160 967 273 1047 Pulchre
287 991 339 1058 boc
351 993 411 1046 loco
425 991 583 1044 describitur
597 996 732 1046 cunctatio
746 994 875 1062 hominis,
890 1001 933 1050 eni
946 998 1046 1071 aliquid
1059 988 1204 1054 bonivoto

160 1079 246 1148 majus
257 1075 373 1146 contigit.
384 1073 503 1124 Imitatur
511 1071 648 1125 Claudian.
659 1073 693 1126 de
703 1074 756 1127 Bel.
765 1075 871 1127 Gildon.
883 1095 907 1128 r.
918 1076 943 1128 6.
955 1107 991 1117 -—
1002 1080 1130 1132 Promissa
1141 1091 1204 1133 vota

161 1169 249 1208 essent
257 1157 385 1226 promissa
396 1150 539 1204 connubia.
549 1153 648 1205 Tamen
660 1153 697 1206 dii
707 1155 774 1206 rotis
784 1157 839 1224 jam
852 1171 1012 1222 annuerant,
1025 1171 1050 1210 et
1061 1158 1152 1229 puella
1164 1159 1205 1211 di-

159 1236 240 1301 citur,
255 1252 277 1284 v.
297 1234 361 1301 274,
377 1232 469 1283 merito
483 1250 594 1302 possessu
610 1233 713 1285 morito.
727 1234 888 1288 Sententiam
898 1237 979 1306 igitur
989 1228 1057 1289 bene
1069 1241 1203 1311 perspexit

159 1311 337 1364 Marklaudus.
356 1313 437 1364 Hero.

194 1465 237 1517 36.
256 1462 384 1531 Amplexu
398 1462 501 1515 tandem
513 1464 607 1516 satiare
618 1467 713 1535 petite.
727 1467 777 1516 Pro
788 1463 911 1536 amplexu
923 1468 1005 1538 petito
1019 1419 1146 1540 conjugis,
1159 1463 1203 1515 le·

158 1546 288 1617 gendum,
299 1545 387 1617 petite
400 1545 521 1616 conjuqr's.
537 1543 686 1614 Intelligent
699 1543 751 1595 hoc
766 1547 811 1614 qni
824 1546 1045 1617 compositionem
1057 1544 1203 1595 Statianam

160 1625 374 1757 {pitellipuntgztp
388 1642 469 1696 snpra
480 1641 505 1676 v.
519 1640 570 1676 ao:
588 1625 700 1677 «niveos
717 1627 950 1697 optatoe,conjngis
967 1637 1069 1677 artus.»
1085 1624 1204 1687 Seneca,

194 1724 268 1778 ppo.
281 1723 305 1755 v.
379 1726 385 1755 :

345 1803 373 1846 Et
382 1801 477 1863 expetiti
484 1801 589 1862 conjugit
598 1799 686 1846 vultum
695 1803 797 1864 excipit?

159 1899 280 1952 Juvenal.
290 1899 342 1952 Sat.
353 1899 390 1962 X,
403 1899 463 1966 ²4¹·
474 1899 563 1950 Potito
570 1937 579 1964 ‚
593 1899 665 1971 quod
675 1901 772 1970 legitur
780 1901 810 1952 in
819 1899 885 1952 Cod.
897 1902 975 1952 Parit.
987 1898 1047 1952 edd.
1057 1899 1132 1949 Rom.
1143 1898 1202 1948 tic.

160 1981 263 2030 Venett.
275 1991 301 2030 et
310 1979 405 2030 iterum
414 1979 442 2029 in
450 1976 644 2050 Lindenbrog.,
657 1979 820 2050 explicarunt
829 1979 894 2031 ollm
903 1999 965 2054 per:
979 1981 1072 2031 satiare
1081 1989 1108 2030 et
1117 1977 1204 2048 potire

160 2058 283 2130 amplexu
296 2059 422 2129 conjugia.
435 2056 486 2110 Sed
495 2060 549 2128 jam
559 2058 714 2112 Parrhasius
725 2058 794 2112 bane
805 2058 953 2112 doctrinam
965 2077 1074 2132 prorsus
1083 2056 1205 2128 repudia·

160 2141 210 2206 sit,
223 2151 344 2192 revocata
359 2137 439 2190 altera
452 2141 583 2209 scriptura
593 2137 690 2212 petito,
705 2159 763 2212 que
777 2152 862 2192 exstat
874 2142 903 2192 in
914 2139 980 2193 Cod.
994 2143 1067 2192 Urat.
1082 2137 1205 2190 Dralteu-

160 2217 252 2270 borch.
270 2220 339 2270 etin
356 2216 468 2270 Aldinis.
485 2220 552 2270 Hinc
569 2220 648 2270 etiam
664 2221 782 2272 Bernart.
799 2219 904 2271 Gevart.
921 2219 1038 2271 Gronov.
1056 2229 1082 2268 et
1097 2216 1202 2288 reliqui.

160 2299 281 2352 Barthius
293 2301 320 2351 in
332 2299 431 2369 scripto
444 2297 527 2366 libro,
540 2300 631 2352 neseio
644 2319 711 2372 quo,
725 2318 754 2352 se
765 2301 897 2353 invenisse
907 2301 994 2371 petita·
1005 2311 1108 2365 narrat,
1121 2297 1204 2367 idque

159 2381 253 2431 iterum
265 2381 412 2450 corrumpit
425 2378 494 2431 mala
509 2381 676 2449 conjectura:
690 2381 788 2451 potitoe.
801 2382 831 2431 lu
844 2378 960 2431 editione
972 2379 1057 2450 princ.
1069 2375 1203 2428 desidera·

160 2472 204 2511 tur
214 2472 285 2512 totns
298 2475 389 2511 versus
400 2458 443 2510 36.
460 2457 512 2511 Sed
524 2472 595 2510 recte
609 2457 708 2510 dicitur
720 2464 815 2530 petitus
825 2457 973 2530 amplexus,
987 2468 1016 2508 ut
1027 2455 1097 2528 apud
1108 2455 1201 2525 virgil.

159 2539 219 2589 AEn.
230 2539 303 2604 VIII,
317 2540 381 2606 405,
394 2538 477 2608 optati
487 2536 630 2608 amplexus.
643 2539 703 2590 lam
717 2558 780 2591 vero
793 2540 819 2590 in
833 2538 956 2590 omnibus
968 2533 1127 2588 editionibus
1138 2532 1202 2586 iude

160 2616 193 2668 ab
203 2616 300 2670 Aldina
309 2617 405 2688 legitur
415 2615 539 2689 amplexu
548 2617 677 2690 columis,
690 2636 851 2690 quamquam
864 2635 955 2670 omnes
968 2615 1130 2686 antiquiores
1140 2611 1203 2665 libri

160 2693 279 2769 praebent
290 2697 411 2769 contiyit,
425 2695 490 2748 Cod.
503 2699 577 2747 Urat.
591 2698 727 2769 eontinqt't.
743 2695 896 2750 Parrhasius
907 2709 933 2748 et
946 2695 1098 2748 Bernartius
1110 2691 1203 2746 delen·

160 2777 241 2830 sionis
252 2789 435 2848 argumentum
445 2777 478 2828 ab
488 2778 600 2848 antiquo
610 2797 661 2831 usu
670 2776 743 2830 verbi
753 2779 831 2830 activi
840 2779 934 2832 satiare
942 2779 1118 2849 repetierunt,
1130 2773 1205 2847 quod

159 2855 270 2926 probari
283 2876 337 2908 non
350 2869 447 2927 potest.
459 2857 558 2907 Tamen
574 2855 619 2908 illa
633 2860 761 2910 eorrectio
776 2855 873 2910 Aldina
887 2858 1004 2933 conjuqis
1017 2859 1044 2908 in
1058 2858 1110 2908 hec
1123 2855 1203 2907 ferri-

160 2934 234 2987 diore
246 2937 366 2987 oratione
378 2934 484 2987 mirifice
497 2934 619 3005 languet,
632 2955 720 3008 neque
732 2939 811 2990 etiarn
822 2938 884 2989 ferri
896 2952 997 3007 potest,
1009 2938 1060 2987 nisi
1071 2933 1203 2988 scribatur

159 3017 246 3085 perite
257 3015 380 3090 conjupt's.
391 3017 428 3067 Ea
440 3035 502 3068 vero
515 3013 675 3087 interpolata
688 3015 792 3068 ridetur
804 3034 820 3068 a
831 3019 1001 3086 grammatico
1014 3011 1142 3084 quodam,
1155 3013 1202 3082 qui

160 3098 384 3147 constructionem
405 3094 544 3148 verborum
564 3097 657 3148 satiare
676 3096 785 3168 contigit
805 3093 959 3166 impeditam
980 3091 1094 3145 vidisset.
1113 3087 1200 3160 Vulgo

162 3171 387 3243 enimlegebaturz
401 3173 543 3246 «amplexu
550 3174 658 3228 tandem
666 3176 762 3226 satiare
769 3173 853 3245 petito
861 3167 1197 3243 contigit,etduras,etc.·

160 3250 305 3302 Emendata
322 3253 401 3321 igitur
419 3254 603 3307 emendatione
622 3252 710 3304 locum
728 3253 873 3305 restituisse
890 3251 955 3303 mibi
971 3249 1070 3304 videor.
1085 3247 1201 3299 Verbum

161 3331 284 3404 contipt't,
303 3329 376 3402 quod
392 3351 446 3385 non
463 3335 519 3387 sine
536 3334 665 3404 elegantis
681 3333 777 3402 exeipit
791 3330 950 3383 vocobulum
964 3330 1045 3402 petito
1061 3330 1089 3380 in
1106 3345 1137 3379 ea
1155 3346 1200 3394 re,

162 3427 241 3480 quatu
252 3424 332 3481 poeta
343 3425 451 3479 tractat,
463 3415 600 3486 proprium
612 3411 694 3464 babet
705 3431 790 3464 usum.
810 3413 890 3463 Hsrn.

197 3569 240 3622 38.
259 3571 348 3645 Dique
358 3575 462 3645 quidem
475 3593 575 3628 merces.
587 3576 626 3626 lta
639 3577 757 3644 Propert.
769 3575 806 3641 11,
820 3590 848 3639 a,
860 3572 908 3642 495
920 3574 950 3638 3,
963 3573 1011 3642 39:
1028 3571 1134 3642 -Digna
1146 3571 1202 3642 qui·

162 3647 222 3700 dem
234 3649 328 3720 facies,
340 3672 388 3724 pro
402 3673 453 3724 qua
465 3653 506 3705 vel
518 3653 603 3705 obiret
612 3652 737 3706 Achilles.

198 3807 241 3874 41.
260 3808 337 3861 Haste
349 3818 454 3882 propter
465 3819 551 3861 tntum
563 3812 646 3863 Pr'soea
659 3809 714 3884 leqe
726 3821 884 3865 trementem.
895 3781 1038 3880 Quomodo
1051 3820 1149 3876 metm,
1162 3810 1201 3859 in-

164 3889 222 3957 quit
232 3888 379 3941 Gronovius
388 3887 486 3960 (Reliq.
498 3887 531 3941 ad
542 3891 616 3943 Statii
625 3890 702 3963 Silv.)
713 3892 734 3942 si
744 3901 907 3957 trementem,
921 3892 1036 3944 sil’isaeo
1046 3887 1117 3961 lepe?
1127 3887 1203 3957 Legit

164 3965 252 4036 igitur,
267 3967 334 4019 banc
346 3978 451 4039 propter
455 3971 563 4041 jtotrtm.
580 3973 658 4026 Bene.
674 3972 820 4038 Ausonius,
831 3971 955 4045 Epitapb.
968 3974 1028 4023 Iler.
1039 3969 1110 4030 VllI;
1123 3965 1200 4020 Silius
