2850 4488
355 345 694 428 LtBtttQUtttT1
718 345 969 412 stetinum.
1109 350 1174 436 467

145 473 248 546 Papinii
260 470 439 522 observassem
450 467 552 521 exsilire
564 467 721 539 aliquando,
735 481 775 535 et,
786 469 834 520 ubi
844 470 950 522 minime
961 472 1021 540 quis
1033 483 1177 543 exspectet,

146 550 273 603 lectorem
286 549 441 622 relinquere.
453 570 464 594 r
480 548 571 600 Refert
584 545 680 600 deinde
694 549 872 617 conjecturam
888 549 937 599 viri
951 549 1115 621 amplissimi,
1132 555 1178 625 qui

147 648 195 700 pro
209 629 287 682 almae
299 627 404 698 legebat
417 625 452 678 cd
467 645 525 688 mes
541 639 567 678 et
583 625 818 697 ingeniosissimum
832 628 900 697 ling.
914 627 1011 694 Grotii,
1026 647 1096 682 succ
1110 633 1179 684 enim

148 711 303 762 retinentius
315 709 386 760 almus
397 710 492 759 Pectus
505 707 658 770 amicitiae3·
673 709 718 759 cui
730 707 814 779 inquit
829 724 856 758 se
869 724 1035 760 accessurum
1047 727 1118 774 esse,
1131 714 1182 766 nisi

149 788 255 861 vulgata
270 788 349 842 lectio
363 785 502 840 commode
516 785 640 857 explicari
656 801 755 858 posset.
773 789 807 838 Et
823 789 861 838 ita
878 788 956 838 etiam
972 789 1052 840 sensit
1066 789 1181 842 Gronov.

148 867 232 920 lhtttr.
247 887 270 920 o.
286 867 335 934 lte
352 866 485 936 «Vulgata
499 865 635 916 sanissima
650 877 704 932 est,
722 877 825 918 tuntum
842 863 980 917 obscurior
994 863 1101 919 defectu
1112 868 1185 922 verbi

149 945 321 1011 substantivi3
336 965 415 1018 quem
428 946 593 1017 frequentem
607 946 706 997 Nostro
720 943 783 997 alibi
795 962 903 1016 quoque
914 957 1045 998 notamus.
1061 945 1181 998 Summos

149 1027 220 1080 viros
228 1025 377 1099 impedivit,
385 1023 457 1096 quod
465 1043 520 1076 non
527 1022 665 1091 ridebant,
675 1042 724 1076 cur
733 1024 829 1078 Statius
837 1023 976 1079 Herculem
988 1035 1112 1097 spretore
1120 1029 1185 1080 orni·

151 1105 219 1158 eitioe
230 1105 393 1172 excluderet,
408 1117 491 1176 quum
500 1102 675 1174 intelliget-ent
685 1102 799 1157 obsolute
811 1101 881 1158 dicta
893 1107 976 1160 verba
988 1105 1046 1174 illa,
1058 1127 1105 1161 nec
1116 1111 1185 1162 enim

153 1181 307 1255 Tirynthius
320 1183 398 1237 almo
407 1193 496 1255 protus
506 1183 640 1250 amicitie,
655 1201 711 1254 quse
722 1195 870 1256 comparate
881 1187 1034 1260 accipienda
1048 1201 1117 1244 suut.
1128 1213 1140 1236 n
1154 1190 1186 1242 Et

151 1283 228 1317 mox:
246 1265 372 1336 10ptime
387 1263 474 1315 omnia
489 1259 540 1313 tihi
555 1259 730 1332 respondent:
743 1259 824 1331 vste,
839 1275 866 1316 et
881 1266 964 1316 nostri
979 1284 1095 1319 amorem
1108 1267 1187 1320 corde

153 1344 224 1396 exire
236 1355 311 1410 retu,
329 1344 499 1414 nequeenim
516 1341 669 1414 Tirynthius
680 1346 736 1413 jam
754 1342 824 1396 fama
840 1346 957 1398 amicitie
975 1360 1029 1413 est,
1047 1359 1189 1420 postquam

152 1436 241 1476 tecum
259 1423 406 1495 comparari
424 1423 518 1494 eoepit;
535 1420 652 1474 Theseos
668 1440 775 1494 quoque
792 1422 862 1476 cedit
882 1424 931 1477 tihi
951 1425 1050 1496 gloria,
1069 1440 1141 1480 etc·
1164 1429 1190 1483 Si

153 1505 189 1556 ita
201 1503 350 1574 scripsisset
362 1501 476 1565 Statius,
497 1498 563 1552 nihil
576 1497 712 1563 het-erem
732 1500 778 1553 ted
790 1502 899 1554 ubinam
917 1506 997 1556 estin
1015 1507 1090 1558 statii
1105 1508 1190 1561 verbis

147 1582 226 1654 foma
236 1583 371 1647 amicitie,
387 1593 426 1646 et,
437 1591 573 1652 postquam
587 1591 668 1631 tecum
681 1581 826 1650 comparari
837 1584 928 1653 coepit?
940 1582 1019 1635 rideo
1029 1585 1132 1658 pridem
1145 1605 1191 1658 ps·

153 1673 209 1716 oues
221 1661 356 1724 amicitioet
371 1660 417 1714 sed
431 1659 464 1712 ds
478 1657 588 1725 ceteris,
603 1671 657 1710 nec
665 1655 725 1710 volt
737 1671 787 1710 nee
799 1659 952 1733 vestigium
967 1671 997 1714 ut
1009 1663 1043 1716 de
1054 1683 1103 1717 suo
1115 1667 1191 1720 nimis

152 1742 270 1795 liberalis
285 1743 367 1794 faisse
377 1737 498 1792 ridentur
508 1739 548 1790 vir
559 1753 680 1809 magnus
698 1737 724 1791 si
737 1739 805 1790 enirn
819 1737 885 1805 hoe,
900 1743 963 1812 quie
975 1746 1063 1796 sensui
1073 1763 1194 1799 neeessa-

152 1823 224 1874 rium
235 1835 288 1888 est,
299 1817 410 1890 intelligi
420 1817 518 1889 possit;
531 1815 633 1946 ‹puidris
643 1815 728 1868 ubivis
739 1815 848 1888 intelligi
860 1831 957 1890 potest.
968 1821 1051 1872 Variis
1061 1825 1194 1894 conjectu·

152 1901 190 1952 ris
202 1899 274 1952 hunc
288 1899 377 1952 locum
388 1914 494 1969 possem
508 1915 538 1948 so
549 1891 648 1948 licitere
657 1917 664 1959 ;
674 1891 757 1947 veluti
767 1894 835 1960 hnc,
851 1918 862 1942 ι
873 1893 939 1949 mihi
951 1899 1020 1951 enim
1031 1900 1195 1973 Tirynthius,

153 1979 230 2032 almae
242 1979 334 2032 Pectus
347 1978 479 2043 amicitia,
491 1975 577 2038 cedits
591 1976 651 2043 tibi,
665 1974 750 2047 poris
760 1973 807 2027 li&
817 1975 949 2045 Theseos,
961 1979 1012 2031 ete.
1024 2004 1035 2028 ι
1050 1993 1076 2032 et
1088 1979 1140 2033 hoc
1152 2001 1196 2034 se·

152 2077 214 2113 rum
229 2071 309 2124 esset,
327 2057 379 2110 nisi
389 2057 466 2108 nimis
476 2071 603 2127 arrogans
620 2053 753 2108 videretur
769 2057 886 2128 seipsum
904 2073 1057 2129 comparate
1074 2061 1196 2127 Herculi,

152 2138 310 2194 Marcellum
320 2139 429 2200 minori,
441 2135 558 2198 These03
570 2137 677 2188 minima
687 2139 757 2189 enim
767 2151 806 2189 est
816 2137 966 2190 differentia
975 2139 1044 2191 inter
1053 2141 1133 2193 michi
1143 2143 1196 2213 (sic

153 2223 227 2273 enim
238 2222 266 2273 in
275 2219 348 2272 MSS.
360 2217 502 2289 sepissime
511 2211 675 2288 concipitur)
687 2227 713 2268 et
724 2231 777 2269 nec.
788 2217 813 2270 Si
825 2219 913 2270 minus
922 2212 1012 2289 placet
1023 2213 1101 2273 olmoe
1109 2232 1198 2293 pectus

153 2300 293 2365 amicitie,
312 2295 384 2351 nullo
402 2315 475 2370 paene
493 2299 640 2350 mutatione
658 2297 745 2368 legere
764 2311 844 2370 potet
859 2298 932 2352 elma
954 2299 1042 2353 Vesus
1058 2303 1196 2354 amicitia:

156 2379 247 2432 mihi
261 2380 333 2432 euim
346 2377 496 2451 Tirynthius
512 2377 581 2430 alma
588 2378 682 2431 Victus
696 2379 811 2432 amicitia
826 2378 911 2444 cedits
925 2378 988 2445 tibi,
1005 2380 1104 2449 glorio,
1119 2394 1168 2433 etc.
1183 2405 1194 2429 ι

154 2457 210 2512 Sed
227 2461 335 2512 omnino
350 2460 449 2528 optime
462 2453 617 2529 procederet
632 2471 739 2524 sensus,
755 2459 777 2510 si
790 2477 839 2530 pro
855 2477 904 2510 nec
920 2455 1004 2510 codex
1017 2458 1112 2531 aliquis
1127 2459 1198 2513 exhi·

155 2537 234 2592 heret
248 2540 308 2602 tibi,·
320 2537 393 2611 quod
403 2537 424 2592 si
434 2537 547 2603 tacent,
561 2539 648 2590 statim
658 2540 847 2590 incomestum
858 2535 1037 2604 admitterem,
1051 2538 1119 2591 «tibi
1128 2542 1198 2592 enim

153 2616 326 2691 Tirynthius,
337 2617 411 2670 alme
419 2622 513 2670 Pectus
524 2617 658 2683 amicitie,
670 2617 753 2679 cedit;
763 2616 823 2681 tihi,
833 2616 917 2688 glorie
928 2617 975 2668 lidi
983 2617 1113 2684 Theseos,
1126 2633 1197 2671 etc..
1269 2623 1274 2634 ·

153 2700 263 2752 Interes
272 2697 393 2748 mutilum
400 2697 490 2748 locum
498 2709 582 2766 puto,
590 2710 701 2749 etrersu
707 2715 764 2750 uno
773 2697 921 2757 defectum
929 2699 971 2767 (et
978 2697 1039 2750 ideo
1047 2701 1199 2751 asteriscum

153 2788 322 2851 opposuerat
331 2773 423 2826 Markl.
434 2773 497 2843 En.)
507 2792 584 2844 quem
594 2774 706 2826 libenter
714 2774 807 2826 tollam
815 2775 922 2846 quando
933 2773 1026 2846 aliquis
1035 2781 1146 2830 certiora
1155 2778 1201 2831 do·

152 2856 255 2910 eterit.
268 2853 369 2906 Dehoo
378 2852 438 2905 loro
452 2851 529 2904 rideo
542 2849 677 2903 Heinsium
692 2849 872 2922 dubitantem,
884 2865 939 2906 not.
955 2852 990 2906 ed
1002 2852 1078 2907 Orid.
1090 2854 1199 2912 Heroid.

154 2936 208 3001 m,
220 2935 269 3000 tio,
283 2932 330 2984 ubi
344 2939 406 3004 post
421 2933 501 2984 citata
516 2927 597 2982 verbe
615 2929 766 3002 Tirynthius
778 2929 855 2984 atne
865 2941 954 3005 pecten
964 2933 1098 3001 amicitie,
1110 2928 1201 3002 addit,

158 3038 170 3062 ι
181 3016 206 3067 si
219 3011 298 3066 locus
308 3025 387 3065 sanus
401 3018 449 3065 est.
460 3034 471 3059 ι
485 3011 578 3064 Pectus
584 3025 648 3062 sero
660 3010 783 3063 amicitior
794 3023 833 3064 est
842 3010 913 3064 idem
925 3007 999 3086 quod
1010 3013 1120 3082 amictu,
1130 3025 1160 3066 ut
1169 3023 1201 3066 e'x

154 3093 227 3147 locis
238 3091 368 3145 Martialis
382 3103 408 3144 st
420 3089 523 3142 hlsnilii
534 3091 637 3141 monuit
650 3089 795 3143 (lerenius.
807 3088 880 3143 ldem
891 3088 981 3144 Manil.
996 3087 1041 3144 lib.
1056 3088 1094 3161 n,

348 3197 402 3246 tter
411 3198 441 3244 ad
449 3197 559 3244 amicitias
568 3197 683 3244 imitantes
689 3199 743 3260 jura
751 3197 895 3261 gradumque

347 3267 873 3334 &agnininatqneamnirhannuapenon
882 3267 985 3326 dueum

157 3365 208 3420 ubi
228 3378 317 3418 tanen
329 3365 427 3437 opinor
438 3362 577 3416 Manilium
595 3364 732 3436 scripsisse
744 3363 848 3435 foedtrs
863 3382 918 3416 uon
934 3376 1056 3436 pectora.-
1065 3365 1151 3438 Μαι
1169 3365 1202 3420 de

157 3445 282 3499 amicitia
300 3445 501 3498 usitatissimum
521 3457 572 3498 est.
590 3445 687 3498 Crucei
707 3447 880 3516 conjecturs,
900 3456 970 3498 susc
987 3447 1056 3499 mum
1069 3459 1095 3500 te
1107 3450 1203 3500 nuiss

158 3521 257 3592 almer,
267 3537 319 3578 ste.
330 3547 342 3574 s
356 3523 490 3578 obhvione
501 3537 606 3578 nutum
616 3523 696 3596 Qua
707 3537 755 3578 est.

410 3798 957 3836 Q
