2850 4488
188 293 254 378 464
365 292 499 357 NOTAE
524 291 793 360 INCARMEN
816 294 1060 376 QUARTUM

186 434 215 472 ut
230 420 298 473 enim
311 419 374 470 satie
390 417 497 488 poetice
510 415 597 469 dicere
611 418 697 488 postis
716 417 807 496 Glprt'a
821 417 937 493 aliquem
950 421 997 473 eibi
1010 422 1116 490 educat,
1131 425 1174 476 vin
1188 437 1230 480 te-

185 521 246 554 men
253 498 326 572 felix
339 498 374 550 ob
386 496 439 548 boc
449 495 548 570 plenu
560 495 608 549 sed
618 496 664 548 ille
676 499 764 569 potius
777 517 856 570 quem
868 499 964 554 educet
975 499 1084 570 Gloria,
1092 501 1166 574 felix
1177 504 1230 558 dici

185 593 309 634 meretur.
320 577 406 631 Sedet
417 578 439 630 si
450 575 503 628 hoc
513 573 684 642 concedatur,
696 589 783 630 tomen
793 577 867 650 quod
878 581 999 650 sequitur
1010 600 1065 633 non
1075 601 1167 634 verum
1178 598 1230 648 eet,

188 675 235 715 «et
249 674 357 714 cunctae
369 656 468 729 gaudet
482 657 614 729 spondere
629 657 768 724 curules„
784 657 816 729 (i.
832 678 855 710 c.
867 660 978 732 spondet
986 660 1116 733 cuneler);
1129 664 1230 736 quippe

184 743 307 815 spondere
320 737 420 792 curules
438 755 492 789 non
511 749 549 790 est
565 735 676 798 Glorioe,·
692 737 740 789 eed
753 738 873 790 Fortcooe
885 741 975 810 potius
988 740 1031 792 vel
1048 742 1230 813 Imperatoris,-

185 837 211 876 et
224 822 275 875 boc
288 821 408 892 requitur
422 817 527 884 Gloria,
544 836 600 870 non
613 817 752 870 antecedit.
768 817 859 870 Verba
872 819 922 871 istc
935 819 994 872 sinu
1010 821 1102 892 Tyrio,
1121 840 1181 893 que
1194 821 1229 874 ud

186 902 305 954 Gloriam
315 919 371 952 non
382 911 494 970 possunt
505 899 649 970 pertinere,
662 915 753 950 veram
764 896 906 968 indigitant
916 897 995 969 hujus
1006 897 1058 951 loci
1069 899 1227 953 lectionem:

187 985 266 1034 alum
278 994 304 1033 te
315 978 411 1032 blanda
423 980 483 1030 sinu
493 980 574 1052 Tyrio
586 976 636 1031 sibi
648 981 720 1031 curia
729 978 792 1031 felir
804 977 921 1042 Educat3
931 1003 943 1027 ι
956 980 1056 1032 curiam
1067 999 1117 1052 pro
1125 999 1228 1035 summo

184 1065 274 1116 ordine
285 1063 338 1114 eive
351 1069 440 1113 senatu
451 1061 530 1130 poni,
544 1076 637 1124 nemo,
653 1060 698 1129 qui
712 1058 827 1130 aliquem
839 1077 871 1111 ex
882 1060 1016 1114 veteribus
1028 1060 1109 1113 semel
1121 1059 1227 1132 legerit,

184 1157 224 1198 eet
236 1141 382 1195 docendus.
397 1141 467 1192 Dicit
480 1139 561 1209 igitur
574 1136 730 1191 Marcellum
744 1139 821 1194 curioe
832 1139 971 1193 alumnum
982 1157 1052 1208 eree,
1066 1154 1097 1193 ut
1111 1138 1144 1194 de
1155 1142 1227 1195 Crit-

143 1243 147 1251 ·
183 1223 262 1294 pino,
276 1219 360 1287 infra,
370 1221 403 1284 V,
419 1235 449 1269 2:

366 1317 403 1362 Sic
412 1327 450 1372 te,
461 1313 522 1362 clere
531 1331 604 1378 puer,
614 1317 718 1378 genitum
727 1317 772 1362 eibi
781 1317 847 1363 curie
855 1318 927 1364 sentit

365 1389 487 1450 Primaque
496 1388 591 1448 patricia
600 1387 682 1434 ctrmit
691 1387 788 1450 vestigio
796 1388 862 1433 Luna
871 1403 877 1432 ε

365 1459 420 1504 Mox
428 1459 511 1522 ‘lyrim
520 1474 549 1504 ex
557 1474 623 1508 more
634 1460 697 1506 rinur
707 1460 856 1521 mnicemque
865 1469 986 1522 potentem

365 1529 488 1590 Agnovere
497 1526 590 1574 humeri
599 1543 605 1573 :

181 1627 262 1680 Videt
273 1627 361 1678 omitia
373 1625 481 1690 eedem3
495 1628 533 1677 ita
545 1645 624 1678 carm.
634 1628 753 1698 proxime
764 1626 903 1699 sequenti,
916 1623 951 1677 ad
962 1623 1035 1697 Sept,
1046 1625 1133 1678 Seuer.
1146 1645 1170 1676 v.
1181 1623 1225 1692 41,

396 1733 438 1779 Hic
447 1748 532 1795 pervus
541 1736 603 1779 inter
611 1732 708 1794 pignore
718 1733 787 1778 curia

395 1804 526 1850 Contentut
534 1814 598 1849 arcto
607 1801 695 1848 lumine
703 1817 813 1866 purpurae

394 1875 500 1930 Crescieg

180 1971 317 2026 Claudiae.
332 1971 365 2024 de
378 1973 412 2022 Vl
425 1973 507 2025 Cone.
522 1970 624 2022 Houor.
643 1970 678 2022 ed
695 1969 742 2022 lin.
759 1972 856 2040 ucujus
876 1967 1012 2023 cunabula
1027 1969 1094 2022 fovit
1111 1969 1221 2022 Curia.-

178 2054 259 2103 Recte
273 2069 337 2102 vero
346 2050 419 2122 felix
433 2051 505 2103 curia
511 2071 520 2111 ,-
534 2048 587 2100 hoc
602 2051 672 2100 enim
689 2048 792 2102 videtur
805 2061 963 2122 perpetuum
979 2049 1058 2102 curie
1072 2047 1225 2121 epithetum

179 2127 250 2181 unde
265 2128 435 2201 explicandus
449 2127 526 2180 locus
540 2127 585 2179 ille
597 2127 659 2181 silv.
673 2131 699 2194 l,
714 2128 747 2196 4,
759 2149 782 2182 v.
798 2128 842 2196 41,

363 2235 416 2280 Non
425 2233 519 2281 labente
529 2234 603 2280 Numa
613 2235 689 2281 timuit
699 2237 732 2281 tic
741 2236 805 2282 curie
813 2234 886 2291 tetii,

363 2307 475 2369 Pompeio
484 2322 528 2352 nec
537 2304 610 2352 celtue
619 2307 706 2368 Eques,
718 2321 763 2353 nec
772 2307 859 2353 lemica
866 2309 939 2354 Bruto
947 2325 954 2362 ;

178 2403 224 2474 qui
235 2403 312 2454 torsit
322 2403 487 2464 Gerartium3
501 2400 637 2473 quomodo
650 2402 734 2469 euim,
746 2403 838 2474 querit
850 2402 908 2468 ille,
923 2424 934 2449 ι
944 2401 1005 2454 felix
1017 2402 1103 2467 curie,
1115 2398 1224 2452 labente

176 2483 303 2535 Numclr
321 2496 347 2534 et
358 2500 407 2552 ego
422 2479 512 2534 itidem
525 2498 629 2551 quaero,
642 2479 777 2553 quomodo
792 2504 804 2526 ι
814 2480 900 2532 celeus
914 2481 1014 2552 Equer,
1028 2478 1133 2530 labente
1145 2478 1223 2530 Pom·

176 2564 278 2633 peioln
294 2563 425 2614 Nimirum
441 2559 620 2633 epithetorum
635 2559 686 2613 elia
702 2559 749 2631 (ut
762 2563 798 2612 uit
811 2559 931 2632 Servius)
942 2573 1004 2612 runt
1015 2567 1154 2630 perpetuu,
1169 2555 1223 2609 alie

175 2641 212 2706 cd
222 2651 322 2712 tempus
326 2662 336 2703 ,·
347 2642 443 2711 prioris
456 2642 560 2711 generis
573 2654 612 2693 eet
621 2639 692 2692 istud
698 2638 784 2712 felic,-
795 2658 845 2692 nec
857 2641 880 2692 ei
890 2641 963 2692 curia
974 2639 1077 2690 emittet
1087 2637 1224 2708 egregium

177 2720 294 2792 aliquem
310 2733 471 2788 senatorem,
488 2721 549 2774 ideo
564 2740 620 2774 non
632 2736 672 2774 eet
677 2720 762 2794 felix,
778 2739 834 2773 non
848 2723 931 2792 magis
946 2738 1024 2791 quem
1037 2721 1060 2771 si
1072 2717 1159 2790 Eques
1173 2715 1224 2769 ali-

177 2801 235 2873 quis
252 2802 351 2874 exiquoe
366 2803 399 2854 rit
413 2811 517 2855 storum
530 2801 591 2854 ideo
606 2821 662 2854 non
676 2816 716 2856 eet
729 2801 817 2855 celerer.
831 2803 869 2852 lte
878 2799 950 2872 felix
959 2817 1092 2872 purpura,
1103 2795 1225 2850 concalu-

161 2913 165 2924 ·
177 2893 230 2948 tur,
242 2880 485 2954 aprutinorum,
495 2882 584 2955 Epigr.
591 2884 663 2949 Vlll,
675 2898 747 2945 txv13
762 2880 823 2934 licet
834 2880 891 2932 fieri
901 2880 986 2952 poerit
997 2892 1027 2930 ut
1039 2876 1082 2930 ille
1095 2879 1141 2947 qui
1152 2875 1224 2928 banc

171 2959 280 3031 felicem
289 2980 432 3034 purpuram
444 2976 538 3014 unctus
550 2975 605 3028 eet,
617 2960 752 3033 infelicem
765 2977 865 3013 annum
876 2970 952 3029 agan
967 2974 1023 3010 non
1032 2957 1119 3008 minue
1130 2966 1222 3005 tamen

169 3038 242 3111 felix
257 3060 381 3114 purpura.
396 3041 464 3092 Huic
482 3042 560 3094 curioe
573 3041 693 3112 epitheto
706 3039 825 3093 alludere
842 3051 914 3112 puto
923 3038 1065 3101 Senecam,
1082 3033 1117 3085 de
1133 3033 1224 3085 Trau-

176 3119 249 3190 quill.
259 3121 310 3173 Διι.
321 3141 344 3172 c.
356 3121 386 3187 3,
399 3119 432 3172 de
442 3121 550 3191 triginta
558 3123 676 3193 tyrannis
687 3119 858 3172 Athenieue.:
877 3117 990 3170 «coibat
1001 3113 1118 3188 quotidie
1131 3115 1223 3166 cemi-

176 3197 255 3250 licum
269 3201 343 3252 triete
355 3200 513 3270 collegium,
530 3215 556 3253 et
567 3200 659 3252 infelix
673 3201 747 3251 curia
757 3201 875 3271 tyrannis
888 3211 1038 3271 unguetur
1054 3208 1080 3248 et
1093 3193 1222 3266 Calpur-u.

175 3277 231 3332 Ecl.
245 3282 274 3346 1,
288 3280 337 3348 61,
354 3299 425 3332 «nec
439 3298 544 3333 earcere
557 3281 638 3351 pleno
652 3279 746 3333 Infelix
758 3298 834 3334 rerer
848 3279 999 3334 numerabit
1012 3279 1086 3330 curia
1100 3289 1197 3347 patret.
1208 3297 1220 3321 υ

210 3437 254 3491 83.
272 3439 448 3513 Proavitaque
462 3449 516 3492 toto
531 3439 601 3490 Rura
615 3437 707 3491 abiisse
722 3441 798 3492 mari.
812 3437 977 3502 Gronoviue,
994 3438 1079 3489 Dietr.
1092 3453 1152 3505 cap.
1172 3435 1223 3502 ξι,

174 3529 251 3570 uetat
262 3519 290 3569 in
303 3517 357 3572 Ms.
370 3519 441 3571 Flor.
456 3537 505 3590 pro
519 3518 619 3584 obiisse,
633 3519 743 3572 inveniri
753 3521 848 3581 dmm,-
863 3517 971 3591 -quod,
983 3517 1085 3586 iuquit,
1096 3517 1150 3567 tite
1161 3515 1223 3585 quie

174 3594 315 3669 probabit,
329 3598 384 3649 sive
397 3597 520 3650 retinebit
533 3597 670 3670 vulgatum
685 3597 730 3670 (ut
744 3597 896 3652 laciendum
909 3595 1051 3670 putemur)
1064 3593 1107 3646 bic
1126 3610 1223 3646 teneus

176 3689 233 3729 ert:
248 3675 387 3729 Mirabitur
398 3679 540 3748 posteritas
557 3689 584 3729 et
599 3680 642 3730 vix
655 3679 746 3732 credet
764 3679 853 3731 omnia
867 3676 912 3729 illa
930 3679 1051 3748 proavita
1069 3691 1147 3740 rura,
1163 3690 1222 3745 que

175 3769 239 3808 tunc
253 3756 321 3808 forte
335 3756 455 3808 restitute
475 3769 552 3807 crunt
570 3770 596 3810 et
612 3757 768 3826 orabuntur,
787 3759 854 3810 meri
867 3759 1039 3828 Vesuvioque
1056 3753 1223 3824 adjecentia,

175 3838 297 3910 periisse,
312 3834 419 3900 abiisse,
433 3835 518 3888 invisa
535 3833 625 3890 nostro
640 3857 694 3892 evo
710 3840 781 3891 lacte
795 3857 860 3890 esee.
873 3835 1034 3906 Quomodo?
1050 3851 1146 3905 nempe
1163 3849 1221 3904 qun

176 3913 309 3969 cineribus
326 3912 513 3986 lapidibusque
533 3927 559 3967 et
576 3915 633 3969 aliie
652 3916 768 3989 reliquiie
787 3915 902 3970 incendii
920 3914 1043 3980 obtecta,
1063 3911 1221 3965 latissimum

179 3995 258 4050 veluti
274 4008 300 4047 et
311 4008 470 4068 perpetuum
484 3996 591 4050 bustum
604 4012 693 4064 erant,
707 4016 762 4050 nou
776 4016 868 4051 rure.»
883 3997 917 4048 Et
929 3995 974 4049 liic
985 3994 1091 4067 quidem
1104 4005 1144 4044 est
1158 4009 1221 4043 sen-
