2850 4488
186 257 251 335 424
436 253 472 315 Ρ.
500 252 534 312 r.
560 248 714 316 suurn
739 249 977 323 stnvnnuu

230 380 392 458 Numina,
404 397 448 443 ue
460 397 621 466 magnum
633 396 792 467 properes
805 371 986 442 escendere
998 372 1138 440 caelum:

229 493 337 556 'faute
348 502 441 580 petet
451 484 772 580 moles,effusaeque
783 487 929 577 impetus
941 483 1028 552 aulec

228 597 380 692 Liberior
391 595 745 692 cempi,multumque
756 595 930 689 amplexus
941 599 1048 689 aperti

229 708 397 790 AEtheros,
410 725 444 776 et
454 723 586 775 tantum
598 704 736 774 domino
745 709 876 774 minor:
889 706 946 775 ille
957 721 1095 800 penates
1196 718 1229 771 25

230 818 369 912 Implet,
382 835 417 887 et
425 819 553 910 ingenti
564 811 670 886 Genio
678 815 785 908 juvet.
800 817 951 885 AEmulus
963 816 1031 885 illic

228 935 328 998 Mons
340 929 460 1024 Libys,
475 927 664 1022 Iliacusque
675 931 799 1011 nitent,
811 945 845 995 et
855 927 961 996 multa
973 929 1100 1020 Syene,

229 1045 270 1108 Et
280 1040 445 1124 Chios,et
456 1039 573 1132 glauca
583 1041 745 1107 certantia
756 1039 880 1108 Doride
891 1064 988 1120 saxu,

227 1157 390 1246 Lunaque
401 1149 574 1244 portandis
586 1165 718 1217 tantum
730 1150 873 1219 suffecta
884 1149 1061 1218 columnis.

227 1267 340 1353 Longa
353 1285 456 1354 super
467 1264 594 1354 species
607 1288 614 1328 ι
628 1260 724 1329 fessis
737 1265 793 1328 vix
804 1261 950 1329 cuimine
961 1259 1108 1354 prendas
1193 1273 1229 1324 30

228 1372 567 1465 Visibus,auratique
578 1387 677 1464 putes
689 1371 861 1466 laquearia
871 1371 954 1439 ceeli.

274 1485 338 1550 Hic
349 1508 454 1580 quum
467 1481 646 1550 Romuleos
659 1505 815 1575 proceres
826 1483 1043 1577 trabeataque
1054 1486 1169 1550 Caeser

220 1753 261 1788 ιι.
281 1735 323 1788 Ne
334 1755 458 1812 maynum
467 1755 586 1811 properet
594 1755 679 1792 ascen·
725 1739 770 1810 qui
782 1739 898 1791 sacraria
909 1735 982 1807 genti
993 1731 1136 1800 Condidit,
1146 1734 1228 1801 inque

181 1817 239 1867 dere
252 1815 352 1868 eoeium.
367 1819 533 1885 Gronovius,
546 1816 629 1889 Reliq.
647 1816 681 1869 ed
724 1817 777 1870 elio
792 1818 882 1890 posuit
896 1834 945 1868 sun
958 1813 1046 1867 sidera
1063 1812 1159 1865 celo·
1176 1811 1225 1863 Ni-

181 1894 245 1946 Stut.
260 1895 320 1947 silv.
334 1909 409 1947 notat
421 1897 491 1948 Mss.
504 1896 591 1949 Rhod.
604 1910 631 1949 et
640 1898 681 1950 Sa·
725 1899 838 1962 mirum,
856 1897 975 1948 «invicte
988 1891 1120 1965 quidquid
1134 1888 1228 1943 condi-

171 1972 240 2048 tisb.
249 1970 488 2038 hebereexcedere;
496 1995 573 2048 ergo,
582 1981 681 2050 inquit,
726 1977 765 2029 dit
776 1995 885 2042 manus,
896 1975 988 2028 celum
999 1987 1074 2038 ειμι
1088 1985 1120 2023 ut
1129 1971 1162 2023 de
1175 1969 1227 2021 hoc

180 2050 320 2104 escendere.
336 2054 491 2106 Verissime:
506 2056 580 2107 etita
596 2057 680 2106 Parm.
725 2056 837 2128 Templo
851 2053 995 2122 Martialis,
1010 2054 1100 2119 111,ae
1114 2079 1149 2090 -
1160 2047 1226 2100 Cod.

179 2135 290 2185 etRom.
303 2135 446 2204 qureetiem
455 2153 561 2208 neepro
573 2136 683 2190 neothi·
725 2139 782 2188 Pur.
798 2133 840 2186 ed.
852 2154 893 2205 pr.
906 2153 953 2186 nec
966 2149 1094 2204 magnum
1108 2144 1227 2200 properet

180 2211 253 2263 bont.
271 2212 355 2264 Cicer.
370 2212 513 2266 Tusculen.
532 2216 636 2286 Disput.
653 2218 680 2281 1,
726 2213 802 2284 (cod.
814 2216 919 2266 Perisse
933 2231 1014 2265 manu
1026 2208 1159 2272 secunde,
1168 2225 1227 2278 pro-

182 2309 230 2360 29,
245 2290 278 2343 de
297 2293 418 2361 Socrate,
435 2293 630 2347 ⁸....locutus
644 2297 681 2347 ita
724 2294 813 2366 perae)
824 2294 942 2346 excedere
952 2290 1054 2343 coeium.
1073 2288 1106 2338 Δ.

179 2384 270 2438 cst,ut
277 2391 332 2424 non
340 2373 374 2426 ad
381 2385 490 2425 mortem
499 2373 583 2441 trudi,
590 2393 680 2427 verum
762 2373 804 2425 23.
823 2375 947 2445 Impetus.
963 2372 1002 2423 lta
1014 2367 1074 2421 cod.
1086 2367 1164 2418 Paris.
1179 2367 1225 2434 qui

178 2453 207 2503 i'n
220 2450 313 2504 caelum
328 2452 431 2504 videtur
444 2452 616 2506 escendere.»
633 2455 680 2508 Se·
726 2451 761 2504 ed
770 2471 854 2525 marg.
863 2450 1033 2506 ambimEd.
1043 2467 1083 2521 pr.
1092 2445 1225 2516 vulgatum

179 2548 262 2596 nece,
274 2533 350 2584 Herc.
363 2533 424 2583 Fur.
435 2551 459 2584 v.
472 2549 515 2599 rt,
532 2557 543 2580 κ
554 2533 681 2587 escendat
725 2535 835 2600 retinet,
851 2532 898 2586 sed
911 2552 961 2605 pro
975 2529 1066 2594 mles,
1079 2523 1147 2578 mate
1159 2526 1226 2578 scri-

179 2606 241 2660 iicet
253 2609 396 2680 Meumque
410 2612 501 2663 victrix
515 2625 604 2666 teneet
617 2612 681 2667 Alc-
725 2612 763 2665 bit
776 2611 875 2666 molles.
895 2615 927 2664 A.

180 2705 255 2738 mene
270 2685 395 2752 locum„
412 2691 449 2742 ita
462 2694 577 2764 optimus
591 2693 682 2746 Codex
763 2693 805 2758 ni.
828 2693 906 2745 Forte
929 2690 1089 2762 legendum,
1115 2686 1230 2739 Liberior

178 2769 314 2841 Etruscus,
322 2773 600 2842 noneseendatddem,
608 2776 681 2828 Phoe·
725 2772 809 2842 spatii.
828 2801 865 2812 --
882 2770 948 2824 cod.
967 2771 1049 2823 Paris.
1068 2766 1156 2839 campi
1166 2788 1175 2826 ‚·
1196 2783 1228 2816 ex

179 2845 242 2900 nise.
256 2867 279 2900 v.
298 2865 357 2914 ιιι,
372 2852 421 2902 «in
433 2850 501 2904 altos
512 2854 569 2924 ipse
580 2873 623 2906 me
635 2856 681 2906 im·
725 2849 855 2904 emendet.
869 2851 975 2922 eampis.
987 2853 1038 2902 Pro
1051 2849 1147 2922 aperti,
1161 2841 1225 2896 ‘dih

178 2929 280 2980 mittam
294 2949 391 3000 rogos,
409 2933 521 3003 Erepam
534 2932 570 2985 ed
589 2937 678 3004 ignes,
723 2947 764 2999 pr.
779 2928 862 3002 operti
869 2951 878 2989 ;
893 2941 918 2980 et
932 2931 967 2980 itu
981 2926 1043 2979 cod.
1055 2929 1137 2979 Paris.
1152 2923 1196 2995 qui
1211 2939 1228 2972 a

179 3007 317 3060 Funebrem
335 3009 475 3062 escendam
493 3024 628 3075 struem»
650 3027 679 3064 ut
724 3027 804 3059 manu
819 3006 950 3075 secunde,
968 3009 1061 3079 aperti.
1082 3007 1139 3078 ch.
1156 3023 1226 3056 vers.

177 3084 246 3138 bene
260 3089 370 3159 conjicit
379 3090 544 3157 Gronovius,
558 3111 608 3162 pro
624 3111 678 3144 ere-
724 3087 787 3140 edit.
802 3106 842 3158 pr.
858 3087 993 3140 AEtirercos
1011 3095 1129 3154 tantum,
1147 3097 1172 3137 et
1188 3085 1228 3137 sie

177 3175 261 3227 etaim
279 3185 357 3237 quem
373 3168 433 3221 vide
452 3169 486 3220 ed
502 3172 621 3236 Livium,
639 3173 678 3238 ΙΙ,
724 3169 803 3219 etiarn
814 3165 875 3219 cod.
889 3169 970 3219 Paris.
982 3168 1029 3237 qui
1041 3163 1075 3218 ed
1087 3183 1169 3235 marg.
1182 3184 1226 3218 re·

178 3245 227 3310 28,
244 3243 277 3296 de
292 3265 358 3299 voce
372 3249 504 3301 escendere
519 3251 578 3301 fuse
597 3268 679 3319 egen·
723 3249 814 3317 ponit,
830 3245 942 3298 AEtireris
956 3256 981 3297 et
993 3257 1010 3297 t.
1024 3246 1104 3298 Conf.
1119 3258 1176 3297 not.
1192 3243 1227 3295 ed

174 3337 244 3386 tenu
260 3338 287 3376 et
297 3325 393 3379 Muret.
407 3331 469 3382 Ver.
483 3329 554 3383 [eet.
566 3329 635 3394 XIV,
647 3330 678 3399 3,
723 3324 750 3377 h·
764 3324 783 3378 Ι.
803 3328 834 3378 A·

175 3401 222 3455 ubi
229 3405 496 3460 Ciceronislocunrin
503 3407 554 3460 hec
561 3426 627 3460 voce
635 3407 678 3462 de·
760 3423 801 3476 ²7·
821 3409 872 3458 Pro
888 3410 986 3473 nitent,
1000 3407 1086 3457 Perm.
1103 3407 1176 3458 nitet.
1190 3435 1229 3446 -

175 3498 314 3554 preveturn
326 3485 457 3539 emendet.
469 3488 600 3559 Maqnum
613 3507 676 3540 vero
721 3485 788 3540 Cod.
803 3489 860 3538 Per.
877 3487 940 3539 edit.
957 3506 997 3560 pr.
1014 3487 1087 3540 nitet.
1103 3485 1228 3540 Manilio

175 3561 268 3616 caelum
279 3563 439 3626 adulatorie;
451 3567 537 3616 innuit
546 3567 616 3617 enim
625 3565 676 3620 hac
721 3567 749 3616 in
762 3577 901 3634 contestu,
911 3577 936 3618 et
945 3563 1030 3618 multa
1039 3565 1083 3628 ἃς
1095 3565 1130 3617 ad
1140 3585 1225 3639 marg.

175 3645 344 3714 oppositione
373 3644 519 3696 Domitiani
548 3643 676 3715 palatium
721 3657 808 3697 autern
821 3655 873 3696 stat
885 3664 934 3717 pro
949 3658 981 3697 et.
1000 3647 1033 3697 A.

174 3742 232 3776 esse
247 3724 356 3776 alterurn
371 3735 398 3774 et
413 3741 523 3794 parvum
539 3725 612 3794 queri
628 3743 675 3776 cre·
756 3723 798 3776 30.
813 3724 863 3776 Pro
871 3724 1055 3797 Ionqasuper,
1063 3726 1146 3776 Parni.
1156 3725 1227 3778 Lon·

174 3801 251 3862 ium‚·
275 3798 411 3872 quomodo
434 3813 512 3852 vocat
533 3802 675 3874 Templum
717 3823 804 3877 quque
818 3803 1025 3875 soper.-Cod.
1039 3803 1120 3856 Paris.
1134 3805 1228 3878 [torpe

173 3881 265 3932 Finviae
281 3881 366 3949 gentis
383 3898 399 3932 a
413 3881 565 3934 Domitiano
580 3883 674 3936 condi·
717 3901 801 3955 super,
816 3896 843 3934 et
857 3882 890 3935 nd
903 3902 985 3953 marg.
998 3901 1083 3954 supro.
1096 3883 1168 3936 Edit.
1181 3905 1226 3956 pr.

172 3971 242 4027 tum,
255 3960 338 4011 Pietet
349 3957 445 4012 Abrae
458 3983 469 4005 a
479 3974 581 4014 reternoe
592 3962 671 4014 modo
718 3979 801 4034 super.
822 3963 852 4014 A.
