<?xml version="1.0" encoding="UTF-8"?>
<!DOCTYPE html PUBLIC "-//W3C//DTD XHTML 1.0 Transitional//EN"
    "http://www.w3.org/TR/xhtml1/DTD/xhtml1-transitional.dtd">
<html xmlns="http://www.w3.org/1999/xhtml" xml:lang="en" lang="en">
 <head>
  <title>
</title>
<meta http-equiv="Content-Type" content="text/html;charset=utf-8" />
  <meta name='ocr-system' content='tesseract 3.04.00' />
  <meta name='ocr-capabilities' content='ocr_page ocr_carea ocr_par ocr_line ocrx_word'/>
</head>
<body>
  <div class='ocr_page' id='page_1' title='image "./quexstantomniao03lemagoog_0373.png"; bbox 0 0 2824 4488; ppageno 0'>
   <div class='ocr_carea' id='block_1_1' title="bbox 401 311 1216 411">
    <p class='ocr_par' dir='ltr' id='par_1_1' title="bbox 401 311 1216 411">
     <span class='ocr_line' id='line_1_1' title="bbox 401 311 1216 411; baseline 0.015 -35"><span class='ocrx_word' id='word_1_1' title='bbox 401 314 528 378; x_wconf 82' lang='lat' dir='ltr'>LIBRI</span> <span class='ocrx_word' id='word_1_2' title='bbox 551 311 721 378; x_wconf 88' lang='lat' dir='ltr'>TERTll</span> <span class='ocrx_word' id='word_1_3' title='bbox 746 316 996 383; x_wconf 78' lang='lat' dir='ltr'>SILVARUM.</span> <span class='ocrx_word' id='word_1_4' title='bbox 1153 324 1216 411; x_wconf 74' lang='lat'>337</span> 
     </span>
    </p>
   </div>
   <div class='ocr_carea' id='block_1_2' title="bbox 178 429 1220 586">
    <p class='ocr_par' dir='ltr' id='par_1_2' title="bbox 178 429 1220 586">
     <span class='ocr_line' id='line_1_2' title="bbox 178 429 1219 505; baseline 0.004 -16"><span class='ocrx_word' id='word_1_5' title='bbox 178 438 246 500; x_wconf 85' lang='lat' dir='ltr'>tius,</span> <span class='ocrx_word' id='word_1_6' title='bbox 263 431 408 500; x_wconf 73' lang='lat' dir='ltr'>Hamartiq.</span> <span class='ocrx_word' id='word_1_7' title='bbox 426 448 463 481; x_wconf 83' lang='lat' dir='ltr'>vs.</span> <span class='ocrx_word' id='word_1_8' title='bbox 483 429 548 496; x_wconf 71' lang='lat'>114,</span> <span class='ocrx_word' id='word_1_9' title='bbox 567 452 579 475; x_wconf 75' lang='grc' dir='ltr'>ι</span> <span class='ocrx_word' id='word_1_10' title='bbox 589 433 705 500; x_wconf 72' lang='lat' dir='ltr'>anguino</span> <span class='ocrx_word' id='word_1_11' title='bbox 718 431 851 485; x_wconf 85' lang='lat' dir='ltr'>medicans</span> <span class='ocrx_word' id='word_1_12' title='bbox 867 451 938 486; x_wconf 84' lang='lat' dir='ltr'>nova</span> <span class='ocrx_word' id='word_1_13' title='bbox 952 439 1050 489; x_wconf 87' lang='lat' dir='ltr'>semina</span> <span class='ocrx_word' id='word_1_14' title='bbox 1064 439 1164 505; x_wconf 78' lang='lat' dir='ltr'>fue031·</span> <span class='ocrx_word' id='word_1_15' title='bbox 1182 445 1219 493; x_wconf 80' lang='lat' dir='ltr'>sic</span> 
     </span>
     <span class='ocr_line' id='line_1_3' title="bbox 179 507 1220 586; baseline -0.007 -17"><span class='ocrx_word' id='word_1_16' title='bbox 179 517 300 569; x_wconf 73' lang='lat' dir='ltr'>Heinsius</span> <span class='ocrx_word' id='word_1_17' title='bbox 313 531 345 563; x_wconf 89' lang='lat' dir='ltr'>ex</span> <span class='ocrx_word' id='word_1_18' title='bbox 359 511 411 563; x_wconf 86' lang='lat' dir='ltr'>MS.</span> <span class='ocrx_word' id='word_1_19' title='bbox 424 507 568 574; x_wconf 88' lang='lat' dir='ltr'>Thuaueo,</span> <span class='ocrx_word' id='word_1_20' title='bbox 582 529 631 580; x_wconf 88' lang='lat' dir='ltr'>pro</span> <span class='ocrx_word' id='word_1_21' title='bbox 643 529 725 564; x_wconf 86' lang='lat' dir='ltr'>succo.</span> <span class='ocrx_word' id='word_1_22' title='bbox 737 513 853 577; x_wconf 79' lang='lat' dir='ltr'>Seneca,</span> <span class='ocrx_word' id='word_1_23' title='bbox 867 512 974 586; x_wconf 88' lang='lat' dir='ltr'>Hippoi.</span> <span class='ocrx_word' id='word_1_24' title='bbox 990 535 1013 567; x_wconf 87' lang='lat' dir='ltr'>v.</span> <span class='ocrx_word' id='word_1_25' title='bbox 1032 516 1111 583; x_wconf 79' lang='lat' dir='ltr'><strong>¹⁰l⁵=</strong></span> <span class='ocrx_word' id='word_1_26' title='bbox 1128 521 1220 572; x_wconf 68' lang='lat' dir='ltr'>aLon..</span> 
     </span>
    </p>
   </div>
   <div class='ocr_carea' id='block_1_3' title="bbox 179 589 1219 828">
    <p class='ocr_par' dir='ltr' id='par_1_3' title="bbox 179 589 1219 828">
     <span class='ocr_line' id='line_1_4' title="bbox 180 589 1219 666; baseline 0.006 -20"><span class='ocrx_word' id='word_1_27' title='bbox 180 614 241 666; x_wconf 67' lang='lat' dir='ltr'>qum</span> <span class='ocrx_word' id='word_1_28' title='bbox 253 592 360 644; x_wconf 90' lang='lat' dir='ltr'>rubenti</span> <span class='ocrx_word' id='word_1_29' title='bbox 374 590 506 662; x_wconf 69' lang='lat' dir='ltr'>spargitur</span> <span class='ocrx_word' id='word_1_30' title='bbox 520 590 582 642; x_wconf 90' lang='lat' dir='ltr'>luco</span> <span class='ocrx_word' id='word_1_31' title='bbox 599 589 706 654; x_wconf 59' lang='lat' dir='ltr'>latum·</span> <span class='ocrx_word' id='word_1_32' title='bbox 722 593 758 643; x_wconf 83' lang='lat' dir='ltr'>ita</span> <span class='ocrx_word' id='word_1_33' title='bbox 772 606 843 644; x_wconf 89' lang='lat' dir='ltr'>recte</span> <span class='ocrx_word' id='word_1_34' title='bbox 857 595 974 666; x_wconf 87' lang='lat' dir='ltr'>Lipsius,</span> <span class='ocrx_word' id='word_1_35' title='bbox 991 607 1017 647; x_wconf 91' lang='lat' dir='ltr'>et</span> <span class='ocrx_word' id='word_1_36' title='bbox 1029 597 1176 652; x_wconf 79' lang='lat' dir='ltr'>Gronovius</span> <span class='ocrx_word' id='word_1_37' title='bbox 1189 618 1219 652; x_wconf 78' lang='lat' dir='ltr'>er</span> 
     </span>
     <span class='ocr_line' id='line_1_5' title="bbox 180 670 1219 747; baseline 0.005 -19"><span class='ocrx_word' id='word_1_38' title='bbox 180 675 239 728; x_wconf 85' lang='lat' dir='ltr'>eod.</span> <span class='ocrx_word' id='word_1_39' title='bbox 261 673 407 727; x_wconf 76' lang='lat' dir='ltr'>Medicas:</span> <span class='ocrx_word' id='word_1_40' title='bbox 424 671 504 744; x_wconf 71' lang='lat' dir='ltr'>vulgo</span> <span class='ocrx_word' id='word_1_41' title='bbox 526 683 553 722; x_wconf 87' lang='lat' dir='ltr'>et</span> <span class='ocrx_word' id='word_1_42' title='bbox 571 670 608 724; x_wconf 90' lang='lat' dir='ltr'>ibi</span> <span class='ocrx_word' id='word_1_43' title='bbox 628 691 709 724; x_wconf 84' lang='lat' dir='ltr'>succo.</span> <span class='ocrx_word' id='word_1_44' title='bbox 729 672 814 726; x_wconf 88' lang='lat' dir='ltr'>Multo</span> <span class='ocrx_word' id='word_1_45' title='bbox 834 675 910 747; x_wconf 87' lang='lat' dir='ltr'>plura</span> <span class='ocrx_word' id='word_1_46' title='bbox 928 676 1045 746; x_wconf 82' lang='lat' dir='ltr'>ejusdem</span> <span class='ocrx_word' id='word_1_47' title='bbox 1064 679 1219 735; x_wconf 74' lang='lat' dir='ltr'>diversitatis</span> 
     </span>
     <span class='ocr_line' id='line_1_6' title="bbox 179 750 1219 828; baseline 0.003 -19"><span class='ocrx_word' id='word_1_48' title='bbox 179 754 298 828; x_wconf 72' lang='lat' dir='ltr'>exempla</span> <span class='ocrx_word' id='word_1_49' title='bbox 309 753 430 824; x_wconf 81' lang='lat' dir='ltr'>proferre</span> <span class='ocrx_word' id='word_1_50' title='bbox 445 769 567 822; x_wconf 69' lang='lat' dir='ltr'>possem</span> <span class='ocrx_word' id='word_1_51' title='bbox 586 750 632 803; x_wconf 86' lang='lat' dir='ltr'>sed</span> <span class='ocrx_word' id='word_1_52' title='bbox 645 751 700 803; x_wconf 83' lang='lat' dir='ltr'>hnc</span> <span class='ocrx_word' id='word_1_53' title='bbox 715 755 776 805; x_wconf 84' lang='lat' dir='ltr'>satis</span> <span class='ocrx_word' id='word_1_54' title='bbox 792 754 891 807; x_wconf 85' lang='lat' dir='ltr'>docent</span> <span class='ocrx_word' id='word_1_55' title='bbox 903 758 973 808; x_wconf 79' lang='lat' dir='ltr'>vices</span> <span class='ocrx_word' id='word_1_56' title='bbox 987 777 1081 811; x_wconf 82' lang='lat' dir='ltr'>vocum</span> <span class='ocrx_word' id='word_1_57' title='bbox 1095 779 1181 814; x_wconf 83' lang='lat' dir='ltr'>succus</span> <span class='ocrx_word' id='word_1_58' title='bbox 1195 777 1219 814; x_wconf 86' lang='lat' dir='ltr'>et</span> 
     </span>
    </p>
   </div>
   <div class='ocr_carea' id='block_1_4' title="bbox 173 833 376 906">
    <p class='ocr_par' dir='ltr' id='par_1_4' title="bbox 173 833 376 906">
     <span class='ocr_line' id='line_1_7' title="bbox 173 833 376 906; baseline -0.03 -17"><span class='ocrx_word' id='word_1_59' title='bbox 173 837 252 906; x_wconf 74' lang='lat' dir='ltr'>firctss</span> <span class='ocrx_word' id='word_1_60' title='bbox 264 837 292 886; x_wconf 89' lang='lat' dir='ltr'>in</span> <span class='ocrx_word' id='word_1_61' title='bbox 305 833 376 885; x_wconf 81' lang='lat' dir='ltr'>MSS.</span> 
     </span>
    </p>
   </div>
   <div class='ocr_carea' id='block_1_5' title="bbox 99 993 1220 1539">
    <p class='ocr_par' dir='ltr' id='par_1_5' title="bbox 99 993 1220 1539">
     <span class='ocr_line' id='line_1_8' title="bbox 217 993 1218 1068; baseline 0.003 -19"><span class='ocrx_word' id='word_1_62' title='bbox 217 997 273 1064; x_wconf 74' lang='lat' dir='ltr'>ilo.</span> <span class='ocrx_word' id='word_1_63' title='bbox 295 995 369 1065; x_wconf 86' lang='lat' dir='ltr'>Tyrii</span> <span class='ocrx_word' id='word_1_64' title='bbox 382 994 439 1046; x_wconf 83' lang='lat' dir='ltr'>cudi</span> <span class='ocrx_word' id='word_1_65' title='bbox 455 1007 515 1046; x_wconf 89' lang='lat' dir='ltr'>sunt</span> <span class='ocrx_word' id='word_1_66' title='bbox 534 1011 601 1065; x_wconf 89' lang='lat' dir='ltr'>quos</span> <span class='ocrx_word' id='word_1_67' title='bbox 618 993 732 1066; x_wconf 84' lang='lat' dir='ltr'>Epithal.</span> <span class='ocrx_word' id='word_1_68' title='bbox 747 995 819 1049; x_wconf 89' lang='lat' dir='ltr'>Stell.</span> <span class='ocrx_word' id='word_1_69' title='bbox 833 1011 909 1050; x_wconf 83' lang='lat' dir='ltr'>vocat</span> <span class='ocrx_word' id='word_1_70' title='bbox 923 998 1032 1068; x_wconf 83' lang='lat' dir='ltr'>Tyrium</span> <span class='ocrx_word' id='word_1_71' title='bbox 1046 1000 1176 1062; x_wconf 72' lang='lat' dir='ltr'>ubemur,-</span> <span class='ocrx_word' id='word_1_72' title='bbox 1193 1017 1218 1054; x_wconf 86' lang='lat' dir='ltr'>et</span> 
     </span>
     <span class='ocr_line' id='line_1_9' title="bbox 99 1073 1220 1151; baseline 0.004 -21"><span class='ocrx_word' id='word_1_73' title='bbox 99 1117 102 1124; x_wconf 93' lang='lat'><em>.</em></span> <span class='ocrx_word' id='word_1_74' title='bbox 179 1080 216 1130; x_wconf 86' lang='lat' dir='ltr'>ita</span> <span class='ocrx_word' id='word_1_75' title='bbox 237 1079 336 1147; x_wconf 83' lang='lat' dir='ltr'>passim</span> <span class='ocrx_word' id='word_1_76' title='bbox 358 1087 451 1146; x_wconf 76' lang='lat' dir='ltr'>postu.</span> <span class='ocrx_word' id='word_1_77' title='bbox 475 1073 582 1126; x_wconf 87' lang='lat' dir='ltr'>Sidonia</span> <span class='ocrx_word' id='word_1_78' title='bbox 601 1089 663 1126; x_wconf 78' lang='lat' dir='ltr'>vero</span> <span class='ocrx_word' id='word_1_79' title='bbox 682 1087 708 1126; x_wconf 88' lang='lat' dir='ltr'>et</span> <span class='ocrx_word' id='word_1_80' title='bbox 725 1078 803 1147; x_wconf 80' lang='lat' dir='ltr'>&#39;l&#39;yria</span> <span class='ocrx_word' id='word_1_81' title='bbox 821 1092 940 1150; x_wconf 76' lang='lat' dir='ltr'>purpura</span> <span class='ocrx_word' id='word_1_82' title='bbox 959 1079 1078 1151; x_wconf 75' lang='lat' dir='ltr'><strong>dibapha</strong></span> <span class='ocrx_word' id='word_1_83' title='bbox 1096 1083 1220 1135; x_wconf 86' lang='lat' dir='ltr'>omnibus</span> 
     </span>
     <span class='ocr_line' id='line_1_10' title="bbox 179 1153 1219 1232; baseline 0.006 -25"><span class='ocrx_word' id='word_1_84' title='bbox 179 1168 249 1208; x_wconf 87' lang='lat' dir='ltr'>nota.</span> <span class='ocrx_word' id='word_1_85' title='bbox 265 1155 417 1221; x_wconf 75' lang='lat' dir='ltr'>Petronius,</span> <span class='ocrx_word' id='word_1_86' title='bbox 430 1153 554 1206; x_wconf 74' lang='lat' dir='ltr'>Satis-ico:</span> <span class='ocrx_word' id='word_1_87' title='bbox 572 1154 756 1205; x_wconf 75' lang='lat' dir='ltr'>cVestiruents</span> <span class='ocrx_word' id='word_1_88' title='bbox 768 1173 827 1206; x_wconf 87' lang='lat' dir='ltr'>urea</span> <span class='ocrx_word' id='word_1_89' title='bbox 841 1156 1003 1210; x_wconf 86' lang='lat' dir='ltr'>accubitoria</span> <span class='ocrx_word' id='word_1_90' title='bbox 1017 1158 1146 1229; x_wconf 81' lang='lat' dir='ltr'><strong>perdidit,</strong></span> <span class='ocrx_word' id='word_1_91' title='bbox 1162 1180 1219 1232; x_wconf 73' lang='lat' dir='ltr'>quur</span> 
     </span>
     <span class='ocr_line' id='line_1_11' title="bbox 180 1229 1220 1309; baseline 0.003 -22"><span class='ocrx_word' id='word_1_92' title='bbox 180 1233 241 1287; x_wconf 85' lang='lat' dir='ltr'>mibi</span> <span class='ocrx_word' id='word_1_93' title='bbox 250 1233 332 1286; x_wconf 88' lang='lat' dir='ltr'>natali</span> <span class='ocrx_word' id='word_1_94' title='bbox 344 1251 403 1285; x_wconf 89' lang='lat' dir='ltr'>meo</span> <span class='ocrx_word' id='word_1_95' title='bbox 416 1229 497 1284; x_wconf 84' lang='lat' dir='ltr'>cliens</span> <span class='ocrx_word' id='word_1_96' title='bbox 509 1229 618 1301; x_wconf 84' lang='lat' dir='ltr'>quidam</span> <span class='ocrx_word' id='word_1_97' title='bbox 629 1229 789 1298; x_wconf 81' lang='lat' dir='ltr'>donaverat,</span> <span class='ocrx_word' id='word_1_98' title='bbox 800 1234 879 1304; x_wconf 67' lang='lat' dir='ltr'>Tyria</span> <span class='ocrx_word' id='word_1_99' title='bbox 891 1252 955 1288; x_wconf 85' lang='lat' dir='ltr'>sane</span> <span class='ocrx_word' id='word_1_100' title='bbox 967 1234 1096 1309; x_wconf 79' lang='lat' dir='ltr'>dibapha,</span> <span class='ocrx_word' id='word_1_101' title='bbox 1109 1237 1156 1291; x_wconf 89' lang='lat' dir='ltr'>sed</span> <span class='ocrx_word' id='word_1_102' title='bbox 1164 1242 1220 1309; x_wconf 79' lang='lat' dir='ltr'>jum</span> 
     </span>
     <span class='ocr_line' id='line_1_12' title="bbox 178 1307 1220 1386; baseline 0.001 -19"><span class='ocrx_word' id='word_1_103' title='bbox 178 1314 258 1368; x_wconf 86' lang='lat' dir='ltr'>semel</span> <span class='ocrx_word' id='word_1_104' title='bbox 269 1313 338 1374; x_wconf 88' lang='lat' dir='ltr'>lota;</span> <span class='ocrx_word' id='word_1_105' title='bbox 349 1336 361 1359; x_wconf 73' lang='grc' dir='ltr'><strong>ι</strong></span> <span class='ocrx_word' id='word_1_106' title='bbox 375 1313 411 1364; x_wconf 85' lang='lat' dir='ltr'>ita</span> <span class='ocrx_word' id='word_1_107' title='bbox 424 1307 565 1380; x_wconf 75' lang='lat' dir='ltr'>legendum</span> <span class='ocrx_word' id='word_1_108' title='bbox 578 1322 657 1380; x_wconf 86' lang='lat' dir='ltr'>puto;</span> <span class='ocrx_word' id='word_1_109' title='bbox 670 1310 749 1380; x_wconf 69' lang='lat' dir='ltr'>vulgo</span> <span class='ocrx_word' id='word_1_110' title='bbox 762 1314 866 1383; x_wconf 88' lang='lat' dir='ltr'>inepte,</span> <span class='ocrx_word' id='word_1_111' title='bbox 882 1313 980 1386; x_wconf 74' lang='lat' dir='ltr'>«Tyria</span> <span class='ocrx_word' id='word_1_112' title='bbox 994 1317 1051 1368; x_wconf 87' lang='lat' dir='ltr'>siue</span> <span class='ocrx_word' id='word_1_113' title='bbox 1063 1315 1161 1382; x_wconf 87' lang='lat' dir='ltr'>dubio,</span> <span class='ocrx_word' id='word_1_114' title='bbox 1173 1318 1220 1372; x_wconf 87' lang='lat' dir='ltr'>sed</span> 
     </span>
     <span class='ocr_line' id='line_1_13' title="bbox 175 1389 1220 1468; baseline 0.001 -21"><span class='ocrx_word' id='word_1_115' title='bbox 175 1399 243 1467; x_wconf 89' lang='lat' dir='ltr'>jam,</span> <span class='ocrx_word' id='word_1_116' title='bbox 256 1407 326 1447; x_wconf 72' lang='lat' dir='ltr'>ete·</span> <span class='ocrx_word' id='word_1_117' title='bbox 340 1393 443 1466; x_wconf 75' lang='lat' dir='ltr'>Tyriam</span> <span class='ocrx_word' id='word_1_118' title='bbox 456 1402 482 1442; x_wconf 92' lang='lat' dir='ltr'>et</span> <span class='ocrx_word' id='word_1_119' title='bbox 493 1389 626 1442; x_wconf 86' lang='lat' dir='ltr'>Sidoniam</span> <span class='ocrx_word' id='word_1_120' title='bbox 637 1408 785 1462; x_wconf 80' lang='lat' dir='ltr'>purpuram</span> <span class='ocrx_word' id='word_1_121' title='bbox 797 1390 941 1465; x_wconf 83' lang='lat' dir='ltr'>dibaphum</span> <span class='ocrx_word' id='word_1_122' title='bbox 953 1396 1071 1448; x_wconf 88' lang='lat' dir='ltr'>similiter</span> <span class='ocrx_word' id='word_1_123' title='bbox 1083 1401 1220 1468; x_wconf 76' lang='lat' dir='ltr'>conjungit</span> 
     </span>
     <span class='ocr_line' id='line_1_14' title="bbox 178 1468 820 1539; baseline -0.006 -13"><span class='ocrx_word' id='word_1_124' title='bbox 178 1473 293 1526; x_wconf 78' lang='lat' dir='ltr'>Alcimus</span> <span class='ocrx_word' id='word_1_125' title='bbox 305 1474 412 1537; x_wconf 81' lang='lat' dir='ltr'>Avitus,</span> <span class='ocrx_word' id='word_1_126' title='bbox 427 1469 460 1522; x_wconf 90' lang='lat' dir='ltr'>de</span> <span class='ocrx_word' id='word_1_127' title='bbox 474 1468 557 1520; x_wconf 83' lang='lat' dir='ltr'>Laud.</span> <span class='ocrx_word' id='word_1_128' title='bbox 572 1468 719 1539; x_wconf 69' lang='lat' dir='ltr'>Virginitut.</span> <span class='ocrx_word' id='word_1_129' title='bbox 731 1490 755 1522; x_wconf 85' lang='lat' dir='ltr'>v.</span> <span class='ocrx_word' id='word_1_130' title='bbox 770 1471 820 1522; x_wconf 76' lang='lat'>38:</span> 
     </span>
    </p>
   </div>
   <div class='ocr_carea' id='block_1_6' title="bbox 361 1574 904 1711">
    <p class='ocr_par' dir='ltr' id='par_1_6' title="bbox 361 1574 904 1711">
     <span class='ocr_line' id='line_1_15' title="bbox 361 1574 886 1626; baseline 0 -2"><span class='ocrx_word' id='word_1_131' title='bbox 361 1581 408 1626; x_wconf 79' lang='lat' dir='ltr'>Nec</span> <span class='ocrx_word' id='word_1_132' title='bbox 418 1589 442 1623; x_wconf 89' lang='lat' dir='ltr'>te</span> <span class='ocrx_word' id='word_1_133' title='bbox 451 1575 570 1623; x_wconf 87' lang='lat' dir='ltr'>Sidonium</span> <span class='ocrx_word' id='word_1_134' title='bbox 580 1574 616 1622; x_wconf 85' lang='lat' dir='ltr'>bit</span> <span class='ocrx_word' id='word_1_135' title='bbox 625 1578 684 1622; x_wconf 88' lang='lat' dir='ltr'>cocti</span> <span class='ocrx_word' id='word_1_136' title='bbox 693 1579 788 1624; x_wconf 85' lang='lat' dir='ltr'>muricis</span> <span class='ocrx_word' id='word_1_137' title='bbox 796 1589 886 1624; x_wconf 80' lang='lat' dir='ltr'>ostrum</span> 
     </span>
     <span class='ocr_line' id='line_1_16' title="bbox 361 1646 904 1711; baseline -0.006 -14"><span class='ocrx_word' id='word_1_138' title='bbox 361 1649 450 1704; x_wconf 85' lang='lat' dir='ltr'>induit,</span> <span class='ocrx_word' id='word_1_139' title='bbox 461 1660 500 1694; x_wconf 84' lang='lat' dir='ltr'>aut</span> <span class='ocrx_word' id='word_1_140' title='bbox 509 1646 580 1693; x_wconf 86' lang='lat' dir='ltr'>rutilo</span> <span class='ocrx_word' id='word_1_141' title='bbox 589 1646 712 1710; x_wconf 82' lang='lat' dir='ltr'>perlucens</span> <span class='ocrx_word' id='word_1_142' title='bbox 722 1664 824 1711; x_wconf 84' lang='lat' dir='ltr'>purpura</span> <span class='ocrx_word' id='word_1_143' title='bbox 835 1649 904 1694; x_wconf 85' lang='lat' dir='ltr'>lucu:</span> 
     </span>
    </p>
   </div>
   <div class='ocr_carea' id='block_1_7' title="bbox 170 1747 1257 3316">
    <p class='ocr_par' dir='ltr' id='par_1_7' title="bbox 170 1747 1257 3316">
     <span class='ocr_line' id='line_1_17' title="bbox 179 1747 1221 1825; baseline 0.002 -21"><span class='ocrx_word' id='word_1_144' title='bbox 179 1755 222 1806; x_wconf 91' lang='lat' dir='ltr'>ubi</span> <span class='ocrx_word' id='word_1_145' title='bbox 234 1772 284 1825; x_wconf 92' lang='lat' dir='ltr'>pro</span> <span class='ocrx_word' id='word_1_146' title='bbox 295 1762 342 1804; x_wconf 82' lang='lat' dir='ltr'>cut</span> <span class='ocrx_word' id='word_1_147' title='bbox 353 1750 432 1804; x_wconf 85' lang='lat' dir='ltr'>rutilo</span> <span class='ocrx_word' id='word_1_148' title='bbox 444 1747 584 1820; x_wconf 69' lang='lat' dir='ltr'>legendum</span> <span class='ocrx_word' id='word_1_149' title='bbox 595 1758 640 1800; x_wconf 85' lang='lat' dir='ltr'>aut</span> <span class='ocrx_word' id='word_1_150' title='bbox 652 1749 711 1801; x_wconf 87' lang='lat' dir='ltr'>tirio</span> <span class='ocrx_word' id='word_1_151' title='bbox 716 1789 725 1816; x_wconf 91' lang='lat'>,</span> <span class='ocrx_word' id='word_1_152' title='bbox 738 1748 766 1801; x_wconf 94' lang='lat' dir='ltr'>id</span> <span class='ocrx_word' id='word_1_153' title='bbox 778 1765 817 1802; x_wconf 83' lang='lat' dir='ltr'>est</span> <span class='ocrx_word' id='word_1_154' title='bbox 831 1751 924 1820; x_wconf 85' lang='lat' dir='ltr'>Tyrio,·</span> <span class='ocrx_word' id='word_1_155' title='bbox 937 1753 958 1802; x_wconf 88' lang='lat' dir='ltr'>si</span> <span class='ocrx_word' id='word_1_156' title='bbox 971 1753 1040 1804; x_wconf 87' lang='lat' dir='ltr'>enim</span> <span class='ocrx_word' id='word_1_157' title='bbox 1053 1755 1166 1806; x_wconf 82' lang='lat' dir='ltr'>retineas</span> <span class='ocrx_word' id='word_1_158' title='bbox 1179 1775 1221 1806; x_wconf 88' lang='lat' dir='ltr'>ru-</span> 
     </span>
     <span class='ocr_line' id='line_1_18' title="bbox 178 1829 1219 1906; baseline 0.001 -20"><span class='ocrx_word' id='word_1_159' title='bbox 178 1833 237 1901; x_wconf 87' lang='lat' dir='ltr'>tilo,</span> <span class='ocrx_word' id='word_1_160' title='bbox 250 1833 292 1885; x_wconf 88' lang='lat' dir='ltr'>bis</span> <span class='ocrx_word' id='word_1_161' title='bbox 311 1831 381 1884; x_wconf 87' lang='lat' dir='ltr'>idem</span> <span class='ocrx_word' id='word_1_162' title='bbox 395 1830 508 1882; x_wconf 80' lang='lat' dir='ltr'>dixeris:</span> <span class='ocrx_word' id='word_1_163' title='bbox 524 1829 623 1901; x_wconf 82' lang='lat' dir='ltr'>quippe</span> <span class='ocrx_word' id='word_1_164' title='bbox 637 1829 775 1882; x_wconf 84' lang='lat' dir='ltr'>Sidonium</span> <span class='ocrx_word' id='word_1_165' title='bbox 790 1842 884 1883; x_wconf 77' lang='lat' dir='ltr'>ostmm</span> <span class='ocrx_word' id='word_1_166' title='bbox 903 1831 939 1883; x_wconf 84' lang='lat' dir='ltr'>bis</span> <span class='ocrx_word' id='word_1_167' title='bbox 954 1833 1019 1884; x_wconf 86' lang='lat' dir='ltr'>cocti</span> <span class='ocrx_word' id='word_1_168' title='bbox 1032 1835 1137 1887; x_wconf 86' lang='lat' dir='ltr'>muricis</span> <span class='ocrx_word' id='word_1_169' title='bbox 1155 1835 1219 1906; x_wconf 94' lang='lat' dir='ltr'>quid</span> 
     </span>
     <span class='ocr_line' id='line_1_19' title="bbox 176 1905 1219 1987; baseline 0.003 -23"><span class='ocrx_word' id='word_1_170' title='bbox 176 1912 247 1966; x_wconf 88' lang='lat' dir='ltr'>alind</span> <span class='ocrx_word' id='word_1_171' title='bbox 261 1927 318 1976; x_wconf 85' lang='lat' dir='ltr'>est,</span> <span class='ocrx_word' id='word_1_172' title='bbox 332 1913 382 1964; x_wconf 88' lang='lat' dir='ltr'>uisi</span> <span class='ocrx_word' id='word_1_173' title='bbox 393 1929 509 1984; x_wconf 76' lang='lat' dir='ltr'>purpura</span> <span class='ocrx_word' id='word_1_174' title='bbox 521 1905 657 1982; x_wconf 77' lang='lat' dir='ltr'>perlucens</span> <span class='ocrx_word' id='word_1_175' title='bbox 668 1909 746 1964; x_wconf 82' lang='lat' dir='ltr'>mtilo</span> <span class='ocrx_word' id='word_1_176' title='bbox 753 1910 840 1982; x_wconf 84' lang='lat' dir='ltr'>fuco?</span> <span class='ocrx_word' id='word_1_177' title='bbox 855 1914 964 1964; x_wconf 90' lang='lat' dir='ltr'>omniuo</span> <span class='ocrx_word' id='word_1_178' title='bbox 978 1929 1070 1965; x_wconf 85' lang='lat' dir='ltr'>rernm</span> <span class='ocrx_word' id='word_1_179' title='bbox 1085 1929 1124 1967; x_wconf 88' lang='lat' dir='ltr'>est</span> <span class='ocrx_word' id='word_1_180' title='bbox 1140 1916 1219 1987; x_wconf 88' lang='lat' dir='ltr'>Tyrio</span> 
     </span>
     <span class='ocr_line' id='line_1_20' title="bbox 174 1987 1220 2064; baseline 0 -18"><span class='ocrx_word' id='word_1_181' title='bbox 174 1994 246 2046; x_wconf 82' lang='lat' dir='ltr'>luco.</span> <span class='ocrx_word' id='word_1_182' title='bbox 259 1993 383 2064; x_wconf 87' lang='lat' dir='ltr'>Sequitur</span> <span class='ocrx_word' id='word_1_183' title='bbox 395 1991 423 2040; x_wconf 92' lang='lat' dir='ltr'>in</span> <span class='ocrx_word' id='word_1_184' title='bbox 436 1989 534 2054; x_wconf 78' lang='lat' dir='ltr'>Statio,</span> <span class='ocrx_word' id='word_1_185' title='bbox 549 1987 617 2040; x_wconf 78' lang='lat' dir='ltr'>«ubi</span> <span class='ocrx_word' id='word_1_186' title='bbox 631 1991 749 2062; x_wconf 76' lang='lat' dir='ltr'>germine</span> <span class='ocrx_word' id='word_1_187' title='bbox 760 1992 874 2063; x_wconf 90' lang='lat' dir='ltr'>primum</span> <span class='ocrx_word' id='word_1_188' title='bbox 886 1990 1006 2044; x_wconf 88' lang='lat' dir='ltr'>Candida</span> <span class='ocrx_word' id='word_1_189' title='bbox 1021 1993 1110 2046; x_wconf 78' lang='lat' dir='ltr'>felices</span> <span class='ocrx_word' id='word_1_190' title='bbox 1125 1994 1220 2047; x_wconf 86' lang='lat' dir='ltr'>sudent</span> 
     </span>
     <span class='ocr_line' id='line_1_21' title="bbox 175 2067 1219 2145; baseline 0.003 -21"><span class='ocrx_word' id='word_1_191' title='bbox 175 2071 348 2144; x_wconf 78' lang='lat' dir='ltr'>opobalsama</span> <span class='ocrx_word' id='word_1_192' title='bbox 361 2071 475 2140; x_wconf 51' lang='lat' dir='ltr'>virgam</span> <span class='ocrx_word' id='word_1_193' title='bbox 493 2067 633 2140; x_wconf 73' lang='lat' dir='ltr'>legendum</span> <span class='ocrx_word' id='word_1_194' title='bbox 646 2088 697 2141; x_wconf 88' lang='lat' dir='ltr'>quo</span> <span class='ocrx_word' id='word_1_195' title='bbox 709 2073 840 2145; x_wconf 56' lang='lat' dir='ltr'>permiram</span> <span class='ocrx_word' id='word_1_196' title='bbox 853 2091 902 2143; x_wconf 89' lang='lat' dir='ltr'>per</span> <span class='ocrx_word' id='word_1_197' title='bbox 914 2091 942 2126; x_wconf 86' lang='lat' dir='ltr'>se</span> <span class='ocrx_word' id='word_1_198' title='bbox 956 2087 1044 2144; x_wconf 83' lang='lat' dir='ltr'>patet:</span> <span class='ocrx_word' id='word_1_199' title='bbox 1059 2077 1123 2126; x_wconf 90' lang='lat' dir='ltr'>etin</span> <span class='ocrx_word' id='word_1_200' title='bbox 1136 2075 1219 2129; x_wconf 88' lang='lat' dir='ltr'>altero</span> 
     </span>
     <span class='ocr_line' id='line_1_22' title="bbox 173 2147 1218 2217; baseline 0.002 -15"><span class='ocrx_word' id='word_1_201' title='bbox 173 2149 265 2203; x_wconf 87' lang='lat' dir='ltr'>nullus</span> <span class='ocrx_word' id='word_1_202' title='bbox 277 2167 378 2202; x_wconf 80' lang='lat' dir='ltr'>seusus.</span> <span class='ocrx_word' id='word_1_203' title='bbox 390 2147 454 2200; x_wconf 89' lang='lat' dir='ltr'>Pliu.</span> <span class='ocrx_word' id='word_1_204' title='bbox 469 2148 500 2198; x_wconf 90' lang='lat' dir='ltr'>H.</span> <span class='ocrx_word' id='word_1_205' title='bbox 513 2148 545 2198; x_wconf 89' lang='lat' dir='ltr'>N.</span> <span class='ocrx_word' id='word_1_206' title='bbox 558 2148 621 2214; x_wconf 87' lang='lat' dir='ltr'>XII,</span> <span class='ocrx_word' id='word_1_207' title='bbox 635 2148 667 2200; x_wconf 78' lang='lat'>25</span> <span class='ocrx_word' id='word_1_208' title='bbox 678 2166 724 2202; x_wconf 86' lang='lat' dir='ltr'>sen</span> <span class='ocrx_word' id='word_1_209' title='bbox 735 2149 784 2217; x_wconf 79' lang='grc'>54,</span> <span class='ocrx_word' id='word_1_210' title='bbox 799 2148 832 2202; x_wconf 87' lang='lat' dir='ltr'>de</span> <span class='ocrx_word' id='word_1_211' title='bbox 843 2149 954 2203; x_wconf 86' lang='lat' dir='ltr'>balsami</span> <span class='ocrx_word' id='word_1_212' title='bbox 966 2150 1062 2203; x_wconf 87' lang='lat' dir='ltr'>arbore</span> <span class='ocrx_word' id='word_1_213' title='bbox 1075 2151 1107 2203; x_wconf 57' lang='lat' dir='ltr'>:s</span> <span class='ocrx_word' id='word_1_214' title='bbox 1119 2155 1218 2207; x_wconf 86' lang='lat' dir='ltr'>Succus</span> 
     </span>
     <span class='ocr_line' id='line_1_23' title="bbox 174 2226 1217 2302; baseline 0.004 -19"><span class='ocrx_word' id='word_1_215' title='bbox 174 2250 189 2283; x_wconf 88' lang='lat' dir='ltr'>e</span> <span class='ocrx_word' id='word_1_216' title='bbox 203 2229 284 2302; x_wconf 76' lang='lat' dir='ltr'>plaga</span> <span class='ocrx_word' id='word_1_217' title='bbox 297 2241 398 2296; x_wconf 85' lang='lat' dir='ltr'>manat,</span> <span class='ocrx_word' id='word_1_218' title='bbox 413 2246 491 2300; x_wconf 89' lang='lat' dir='ltr'>quem</span> <span class='ocrx_word' id='word_1_219' title='bbox 503 2226 703 2298; x_wconf 81' lang='lat' dir='ltr'>opobalsamum</span> <span class='ocrx_word' id='word_1_220' title='bbox 717 2243 830 2297; x_wconf 80' lang='lat' dir='ltr'>vocant,</span> <span class='ocrx_word' id='word_1_221' title='bbox 843 2232 976 2284; x_wconf 77' lang='lat' dir='ltr'>suavitatis</span> <span class='ocrx_word' id='word_1_222' title='bbox 990 2233 1101 2300; x_wconf 73' lang='lat' dir='ltr'>eximiae,</span> <span class='ocrx_word' id='word_1_223' title='bbox 1116 2233 1162 2286; x_wconf 89' lang='lat' dir='ltr'>sed</span> <span class='ocrx_word' id='word_1_224' title='bbox 1177 2247 1217 2288; x_wconf 90' lang='lat' dir='ltr'>te-</span> 
     </span>
     <span class='ocr_line' id='line_1_24' title="bbox 171 2306 1219 2382; baseline 0.003 -17"><span class='ocrx_word' id='word_1_225' title='bbox 171 2313 220 2365; x_wconf 87' lang='lat' dir='ltr'>nui</span> <span class='ocrx_word' id='word_1_226' title='bbox 234 2321 314 2382; x_wconf 72' lang='lat' dir='ltr'>guttae</span> <span class='ocrx_word' id='word_1_227' title='bbox 327 2309 450 2381; x_wconf 90' lang='lat' dir='ltr'>ploratu:</span> <span class='ocrx_word' id='word_1_228' title='bbox 466 2306 532 2359; x_wconf 88' lang='lat' dir='ltr'>lanis</span> <span class='ocrx_word' id='word_1_229' title='bbox 548 2325 629 2379; x_wconf 81' lang='lat' dir='ltr'>parva</span> <span class='ocrx_word' id='word_1_230' title='bbox 645 2310 777 2380; x_wconf 73' lang='lat' dir='ltr'>colligitur</span> <span class='ocrx_word' id='word_1_231' title='bbox 792 2313 818 2362; x_wconf 93' lang='lat' dir='ltr'>in</span> <span class='ocrx_word' id='word_1_232' title='bbox 834 2331 952 2374; x_wconf 83' lang='lat' dir='ltr'>cornus;</span> <span class='ocrx_word' id='word_1_233' title='bbox 967 2332 997 2364; x_wconf 85' lang='lat' dir='ltr'>ex</span> <span class='ocrx_word' id='word_1_234' title='bbox 1014 2311 1045 2364; x_wconf 90' lang='lat' dir='ltr'>iis</span> <span class='ocrx_word' id='word_1_235' title='bbox 1060 2333 1131 2367; x_wconf 86' lang='lat' dir='ltr'>novo</span> <span class='ocrx_word' id='word_1_236' title='bbox 1146 2313 1219 2369; x_wconf 82' lang='lat' dir='ltr'>fictili</span> 
     </span>
     <span class='ocr_line' id='line_1_25' title="bbox 172 2386 1218 2464; baseline 0.001 -19"><span class='ocrx_word' id='word_1_237' title='bbox 172 2391 305 2454; x_wconf 87' lang='lat' dir='ltr'>conditur,</span> <span class='ocrx_word' id='word_1_238' title='bbox 319 2389 439 2442; x_wconf 84' lang='lat' dir='ltr'>crassiori</span> <span class='ocrx_word' id='word_1_239' title='bbox 448 2386 539 2441; x_wconf 87' lang='lat' dir='ltr'>similis</span> <span class='ocrx_word' id='word_1_240' title='bbox 552 2386 625 2454; x_wconf 67' lang='lat' dir='ltr'>oles),</span> <span class='ocrx_word' id='word_1_241' title='bbox 638 2389 703 2440; x_wconf 90' lang='lat' dir='ltr'>etin</span> <span class='ocrx_word' id='word_1_242' title='bbox 716 2405 803 2444; x_wconf 88' lang='lat' dir='ltr'>musto</span> <span class='ocrx_word' id='word_1_243' title='bbox 814 2390 935 2454; x_wconf 84' lang='lat' dir='ltr'>candida.</span> <span class='ocrx_word' id='word_1_244' title='bbox 945 2416 957 2440; x_wconf 72' lang='grc' dir='ltr'>ι</span> <span class='ocrx_word' id='word_1_245' title='bbox 970 2391 1050 2446; x_wconf 86' lang='lat' dir='ltr'>Vides</span> <span class='ocrx_word' id='word_1_246' title='bbox 1064 2412 1145 2464; x_wconf 90' lang='lat' dir='ltr'>quare</span> <span class='ocrx_word' id='word_1_247' title='bbox 1156 2415 1218 2446; x_wconf 85' lang='lat' dir='ltr'>carr-</span> 
     </span>
     <span class='ocr_line' id='line_1_26' title="bbox 172 2467 1216 2544; baseline 0.001 -20"><span class='ocrx_word' id='word_1_248' title='bbox 172 2472 231 2524; x_wconf 82' lang='lat' dir='ltr'>dida</span> <span class='ocrx_word' id='word_1_249' title='bbox 239 2469 422 2544; x_wconf 63' lang='lat' dir='ltr'>opobalsama,</span> <span class='ocrx_word' id='word_1_250' title='bbox 432 2481 459 2520; x_wconf 84' lang='lat' dir='ltr'>et</span> <span class='ocrx_word' id='word_1_251' title='bbox 467 2467 530 2520; x_wconf 88' lang='lat' dir='ltr'>hinc</span> <span class='ocrx_word' id='word_1_252' title='bbox 539 2467 707 2539; x_wconf 72' lang='lat' dir='ltr'>redarguitur</span> <span class='ocrx_word' id='word_1_253' title='bbox 716 2473 852 2538; x_wconf 83' lang='lat' dir='ltr'>Heinsius,</span> <span class='ocrx_word' id='word_1_254' title='bbox 863 2473 922 2544; x_wconf 87' lang='lat' dir='ltr'>qui,</span> <span class='ocrx_word' id='word_1_255' title='bbox 933 2473 1062 2525; x_wconf 83' lang='lat' dir='ltr'>referente</span> <span class='ocrx_word' id='word_1_256' title='bbox 1072 2474 1216 2527; x_wconf 87' lang='lat' dir='ltr'>Burmann.</span> 
     </span>
     <span class='ocr_line' id='line_1_27' title="bbox 172 2547 1218 2626; baseline 0.004 -24"><span class='ocrx_word' id='word_1_257' title='bbox 172 2550 206 2603; x_wconf 83' lang='lat' dir='ltr'>ad</span> <span class='ocrx_word' id='word_1_258' title='bbox 216 2551 294 2604; x_wconf 85' lang='lat' dir='ltr'>Ovid.</span> <span class='ocrx_word' id='word_1_259' title='bbox 308 2552 378 2603; x_wconf 83' lang='lat' dir='ltr'>Fast.</span> <span class='ocrx_word' id='word_1_260' title='bbox 391 2551 415 2614; x_wconf 87' lang='lat' dir='ltr'>l,</span> <span class='ocrx_word' id='word_1_261' title='bbox 432 2547 493 2614; x_wconf 80' lang='lat'>186,</span> <span class='ocrx_word' id='word_1_262' title='bbox 506 2566 555 2619; x_wconf 89' lang='lat' dir='ltr'>pro</span> <span class='ocrx_word' id='word_1_263' title='bbox 570 2549 686 2602; x_wconf 72' lang='lat' dir='ltr'>&amp;odida</span> <span class='ocrx_word' id='word_1_264' title='bbox 699 2548 813 2602; x_wconf 86' lang='lat' dir='ltr'>malebat</span> <span class='ocrx_word' id='word_1_265' title='bbox 823 2551 932 2604; x_wconf 74' lang='lat' dir='ltr'>Curiditu</span> <span class='ocrx_word' id='word_1_266' title='bbox 944 2551 1132 2622; x_wconf 83' lang='lat' dir='ltr'>opobalsama;</span> <span class='ocrx_word' id='word_1_267' title='bbox 1145 2555 1218 2626; x_wconf 90' lang='lat' dir='ltr'>quod</span> 
     </span>
     <span class='ocr_line' id='line_1_28' title="bbox 172 2627 1219 2704; baseline 0.006 -24"><span class='ocrx_word' id='word_1_268' title='bbox 172 2649 236 2683; x_wconf 86' lang='lat' dir='ltr'>saue</span> <span class='ocrx_word' id='word_1_269' title='bbox 250 2631 357 2682; x_wconf 82' lang='lat' dir='ltr'>Heinsio</span> <span class='ocrx_word' id='word_1_270' title='bbox 373 2627 508 2700; x_wconf 71' lang='lat' dir='ltr'>indiguum</span> <span class='ocrx_word' id='word_1_271' title='bbox 518 2639 571 2679; x_wconf 80' lang='lat' dir='ltr'>est.</span> <span class='ocrx_word' id='word_1_272' title='bbox 586 2629 615 2678; x_wconf 92' lang='lat' dir='ltr'>lu</span> <span class='ocrx_word' id='word_1_273' title='bbox 630 2627 680 2680; x_wconf 91' lang='lat' dir='ltr'>hac</span> <span class='ocrx_word' id='word_1_274' title='bbox 695 2647 761 2680; x_wconf 88' lang='lat' dir='ltr'>voce</span> <span class='ocrx_word' id='word_1_275' title='bbox 776 2631 875 2700; x_wconf 88' lang='lat' dir='ltr'>pariter</span> <span class='ocrx_word' id='word_1_276' title='bbox 892 2633 985 2682; x_wconf 81' lang='lat' dir='ltr'>errarit</span> <span class='ocrx_word' id='word_1_277' title='bbox 1001 2633 1040 2683; x_wconf 86' lang='lat' dir='ltr'>vir</span> <span class='ocrx_word' id='word_1_278' title='bbox 1054 2636 1219 2704; x_wconf 67' lang='lat' dir='ltr'>prestantis-</span> 
     </span>
     <span class='ocr_line' id='line_1_29' title="bbox 172 2708 1216 2782; baseline 0.001 -19"><span class='ocrx_word' id='word_1_279' title='bbox 172 2712 271 2775; x_wconf 82' lang='lat' dir='ltr'>simus,</span> <span class='ocrx_word' id='word_1_280' title='bbox 285 2725 360 2782; x_wconf 78' lang='lat' dir='ltr'>supra</span> <span class='ocrx_word' id='word_1_281' title='bbox 369 2750 379 2779; x_wconf 86' lang='lat'>‚</span> <span class='ocrx_word' id='word_1_282' title='bbox 389 2711 466 2761; x_wconf 88' lang='lat' dir='ltr'>Herc.</span> <span class='ocrx_word' id='word_1_283' title='bbox 480 2708 597 2761; x_wconf 87' lang='lat' dir='ltr'>Surreut.</span> <span class='ocrx_word' id='word_1_284' title='bbox 610 2726 634 2760; x_wconf 88' lang='lat' dir='ltr'>v.</span> <span class='ocrx_word' id='word_1_285' title='bbox 650 2725 692 2778; x_wconf 84' lang='lat'>71,</span> <span class='ocrx_word' id='word_1_286' title='bbox 707 2709 752 2760; x_wconf 88' lang='lat' dir='ltr'>ubi</span> <span class='ocrx_word' id='word_1_287' title='bbox 764 2729 813 2780; x_wconf 89' lang='lat' dir='ltr'>pro</span> <span class='ocrx_word' id='word_1_288' title='bbox 826 2711 937 2763; x_wconf 85' lang='lat' dir='ltr'>candidu</span> <span class='ocrx_word' id='word_1_289' title='bbox 950 2710 996 2763; x_wconf 80' lang='lat' dir='ltr'>lux</span> <span class='ocrx_word' id='word_1_290' title='bbox 1007 2713 1089 2765; x_wconf 80' lang='lat' dir='ltr'>voluit</span> <span class='ocrx_word' id='word_1_291' title='bbox 1103 2715 1216 2766; x_wconf 84' lang='lat' dir='ltr'>condita.</span> 
     </span>
     <span class='ocr_line' id='line_1_30' title="bbox 173 2788 1217 2867; baseline 0.005 -26"><span class='ocrx_word' id='word_1_292' title='bbox 173 2791 233 2862; x_wconf 86' lang='lat' dir='ltr'>Quo</span> <span class='ocrx_word' id='word_1_293' title='bbox 242 2790 410 2866; x_wconf 74' lang='lat' dir='ltr'>permisceat</span> <span class='ocrx_word' id='word_1_294' title='bbox 421 2789 495 2864; x_wconf 85' lang='lat' dir='ltr'>quali</span> <span class='ocrx_word' id='word_1_295' title='bbox 503 2788 636 2864; x_wconf 71' lang='lat' dir='ltr'>pennino.-</span> <span class='ocrx_word' id='word_1_296' title='bbox 651 2791 708 2857; x_wconf 83' lang='lat' dir='ltr'>Tu,</span> <span class='ocrx_word' id='word_1_297' title='bbox 720 2791 807 2862; x_wconf 91' lang='lat' dir='ltr'>inquit</span> <span class='ocrx_word' id='word_1_298' title='bbox 817 2791 931 2856; x_wconf 85' lang='lat' dir='ltr'>Statius,</span> <span class='ocrx_word' id='word_1_299' title='bbox 940 2790 1061 2844; x_wconf 86' lang='lat' dir='ltr'>narrabis</span> <span class='ocrx_word' id='word_1_300' title='bbox 1073 2794 1137 2845; x_wconf 79' lang='lat' dir='ltr'>milti</span> <span class='ocrx_word' id='word_1_301' title='bbox 1150 2814 1217 2867; x_wconf 82' lang='lat' dir='ltr'>qua-</span> 
     </span>
     <span class='ocr_line' id='line_1_31' title="bbox 170 2865 1257 2941; baseline 0 -17"><span class='ocrx_word' id='word_1_302' title='bbox 170 2871 204 2924; x_wconf 83' lang='lat' dir='ltr'>lis</span> <span class='ocrx_word' id='word_1_303' title='bbox 217 2873 253 2925; x_wconf 89' lang='lat' dir='ltr'>sit</span> <span class='ocrx_word' id='word_1_304' title='bbox 264 2869 346 2923; x_wconf 81' lang='lat' dir='ltr'>arbor</span> <span class='ocrx_word' id='word_1_305' title='bbox 358 2869 485 2936; x_wconf 88' lang='lat' dir='ltr'>balsami,</span> <span class='ocrx_word' id='word_1_306' title='bbox 501 2887 532 2920; x_wconf 85' lang='lat' dir='ltr'>ex</span> <span class='ocrx_word' id='word_1_307' title='bbox 547 2887 599 2940; x_wconf 92' lang='lat' dir='ltr'>qua</span> <span class='ocrx_word' id='word_1_308' title='bbox 615 2868 701 2921; x_wconf 85' lang='lat' dir='ltr'>fluunt</span> <span class='ocrx_word' id='word_1_309' title='bbox 716 2865 890 2941; x_wconf 80' lang='lat' dir='ltr'>opobalsamo.</span> <span class='ocrx_word' id='word_1_310' title='bbox 908 2871 997 2938; x_wconf 89' lang='lat' dir='ltr'>Quare</span> <span class='ocrx_word' id='word_1_311' title='bbox 1011 2890 1072 2924; x_wconf 85' lang='lat' dir='ltr'>vero</span> <span class='ocrx_word' id='word_1_312' title='bbox 1088 2873 1139 2924; x_wconf 89' lang='lat' dir='ltr'>hoc</span> <span class='ocrx_word' id='word_1_313' title='bbox 1153 2893 1216 2924; x_wconf 86' lang='lat' dir='ltr'>nar·</span> <span class='ocrx_word' id='word_1_314' title='bbox 1254 2925 1257 2932; x_wconf 72' lang='grc'><em>,</em></span> 
     </span>
     <span class='ocr_line' id='line_1_32' title="bbox 170 2946 1216 3021; baseline -0.002 -19"><span class='ocrx_word' id='word_1_315' title='bbox 170 2961 241 3002; x_wconf 66' lang='lat' dir='ltr'>ruet</span> <span class='ocrx_word' id='word_1_316' title='bbox 254 2947 338 3001; x_wconf 88' lang='lat' dir='ltr'>Statio</span> <span class='ocrx_word' id='word_1_317' title='bbox 352 2949 468 3002; x_wconf 83' lang='lat' dir='ltr'>Metius?</span> <span class='ocrx_word' id='word_1_318' title='bbox 479 2949 541 3019; x_wconf 89' lang='lat' dir='ltr'>quia</span> <span class='ocrx_word' id='word_1_319' title='bbox 556 2946 690 3000; x_wconf 87' lang='lat' dir='ltr'>dissensus</span> <span class='ocrx_word' id='word_1_320' title='bbox 703 2961 759 3000; x_wconf 87' lang='lat' dir='ltr'>erat</span> <span class='ocrx_word' id='word_1_321' title='bbox 771 2948 839 2999; x_wconf 86' lang='lat' dir='ltr'>iuter</span> <span class='ocrx_word' id='word_1_322' title='bbox 851 2949 990 3021; x_wconf 86' lang='lat' dir='ltr'>scriptores</span> <span class='ocrx_word' id='word_1_323' title='bbox 1003 2947 1098 3001; x_wconf 89' lang='lat' dir='ltr'>dehac</span> <span class='ocrx_word' id='word_1_324' title='bbox 1112 2948 1216 3003; x_wconf 84' lang='lat' dir='ltr'>arbore.</span> 
     </span>
     <span class='ocr_line' id='line_1_33' title="bbox 170 3025 1216 3098; baseline 0.004 -20"><span class='ocrx_word' id='word_1_325' title='bbox 170 3025 250 3080; x_wconf 87' lang='lat' dir='ltr'>Disco</span> <span class='ocrx_word' id='word_1_326' title='bbox 264 3025 318 3078; x_wconf 87' lang='lat' dir='ltr'>boc</span> <span class='ocrx_word' id='word_1_327' title='bbox 333 3044 365 3078; x_wconf 88' lang='lat' dir='ltr'>ex</span> <span class='ocrx_word' id='word_1_328' title='bbox 378 3025 473 3078; x_wconf 85' lang='lat' dir='ltr'>eodem</span> <span class='ocrx_word' id='word_1_329' title='bbox 484 3026 561 3078; x_wconf 85' lang='lat' dir='ltr'>Plinii</span> <span class='ocrx_word' id='word_1_330' title='bbox 576 3026 652 3078; x_wconf 84' lang='lat' dir='ltr'>loco:</span> <span class='ocrx_word' id='word_1_331' title='bbox 668 3027 773 3080; x_wconf 75' lang='lat' dir='ltr'>«Serrit</span> <span class='ocrx_word' id='word_1_332' title='bbox 788 3043 858 3077; x_wconf 89' lang='lat' dir='ltr'>nuuc</span> <span class='ocrx_word' id='word_1_333' title='bbox 873 3025 928 3078; x_wconf 81' lang='lat' dir='ltr'>hac</span> <span class='ocrx_word' id='word_1_334' title='bbox 943 3026 1065 3098; x_wconf 88' lang='lat' dir='ltr'>(arbor),</span> <span class='ocrx_word' id='word_1_335' title='bbox 1081 3043 1106 3080; x_wconf 89' lang='lat' dir='ltr'>et</span> <span class='ocrx_word' id='word_1_336' title='bbox 1120 3028 1216 3082; x_wconf 89' lang='lat' dir='ltr'>tributa</span> 
     </span>
     <span class='ocr_line' id='line_1_34' title="bbox 171 3103 1217 3181; baseline 0.003 -25"><span class='ocrx_word' id='word_1_337' title='bbox 171 3103 264 3178; x_wconf 89' lang='lat' dir='ltr'>peudit</span> <span class='ocrx_word' id='word_1_338' title='bbox 283 3121 346 3157; x_wconf 86' lang='lat' dir='ltr'>cum</span> <span class='ocrx_word' id='word_1_339' title='bbox 361 3122 407 3156; x_wconf 86' lang='lat' dir='ltr'>sua</span> <span class='ocrx_word' id='word_1_340' title='bbox 427 3117 524 3176; x_wconf 71' lang='lat' dir='ltr'>geute:</span> <span class='ocrx_word' id='word_1_341' title='bbox 543 3107 570 3156; x_wconf 89' lang='lat' dir='ltr'>in</span> <span class='ocrx_word' id='word_1_342' title='bbox 588 3117 673 3158; x_wconf 89' lang='lat' dir='ltr'>totum</span> <span class='ocrx_word' id='word_1_343' title='bbox 689 3105 742 3158; x_wconf 83' lang='lat' dir='ltr'>alia</span> <span class='ocrx_word' id='word_1_344' title='bbox 757 3117 851 3158; x_wconf 83' lang='lat' dir='ltr'>natura</span> <span class='ocrx_word' id='word_1_345' title='bbox 871 3125 950 3178; x_wconf 89' lang='lat' dir='ltr'>quam</span> <span class='ocrx_word' id='word_1_346' title='bbox 964 3109 1048 3159; x_wconf 89' lang='lat' dir='ltr'>nostri</span> <span class='ocrx_word' id='word_1_347' title='bbox 1064 3110 1217 3181; x_wconf 84' lang='lat' dir='ltr'>externique</span> 
     </span>
     <span class='ocr_line' id='line_1_35' title="bbox 172 3184 1219 3261; baseline 0 -25"><span class='ocrx_word' id='word_1_348' title='bbox 172 3184 363 3256; x_wconf 87' lang='lat' dir='ltr'>prodiderant;</span> <span class='ocrx_word' id='word_1_349' title='bbox 379 3187 478 3258; x_wconf 89' lang='lat' dir='ltr'>quippe</span> <span class='ocrx_word' id='word_1_350' title='bbox 491 3187 539 3236; x_wconf 84' lang='lat' dir='ltr'>riti</span> <span class='ocrx_word' id='word_1_351' title='bbox 556 3187 665 3239; x_wconf 89' lang='lat' dir='ltr'>similior</span> <span class='ocrx_word' id='word_1_352' title='bbox 680 3201 718 3240; x_wconf 86' lang='lat' dir='ltr'>est</span> <span class='ocrx_word' id='word_1_353' title='bbox 736 3205 813 3258; x_wconf 89' lang='lat' dir='ltr'>quarn</span> <span class='ocrx_word' id='word_1_354' title='bbox 828 3201 945 3259; x_wconf 73' lang='lat' dir='ltr'>myrtos</span> <span class='ocrx_word' id='word_1_355' title='bbox 964 3185 1043 3240; x_wconf 85' lang='lat' dir='ltr'>Vides</span> <span class='ocrx_word' id='word_1_356' title='bbox 1059 3208 1136 3261; x_wconf 84' lang='lat' dir='ltr'>quarn</span> <span class='ocrx_word' id='word_1_357' title='bbox 1152 3187 1219 3242; x_wconf 88' lang='lat' dir='ltr'>nihil</span> 
     </span>
     <span class='ocr_line' id='line_1_36' title="bbox 173 3263 481 3316; baseline 0.019 -6"><span class='ocrx_word' id='word_1_358' title='bbox 173 3265 285 3316; x_wconf 86' lang='lat' dir='ltr'>otiosum</span> <span class='ocrx_word' id='word_1_359' title='bbox 301 3264 334 3315; x_wconf 87' lang='lat' dir='ltr'>sit</span> <span class='ocrx_word' id='word_1_360' title='bbox 348 3264 375 3314; x_wconf 87' lang='lat' dir='ltr'>iu</span> <span class='ocrx_word' id='word_1_361' title='bbox 390 3263 481 3316; x_wconf 88' lang='lat' dir='ltr'>Statio.</span> 
     </span>
    </p>
   </div>
   <div class='ocr_carea' id='block_1_8' title="bbox 0 0 1416 4488">
    <p class='ocr_par' dir='ltr' id='par_1_8' title="bbox 0 0 1416 4488">
     <span class='ocr_line' id='line_1_37' title="bbox 0 0 1416 4488; baseline 0 2"><span class='ocrx_word' id='word_1_362' title='bbox 0 0 1416 4488; x_wconf 95' lang='lat' dir='ltr'> </span> 
     </span>
    </p>
   </div>
  </div>
 </body>
</html>
