2844 4484
214 341 1252 384 mmmmmwwnmvmmumwmwmmmm

639 555 829 657 NOTAE

363 795 418 872 ru
443 776 769 870 uprsrousu'
788 798 827 871 Ρ.
855 797 894 870 r.
923 794 1103 873 srsru

512 1003 573 1070 AD
597 1003 950 1074 ABASCANTIUM.

211 1489 266 1540 lun,
279 1489 305 1541 3¹.
324 1453 378 1540 Er
395 1502 496 1540 monem
511 1495 613 1538 morum
629 1505 705 1558 puts,
724 1487 795 1540 nulli
809 1507 879 1556 non,
894 1503 944 1542 eto.
964 1493 1003 1544 lta
1017 1489 1162 1555 editiones;
1181 1493 1251 1547 unde

210 1570 372 1636 Gronovius,
383 1568 466 1620 Diatr.
479 1585 502 1618 c.
513 1565 565 1632 46,
577 1567 687 1618 miratur
698 1579 752 1618 tam
764 1586 875 1639 parvum
884 1571 977 1621 vitium
988 1582 1029 1621 tot
1039 1589 1148 1642 sagaces
1159 1572 1251 1626 oculos

210 1651 348 1716 fefellisse,
363 1663 389 1701 et
402 1647 466 1717 legit
479 1665 582 1698 morum
597 1657 698 1697 tuomm
711 1665 780 1718 pax,
797 1647 868 1700 nulli
880 1667 949 1717 non,
965 1661 1015 1701 ete.
1038 1652 1133 1703 Postea
1147 1663 1250 1720 tamen,

209 1729 292 1802 lleliq.
308 1727 340 1782 ad
355 1727 415 1780 Silv.
431 1736 506 1778 uotut
517 1723 571 1775 MS.
584 1721 677 1775 Salisb.
690 1736 716 1776 et
726 1726 840 1795 primam
848 1728 941 1778 Venet.
954 1725 1053 1778 habere
1061 1767 1069 1796 ,
1083 1747 1183 1781 morum
1196 1742 1252 1782 tuo·

209 1825 266 1859 rum
278 1827 353 1880 pars,
365 1802 472 1858 eruunt·
484 1820 555 1862 non‚·
570 1799 640 1854 uude
653 1801 758 1867 scribit,
773 1821 874 1854 monem
888 1814 991 1856 tironem
1003 1822 1064 1875 pun
1077 1817 1128 1872 est,
1143 1817 1169 1858 et
1181 1806 1253 1859 nulli

208 1905 280 1950 nous
294 1884 366 1959 quod
378 1884 541 1936 verissimum
553 1894 611 1932 est:
627 1883 704 1934 etita
718 1884 781 1934 citat
794 1881 866 1936 huuc
880 1882 985 1950 locum,
1000 1897 1055 1936 uot.
1068 1883 1103 1937 ad
1115 1887 1206 1938 Seueo.
1218 1886 1251 1940 de

207 1966 297 2020 Benef.
310 1968 338 2029 Ι,
351 1965 375 2016 8.
392 1964 488 2015 Sensus
502 1974 559 2013 est:
574 1962 659 2032 pietas
667 2000 677 2028 ,
690 1980 768 2033 quam
782 1961 903 2016 Priscillre
918 1963 992 2016 uxori
1004 1976 1053 2016 tuse
1063 1979 1174 2017 mortuae
1184 1965 1253 2017 exhi-

207 2045 269 2110 bes,
284 2042 318 2097 ad
331 2061 418 2096 mores
432 2057 459 2094 et
471 2033 593 2094 daturam
600 2081 610 2108 ‚
625 2055 652 2094 et
663 2041 780 2096 indolem
791 2055 863 2095 tuam
874 2042 973 2095 bonam
984 2046 1112 2114 pertinet,
1127 2059 1167 2097 est
1179 2044 1252 2116 quod

207 2144 222 2178 a
233 2138 258 2178 te
267 2138 295 2177 et
305 2125 424 2176 moribus
433 2125 485 2176 tuis
495 2137 707 2193 exspectaremus
722 2142 727 2171 :
743 2136 768 2174 et
781 2123 842 2174 ideo
854 2125 1026 2194 scriptionem
1039 2123 1125 2192 hano,
1140 2139 1167 2178 et
1178 2143 1252 2177 com·
1287 2187 1288 2196 ἱ

197 2204 391 2282 ιριόὶηῑὶοιιεειιι
405 2222 490 2256 meam
504 2203 638 2275 publicum
651 2205 762 2268 meruit,
783 2200 850 2256 duas
865 2203 900 2256 ob
914 2222 1024 2267 causan
1042 2206 1172 2275 primum,
1191 2207 1251 2276 quia

206 2283 313 2354 publice
324 2283 433 2356 prodest
446 2281 498 2336 hou
510 2285 616 2356 pietatis
629 2281 795 2354 exemplum:
811 2281 922 2350 deiude,
936 2283 998 2355 quia
1010 2301 1059 2353 ego
1074 2302 1182 2355 quoque
1195 2302 1251 2334 ma-

206 2365 271 2416 ritus
285 2383 359 2428 sum,
374 2377 400 2417 et
412 2362 524 2435 proinde
537 2361 663 2416 maritalis
677 2364 782 2433 pietatis
796 2361 945 2433 exemplum
958 2362 986 2413 iu
995 2360 1051 2430 alio
1063 2363 1195 2432 suspicere
1205 2360 1251 2414 de·
1323 2415 1331 2426 ,

205 2442 265 2496 beo.
281 2445 340 2497 Huc
354 2458 394 2498 est
406 2445 480 2498 Statii
493 2461 577 2496 meus.
591 2443 657 2496 Pars
668 2460 783 2507 morum,
796 2455 826 2494 ut
837 2440 928 2510 virgil.
942 2442 1074 2507 AEn.v11‚
1088 2439 1155 2508 266,
1167 2463 1178 2488 a
1188 2442 1249 2492 Pars

204 2520 269 2574 mihi
282 2524 355 2594 pacis
367 2525 415 2575 erit
427 2521 546 2574 dextram
558 2522 675 2591 tetigisse
687 2522 806 2592 tyranni5
818 2543 830 2567 ι
845 2533 872 2572 et
882 2520 935 2588 xl,
948 2519 1014 2586 213,
1124 2579 1127 2590 Ι

305 2637 307 2643 ”
388 2630 440 2674 Jsrn
449 2644 506 2675 vero
515 2629 540 2672 in
550 2629 615 2674 tectis
624 2627 749 2688 predivitis
758 2626 817 2672 urbe
826 2626 903 2672 Latini

390 2698 522 2760 Praeupuus
531 2696 620 2758 fragor,
632 2708 656 2742 et
663 2697 726 2759 longi
736 2711 789 2758 psrs
798 2697 896 2742 maxima
905 2695 980 2742 luctus
988 2713 995 2754 ;

205 2797 251 2867 qui
262 2795 337 2848 locus
351 2813 446 2864 magno
461 2793 558 2845 mendo
573 2791 686 2845 loborat.
700 2791 811 2846 Ouidius
819 2831 829 2860 ,
842 2793 948 2844 Metam.
962 2767 1037 2858 lllll,
1051 2791 1118 2858 204,
1133 2792 1250 2842 rPrima-

204 2893 255 2946 que
268 2893 328 2947 pars
340 2875 424 2926 nostri
438 2885 526 2926 tecum
543 2873 594 2923 fuit
609 2872 654 2923 illa
671 2869 800 2944 periclis·
817 2873 853 2924 ita
867 2870 1006 2942 legendum
1021 2883 1104 2942 puto;
1121 2870 1162 2922 vel
1176 2867 1231 2922 laus
1238 2891 1250 2933 ,·

202 2955 297 3026 vulgo,
305 2957 444 3029 primaque
456 2953 518 3016 lux‚·
532 2951 606 3024 quod
617 2971 680 3006 saue
691 2970 746 3003 nou
757 2951 885 3026 intelligo.
898 2950 987 3018 idem,
1001 2948 1109 3002 lle'roid
1124 2951 1188 3018 ΧΠ,
1200 2966 1248 3018 91,
1352 3007 1354 3015 Α

167 3037 177 3052 ’
206 3035 287 3089 «Vidi
307 3040 384 3089 etism
403 3035 525 3089 lacrimas
544 3056 549 3085 :
567 3052 601 3086 sn
615 3051 676 3105 pers
691 3046 717 3086 et
730 3031 832 3086 fraudis
845 3033 873 3085 in
888 3031 980 3086 illisis
1002 3033 1104 3084 Auctor
1122 3029 1194 3104 Eleg.
1213 3027 1248 3083 ad

203 3111 257 3167 Liv.
270 3115 337 3188 Aug.
354 3135 377 3168 v.
394 3114 458 3186 267,

386 3223 443 3270 Pers
451 3223 497 3269 eris
505 3219 619 3278 historia,
630 3233 727 3285 totoque
736 3221 821 3281 legeris
828 3223 854 3267 iu
862 3236 924 3275 turo,

417 3297 499 3358 Teque
509 3309 568 3357 opus
576 3295 675 3358 ingeniis
684 3293 872 3358 carminibusque
882 3293 960 3342 dahis:
1086 3357 1089 3365 Δ

203 3389 238 3440 its
249 3389 388 3460 legendum
400 3393 513 3463 opinor;
525 3391 618 3462 vulgo,
631 3391 695 3456 erit,
706 3404 735 3443 et
748 3390 858 3465 leqetur,
871 3401 898 3441 et
908 3390 991 3462 Seque
1002 3386 1090 3439 dabit:
1104 3383 1150 3436 sed
1161 3385 1246 3456 sequi·

202 3479 260 3535 tur,
271 3469 354 3522 Stabis
365 3480 390 3521 et
401 3471 429 3521 in
440 3473 526 3522 rostris
532 3492 544 3533 ,-
556 3471 627 3523 unde
639 3471 754 3540 conjicio
770 3469 825 3522 haec
838 3487 945 3542 quoque
960 3470 987 3520 iu
998 3463 1115 3520 secunda
1131 3480 1245 3536 persuus

201 3547 376 3621 concipienda
388 3567 453 3602 esse.
469 3549 583 3614 Sensus,
595 3550 723 3603 Phoeniss.
736 3570 760 3603 r.
773 3568 837 3621 229,
851 3573 861 3596 a
868 3553 924 3621 jam
937 3567 1044 3602 sensum
1057 3549 1095 3598 tui
1107 3547 1170 3614 Quu
1181 3559 1243 3613 part

201 3645 320 3681 meorum
331 3648 359 3681 es
371 3631 523 3696 criminum,
536 3629 627 3682 infelix
640 3643 716 3702 pater
729 3633 894 3700 Fugissem.»
911 3631 990 3681 Amst
1001 3627 1070 3680 hauc
1081 3626 1242 3679 locutionem

200 3703 326 3758 Tacitus:
346 3707 414 3758 Hist.
429 3709 479 3774 111,
497 3707 616 3762 «additis
630 3711 713 3781 copiis
728 3727 743 3760 e
756 3708 897 3762 Vitelliano
912 3709 1043 3768 exercitu3
1062 3723 1139 3777 quem
1154 3699 1243 3772 spargi

200 3801 248 3854 per
266 3787 415 3855 provincias
432 3800 459 3838 et
476 3802 584 3841 externo
600 3787 671 3840 bello
687 3788 797 3858 illigari,
814 3807 875 3860 purs
887 3787 990 3841 consilii
1003 3787 1128 3858 pacisque
1142 3793 1238 3842 ertit*

200 3863 262 3916 tlibi
274 3886 279 3914 :
297 3868 450 3938 «precipua
461 3870 510 3922 suh
519 3871 672 3922 Domitiano
682 3872 845 3922 miseriarum
854 3889 916 3942 pars
927 3881 982 3922 erat
991 3866 1079 3920 videre
1089 3877 1115 3916 et
1124 3863 1216 3932 aspici.
1227 3881 1237 3908 ι

199 3943 231 3994 Et
242 3945 277 3996 ita
291 3947 397 4016 passim.
412 3949 453 3999 De
464 3949 499 4016 ssi
510 3949 614 4019 publice
622 3949 682 4002 vide
693 3949 857 4004 Gronovium
869 3947 902 4002 sd
914 3951 968 4002 Liv.
980 3950 1029 4011 w,
1044 3943 1089 4009 13,
1104 3939 1176 4012 quod
1187 3955 1241 3990 mo·

200 4039 265 4090 neo,
277 4041 311 4076 ne
325 4027 384 4094 quis
397 4026 466 4097 legat
476 4027 589 4097 publico.
