2858 4492
393 342 522 408 LIBRI
546 341 752 410 SECUNDl
777 341 1029 407 SlLVAIlUM.
1165 339 1230 406 283

225 491 235 525 s
245 486 286 524 to.
308 469 400 520 terras
409 461 515 538 serpitis
523 477 549 518 et
558 465 675 537 sepulcra
688 464 760 518 rides
773 462 874 517 Alludit
886 463 921 515 ad
930 463 1011 515 verbu
1022 465 1105 534 ipsius
1116 462 1216 516 Luceni
1225 501 1232 530 ,

185 555 264 606 initio
276 549 323 602 lib.
336 548 388 611 IX,
400 545 433 598 de
446 545 580 616 Pompeio.
595 547 731 618 Sequitur,
744 544 796 596 Sat
808 544 881 616 pacit
891 545 1011 595 metitum
1023 555 1111 596 neam
1122 543 1232 598 misse.

187 633 313 687 Heinsius
324 627 440 680 malebat
453 625 546 698 parteis
555 638 582 677 et
593 625 707 687 recludit
716 625 850 696 Quum
860 627 961 696 optime
972 632 1060 677 tuetur
1068 625 1234 690 Gronovius,

188 711 272 768 Dian.
287 731 309 763 c.
324 724 371 774 ss,
384 719 410 760 et
422 705 552 778 explicat,
563 721 575 751 ι
585 701 636 759 Seu
650 719 724 758 tunes
739 705 846 758 beatum
861 707 888 756 iu
903 704 1009 775 Campis
1023 703 1116 775 ilysiis
1127 720 1153 757 et
1166 705 1234 757 bene

186 795 312 847 meritam
328 803 423 844 neruus
435 789 544 858 quletis,
560 801 639 858 quum
649 784 762 854 (volum,
773 788 881 855 opinor,
891 785 973 856 quod,
984 803 1020 836 ru.
1031 783 1140 855 nemus)
1153 797 1185 836 tu
1194 787 1234 836 in·

189 872 274 924 ducto
286 881 314 922 et
326 867 437 922 redacto
449 864 560 936 Orpheo
570 863 732 916 recludeti-

226 953 417 1023 Acquieteram
431 949 459 998 in
472 947 599 1000 Gronorii
612 941 795 1016 esplicstione.
813 943 866 996 Sed
877 957 962 1014 qaam
978 947 1034 1014 jan
1046 943 1151 997 videm
1168 947 1237 996 suti

192 1035 300 1106 quiores
317 1032 385 1082 Ven.
403 1031 487 1080 Parm.
509 1040 535 1080 et
553 1027 628 1077 Rom.
645 1043 700 1077 uno
715 1042 844 1076 consensu
863 1023 907 1094 (et
921 1027 957 1076 ita
970 1025 1024 1076 MS.
1039 1025 1157 1078 Florent.
1171 1037 1237 1077 teste

193 1109 305 1184 eodem)
317 1107 415 1164 habere
428 1104 536 1173 merito,
551 1122 599 1157 cur
612 1105 730 1157 dubitem
744 1105 806 1176 quin
819 1097 918 1158 Statius
930 1105 969 1156 ita
982 1105 1134 1176 scripserit?
1147 1123 1190 1157 seu
1204 1118 1238 1157 te·

194 1212 239 1247 aas
252 1203 342 1244 matus
354 1189 441 1263 pacit,
456 1185 581 1240 metamur
595 1183 686 1238 merito
702 1185 762 1251 tibi,
776 1185 818 1236 ‘rel
833 1186 923 1238 metito
938 1199 990 1239 tuo.

233 1351 291 1403 ¹²9·
313 1331 406 1387 Vultus
414 1333 460 1404 qui
469 1330 549 1384 simili
559 1340 661 1383 notattu
672 1349 735 1383 auro
747 1331 839 1384 Stratis
845 1332 971 1402 pranitct.
987 1332 1081 1404 Hygia.
1091 1331 1157 1383 Fab.
1169 1332 1239 1397 CIV,

194 1414 229 1466 de
242 1411 402 1466 laodamia:
418 1434 429 1457 ι
443 1412 533 1482 itaque
550 1411 614 1462 fecit
629 1409 798 1463 simulacrum
810 1429 915 1462 cereum
927 1411 1011 1463 simile
1022 1411 1161 1464 Protesilai
1173 1429 1239 1463 con-

193 1497 277 1568 jugis,
286 1506 313 1546 et
322 1494 349 1544 in
359 1491 480 1544 thalamis
489 1494 579 1563 posuit
588 1491 638 1543 sub
648 1490 815 1544 simulatione
825 1509 974 1558 sacrorum,
985 1507 1010 1545 et
1019 1512 1080 1544 eum
1090 1492 1178 1545 colere
1187 1510 1241 1543 coe-

194 1577 244 1648 pit.
255 1599 266 1621 ι
287 1573 433 1645 Apuleius,
447 1571 532 1624 Miles.
549 1571 630 1623 Vlll:
651 1573 815 1643 «imaginem
828 1569 963 1638 defuncti,
980 1571 1105 1643 quemad
1119 1569 1239 1623 habitum

194 1653 239 1706 dei
249 1652 338 1704 Liberi
349 1653 526 1716 formaverat,
539 1649 618 1703 affixo
631 1653 738 1702 servitio
749 1649 842 1702 divinis
854 1651 992 1722 percolens
1007 1649 1166 1717 honoribus,
1181 1653 1239 1722 ipso

196 1751 254 1788 sese
266 1733 359 1785 solatio
369 1731 512 1784 cruciabat.
523 1756 534 1779 r
551 1733 608 1783 Hoc
618 1731 767 1802 exemplum
779 1731 892 1801 explicat
905 1730 1095 1803 procedentia,
1109 1730 1178 1784 Falci
1190 1751 1241 1782 nu-

195 1814 275 1864 minis
286 1812 372 1864 induit
375 1809 477 1885 fipuras
487 1833 494 1861 .·
507 1812 544 1862 ita
555 1813 626 1863 cuim
637 1830 668 1863 ex
678 1813 755 1862 Rom.
771 1823 796 1863 et
807 1813 899 1863 Venet.
914 1811 990 1863 editt.
1003 1810 1067 1882 legit
1077 1811 1241 1874 Gronovius,

195 1894 278 1945 Dirc.
292 1911 316 1944 c.
326 1891 357 1958 6,
371 1909 420 1962 pro
428 1888 535 1964 fipura5
551 1891 599 1943 ubi
610 1893 688 1942 etism
699 1890 773 1943 bunc
784 1890 890 1963 Apuleii
904 1890 993 1944 locum
1004 1890 1112 1943 adducit
1124 1914 1129 1942 ι
1140 1888 1243 1964 fiquras

196 1971 347 2024 Parmensis
359 1987 475 2042 quoque.
519 2016 524 2025 .

237 2103 293 2155 130.
314 2101 406 2154 Stratis
413 2101 534 2172 praenitet
545 2101 701 2174 incubatque
711 2121 811 2155 somno.
824 2101 883 2155 Scio
895 2102 958 2173 quid
968 2105 1001 2155 sit
1011 2102 1131 2154 tumbam
1140 2101 1194 2154 ouis
1201 2099 1242 2151 vel

197 2181 309 2243 diuitiisr
325 2179 372 2234 sed
386 2181 523 2253 quomodo
537 2181 633 2252 aliquis
648 2200 738 2235 somno
753 2183 857 2235 incubat
867 2201 921 2235 non
933 2201 1043 2254 possum
1053 2184 1140 2233 animo
1153 2185 1243 2232 conci-

197 2281 271 2334 pere.
283 2263 366 2332 lege,
378 2261 520 2313 certissima
533 2259 730 2328 emendatione,
742 2264 898 2335 excubatque
908 2281 997 2316 somno
1008 2263 1125 2314 Secura:
1140 2261 1243 2332 elegan-

198 2357 239 2395 ter
245 2364 253 2404 ς
266 2342 343 2413 quasi
359 2341 447 2392 Boum
458 2340 557 2392 Genius
567 2343 685 2394 excubias
696 2341 752 2413 opit
762 2355 787 2393 et
798 2359 918 2394 somnum
931 2353 1030 2394 tutatur
1041 2343 1142 2404 uxoris,
1152 2359 1244 2393 secura

198 2421 259 2475 ideo
272 2422 335 2492 quia
347 2419 392 2472 ille
403 2421 516 2474 excubat.
528 2420 654 2474 llumdem
667 2424 891 2474 constructionem
903 2421 985 2474 habes
998 2421 1068 2492 apud
1080 2421 1178 2472 Lucan.
1191 2421 1243 2484 IX,
1327 2478 1333 2493 Ι

198 2519 264 2572 91²,
275 2500 309 2554 de
321 2499 429 2573 Psyllis:
445 2524 456 2548 s
466 2501 522 2554 Nec
534 2499 620 2554 sulum
631 2521 696 2572 gens
708 2502 752 2554 illa
764 2521 812 2555 sua
824 2516 947 2554 contenta
958 2503 1056 2567 salute,
1067 2501 1186 2554 Excubat
1195 2499 1245 2551 ho-

199 2578 321 2652 spitibus.
334 2603 345 2626 ι
362 2581 401 2631 lta
414 2581 442 2631 iu
455 2579 572 2632 Surrent.
592 2579 680 2649 Pollii,
696 2600 720 2632 v.
737 2598 785 2647 αι,
803 2582 945 2651 Neptunus
956 2583 1080 2633 excubare
1093 2581 1198 2632 dicitur.
1211 2579 1245 2628 Et

199 2661 284 2712 Amor
289 2657 517 2729 pulchrisexeubat
523 2661 550 2711 in
556 2661 629 2734 penis
638 2659 787 2729 Cbioeapud
796 2661 888 2712 Horat.
899 2679 979 2711 carm.
990 2662 1038 2728 lv,
1050 2661 1132 2726 13‚8,
1141 2661 1185 2731 qui
1193 2657 1244 2708 hoc

201 2737 1244 2811 mutuatusestexSopbocle,Autig.v.79d(proutetabaliisnotatumrideo),
1336 2811 1338 2816 Α

456 2837 490 2883 Oc
499 2829 520 2880 ir
528 2829 652 2892 μιλαιῒς
660 2829 764 2896 repensis

430 2957 433 2962 Ι
447 2897 553 2952 Nse‘trsdts
563 2895 704 2962 inmitte,

202 3013 237 3046 sc.
247 2989 328 3060 'Epor'
342 3009 440 3044 seruare
453 3011 571 3045 somnum
583 3005 661 3045 vocat
672 2992 762 3045 Sidon.
776 2991 950 3064 Apollinaris,
960 3011 1040 3044 carm.
1049 2994 1086 3059 V,
1096 2992 1138 3045 30.
1152 2991 1246 3044 Sueto-

202 3073 275 3138 nius,
288 3069 414 3138 Glaudio,
426 3089 450 3122 c.
464 3071 497 3141 37
512 3094 518 3122 :
534 3094 546 3118 ι
555 3073 612 3124 Nec
624 3072 754 3125 dubitavit
764 3087 871 3145 postero
884 3071 926 3124 die
938 3072 1064 3125 Claudius
1078 3071 1195 3125 ordinem
1210 3076 1247 3124 rei

201 3165 280 3222 gestu
289 3150 407 3222 perferre
419 3149 453 3202 ad
465 3150 605 3218 Senatum,
617 3170 648 3204 sc
658 3151 753 3204 liberto
765 3154 863 3222 gratias
874 3171 950 3223 agere
961 3152 1033 3226 quod
1043 3172 1093 3226 pro
1103 3151 1188 3204 salute
1200 3172 1248 3205 sua

201 3233 279 3282 etiam
290 3229 424 3288 dormiens
436 3229 608 3284 excubaret·
625 3231 740 3299 Seneca,
760 3231 871 3304 epistola
889 3249 937 3284 102
955 3255 961 3283 :
984 3233 1052 3284 urbi
1067 3232 1194 3304 disposite
1209 3245 1249 3283 tot

202 3311 312 3361 numina
322 3310 350 3360 in
364 3321 439 3361 actus
450 3327 513 3362 suos
521 3310 663 3363 excubant.
697 3312 810 3378 Plinius,
820 3314 885 3364 Hist.
897 3313 958 3365 Nat.
969 3313 1084 3366 XXXV:
1101 3311 1247 3364 «Nondum

203 3387 301 3441 libebat
316 3389 430 3460 parietes
447 3401 515 3440 totos
533 3391 640 3461 pingere
659 3413 664 3442 :
686 3394 771 3444 omnis
789 3409 880 3443 eorum
898 3409 939 3444 ars
957 3391 1068 3443 urbibus
1085 3391 1246 3443 excubabat:

201 3470 341 3538 pictorque
352 3485 395 3520 res
407 3470 554 3521 communis
565 3484 694 3522 terrarum
706 3486 770 3524 erat.
782 3494 792 3517 ι
807 3472 949 3543 Apuleius,
959 3472 1043 3524 Miles.
1057 3477 1097 3524 V:
1113 3495 1125 3518 ι
1134 3473 1190 3524 Nos
1202 3491 1249 3524 au-

202 3559 254 3599 tem
268 3565 329 3620 qun
339 3547 460 3620 pervigili
473 3567 535 3601 cura
548 3549 627 3602 rebus
639 3552 691 3602 tuis
703 3551 880 3618 excubamus,
892 3550 1012 3604 cladibus
1025 3554 1077 3604 tuis
1089 3553 1181 3602 misere
1192 3569 1249 3602 cru·

202 3628 335 3679 rismum·
361 3629 423 3679 Non
441 3629 521 3698 igitur
540 3629 688 3682 audiendus
706 3631 843 3684 Gevartius
861 3630 966 3702 legens„
988 3633 1141 3704 incubatque
1159 3649 1248 3682 somno

200 3707 313 3759 Serum
328 3723 379 3759 nec
391 3707 528 3775 Heinsius,
543 3708 621 3762 «Sint
630 3729 698 3762 curte
708 3711 802 3781 procul
815 3733 821 3761 :
836 3709 898 3763 binc
909 3711 993 3777 abite,
1003 3723 1109 3763 mortes.
1123 3733 1133 3756 r
1148 3739 1183 3749 —
1196 3711 1250 3762 Ma·

200 3803 248 3838 nes
257 3785 448 3839 defunctorum
459 3807 490 3840 er
502 3791 629 3860 opinione
640 3801 757 3842 veterum
770 3803 848 3842 nocte
860 3809 961 3856 errare,
975 3793 1038 3842 satis
1052 3792 1198 3862 expositum
1211 3801 1250 3840 est

202 3881 220 3914 a
232 3864 317 3919 doctis
331 3867 402 3918 viris.
417 3865 478 3920 vid.
493 3869 639 3936 Meursius,
655 3867 690 3920 ad
706 3868 871 3940 Lycophron.
885 3889 908 3920 v.
925 3869 1007 3931 1225;
1024 3871 1201 3932 burmannus,
1216 3865 1249 3916 ad

200 3943 322 4015 Propert.
334 3943 381 3996 lib.
395 3947 443 4010 IV,
456 3945 488 3997 el.
501 3963 529 4015 7,
538 3965 563 3999 v.
575 3947 624 4016 893
637 3946 684 3998 ubi
695 3950 772 3998 etiarn
785 3947 863 3998 affert
874 3949 989 4000 Lucretii
998 3949 1047 4011 IV,
1059 3965 1082 3996 v.
1095 3944 1160 4015 794:
1174 3967 1185 3988 s
1195 3943 1250 3993 Sei-

201 4020 263 4074 licet
282 4036 339 4076 arte
353 4021 461 4076 madent
478 4027 620 4078 simulacra
639 4038 665 4077 et
679 4024 758 4077 docta
777 4041 943 4096 vagantum
965 4028 992 4076 iu
1011 4024 1107 4099 quibus
1127 4021 1249 4073 desidero
