2824 4488
199 329 264 394 360
377 324 513 389 NOTAE
538 323 587 385 IN
611 321 805 386 CARMEN
829 323 1057 388 TERTIUM

197 471 242 506 seu
252 470 327 503 causa
336 449 428 502 hanam
439 447 650 517 acquisitionum.
661 446 711 496 llic
720 463 783 497 sero
793 461 885 498 sensus
893 443 955 496 huic
965 445 1027 499 loco
1037 465 1091 498 non
1101 453 1236 520 congrum

196 551 250 584 uon
262 531 332 584 enim
343 529 400 582 vult
411 529 508 582 Statius
517 528 629 578 Etrusco
639 525 777 578 mundatas
786 543 842 578 esse
854 525 957 579 divitias
970 545 1036 599 quas
1045 546 1133 582 omnes
1141 531 1238 602 populi

197 613 391 683 acquisiverant
403 606 554 680 (montedo
569 608 638 658 enirn
653 605 708 657 fieri
721 605 841 678 potuitl)
854 605 901 660 sed
915 626 981 678 ques
995 610 1106 661 Romani
1117 629 1165 682 per
1179 630 1239 662 om-

198 711 244 745 nes
259 705 340 754 tetrus
358 688 538 761 possidebam.
556 687 664 758 Scripsit
677 688 757 756 igitur
772 705 944 757 «sparsaeque
961 707 1010 758 per
1029 705 1120 741 omnes
1138 689 1240 742 Divitia

197 768 344 842 populos·
359 767 419 819 vid.
434 765 511 820 Ovid.
524 766 593 816 Fast.
609 764 647 831 11,
666 781 732 829 ato,
747 776 773 815 et
786 767 830 830 tv,
845 763 912 832 7603
926 764 1014 816 Valet.
1029 764 1116 818 linco.
1131 769 1158 833 l,
1177 768 1236 836 ²9³·

197 851 329 923 Hyginus,
343 847 406 900 Fab.
423 846 488 911 ¹23,
503 847 599 916 «cujus
612 861 672 895 ossa
683 861 732 914 per
743 843 809 897 fines
820 843 965 896 Ambracias
976 861 1068 915 sparsa
1080 859 1149 898 sunt.
1160 869 1172 894 ι
1185 846 1239 897 Lu-

197 947 294 995 canus,
305 931 369 995 vn,
382 928 451 997 ⁶⁴9²

713 1039 718 1050 .
730 1039 735 1050 .
747 1039 752 1050 .
763 1006 840 1052 .stetit
848 1020 932 1068 aggere
941 1007 1015 1069 campi

381 1079 476 1124 Eminus
485 1078 547 1124 unde
557 1091 638 1123 ornnes
647 1090 737 1138 sparsas
746 1091 789 1138 per
798 1074 907 1123 Thessala
916 1092 970 1122 rura

381 1152 501 1212 Aspicerct
508 1148 597 1205 ciades,
609 1163 660 1210 quse
669 1144 731 1193 bello
740 1158 815 1194 stante
824 1145 939 1194 latebunt:

196 1264 233 1313 ita
244 1257 397 1331 legendum
409 1257 503 1329 vulgo,
515 1254 587 1308 belin
598 1257 725 1319 obstante,
738 1256 826 1306 minus
838 1267 911 1307 recte
922 1255 944 1306 si
955 1253 1044 1308 loctun
1055 1257 1185 1307 curiosius
1197 1257 1239 1306 in·

198 1342 300 1411 spicios.
315 1337 405 1410 Yirffil·
420 1336 517 1407 Georg.
532 1338 576 1401 tV,
591 1334 659 1402 520,
670 1334 703 1386 de
717 1333 789 1386 ccede
800 1333 915 1406 Orphei:

506 1479 512 1490 .
522 1480 527 1490 .
538 1479 543 1491 .
553 1479 558 1489 .
567 1447 654 1505 Spretae
664 1445 776 1489 Ciconum
788 1458 836 1504 quo
846 1457 943 1488 munere
953 1455 1038 1490 matres

382 1521 446 1564 lntcr
454 1532 520 1564 mera
528 1519 604 1562 neum
613 1517 767 1576 nocturnique
775 1513 840 1574 orgia
849 1512 944 1569 Bacchi,

382 1590 529 1652 Discerptum
537 1586 596 1633 latos
602 1586 714 1648 juvenem
723 1599 827 1646 sparsere
835 1600 879 1645 per
887 1600 969 1645 ugron

197 1695 224 1742 in
240 1689 335 1761 quibus
350 1686 435 1738 verbis
448 1686 546 1737 frustra
557 1700 664 1736 sensum
676 1682 840 1753 quaesiveris:
855 1678 919 1731 nihii
932 1681 1002 1732 enini
1017 1679 1103 1733 estad
1116 1681 1189 1753 qued
1200 1701 1240 1734 rc-

200 1773 268 1821 ieras
280 1771 329 1821 ista
343 1784 395 1838 quo
407 1782 521 1816 munere.
536 1761 654 1828 Deinde,
670 1751 733 1831 qtdd
747 1774 786 1811 est
802 1761 926 1810 munere?
938 1758 1066 1830 nuptiali,
1081 1761 1167 1832 inquit
1178 1763 1239 1814 Ser·

199 1850 271 1910 vius;
288 1863 370 1916 euge,
388 1842 576 1915 grammatice,
594 1855 711 1910 agnosco
728 1851 802 1888 tuum
813 1835 958 1906 judicium
975 1855 1050 1909 aeque
1067 1856 1127 1890 rere
1145 1837 1239 1890 dixisse

197 1925 330 1998 potuisses
339 1941 445 1974 munere
456 1920 493 1972 ibi
504 1937 560 1972 esse
572 1935 676 1969 munere
685 1915 874 1970 centumvirali.
887 1916 996 1988 Aliquot
1009 1919 1111 1989 antiqui
1121 1917 1239 1980 codices,

198 2017 310 2059 testante
324 2003 424 2068 Pierio,
438 2000 529 2070 legunt
541 2010 685 2071 spretoque
697 2015 815 2060 munere,-
830 2015 904 2068 aequc
915 1997 1056 2050 mendose:
1070 1997 1158 2050 adhuc
1169 1999 1240 2050 enim

198 2085 287 2138 turbat
301 2101 351 2156 quo
370 2080 508 2132 relativum
525 2079 582 2130 sine
596 2075 741 2146 relatione,
760 2089 786 2128 et
804 2095 910 2128 munere
926 2095 976 2148 pro
994 2096 1101 2130 munere
1119 2077 1237 2152 nuptiali.

199 2165 274 2219 Solus
289 2181 394 2214 sensum
408 2157 473 2211 vidit
486 2159 571 2228 Asper
585 2159 789 2229 grammaticus,
807 2157 853 2227 qui
863 2194 871 2222 ,
883 2169 912 2207 ut
925 2159 963 2209 ait
975 2156 1169 2232 Philargyrius,
1188 2175 1239 2232 quo

198 2261 319 2309 munere,
330 2263 340 2288 ι
351 2241 386 2292 ob
395 2257 474 2311 quam
482 2257 552 2304 rem,
563 2261 573 2285 s
584 2236 639 2288 vult
650 2238 734 2307 accipi
744 2257 751 2298 ς
760 2235 824 2287 nihii
834 2237 934 2288 scrius:
946 2258 958 2281 ι
968 2235 1003 2287 ob
1014 2257 1094 2308 quum
1104 2257 1158 2289 rem
1169 2236 1239 2307 (scil.

200 2325 261 2395 quia
274 2319 354 2376 Nulla
370 2321 476 2382 venus,
496 2335 552 2369 non
568 2314 615 2369 ulli
632 2317 747 2367 animum
762 2315 856 2367 flexere
873 2317 1020 2387 Hymenaei,
1039 2318 1142 2387 etquis
1161 2315 1239 2367 Solus
1263 2355 1266 2360 .

199 2401 383 2478 Hyperboreas
397 2399 492 2472 glacies
510 2394 654 2460 lustrabat,
668 2407 770 2466 raptam
787 2395 936 2467 Eurydicen
950 2395 1077 2468 querens)
1091 2409 1181 2466 spretae
1196 2395 1239 2447 ci-

199 2501 297 2538 conum
311 2493 407 2532 matres
419 2478 493 2530 illurn
506 2477 733 2547 discerpserunt·
752 2474 803 2528 Sed
819 2475 871 2526 hoc
888 2493 942 2526 non
956 2475 1037 2526 efficit
1052 2495 1103 2548 quo
1118 2491 1238 2538 munere,

200 2563 246 2618 sed
257 2581 309 2635 quo
321 2561 441 2627 nomine,
457 2559 576 2630 «Spreta
588 2559 715 2610 Ciconum
728 2574 781 2627 quo
794 2558 899 2607 nomine
911 2570 1022 2622 matres,
1032 2579 1043 2601 ι
1058 2554 1085 2607 id
1099 2567 1150 2622 est,
1166 2578 1177 2600 ι
1188 2575 1241 2628 qua

200 2663 294 2711 censa,
307 2661 387 2713 quam
397 2640 432 2693 ob
445 2659 508 2692 rem.
521 2663 531 2687 ι
546 2635 681 2705 Catullus,
694 2656 774 2690 carm.
788 2637 898 2700 XXVII,
914 2653 955 2701 tt,
968 2635 1001 2687 de
1014 2639 1162 2690 Mamurra:

444 2747 509 2792 ane
519 2744 626 2799 nomine,
635 2741 766 2804 Imperator
774 2741 860 2793 uuicc.

446 2816 518 2864 Fuisti
526 2817 551 2861 in
559 2814 640 2861 ultima
649 2811 782 2861 Occidentis
790 2810 877 2866 insuit,

446 2888 493 2944 Ut,
504 2898 548 2933 etc.

202 2994 303 3056 Varro,
318 2989 351 3042 de
363 2989 401 3040 lic
414 2989 490 3040 Rust.
505 2987 534 3052 l,
553 3003 584 3038 a:
603 2989 682 3038 «Hoc
698 2987 805 3038 numine
823 2986 901 3036 ctiam
916 2984 1041 3049 Athenis,
1057 2995 1129 3034 etc·
1144 2980 1171 3033 id
1186 2995 1242 3048 est,

202 3071 251 3122 iac
261 3089 345 3122 carue.
358 3067 425 3119 Vide
437 3065 501 3118 Pliu.
515 3067 582 3117 Hiat.
595 3067 658 3117 Nat.
668 3067 707 3131 ll,
724 3065 771 3127 25:
786 3076 812 3116 et
826 3063 946 3135 exemplu
958 3061 1062 3135 ubique.
1073 3049 1142 3112 vid'e
1154 3075 1244 3112 autem

201 3149 329 3217 originem
341 3148 451 3210 erroris;
464 3146 548 3217 prima
559 3139 658 3217 s'yllsbu
670 3145 697 3194 in
711 3146 817 3196 nomine
827 3143 952 3215 absorpta
964 3155 1020 3194 erat
1030 3144 1056 3193 in
1067 3141 1166 3193 ultimis
1178 3141 1244 3193 duo·

199 3227 249 3278 bns
261 3226 341 3279 literis
353 3228 424 3278 vocis
437 3224 608 3297 precedentis
617 3242 683 3295 quo,
695 3237 725 3274 nt
735 3236 804 3275 esset
812 3241 864 3295 quo
873 3225 960 3286 mine,·
968 3221 1020 3274 hoc
1030 3240 1086 3274 non
1095 3221 1244 3286 intellecto,

201 3303 334 3356 addebant
349 3305 474 3376 syllabam
488 3321 515 3355 re
527 3304 613 3355 versui
629 3301 795 3375 supplendo,
810 3321 903 3357 sensus
918 3305 1019 3367 securi;
1033 3304 1178 3355 sexcenties
1191 3300 1244 3351 hoc

201 3383 326 3436 accidisse
342 3384 418 3436 facile
430 3382 544 3456 probare
560 3401 683 3456 possem,
697 3385 747 3435 nisi
763 3383 871 3436 eruditis
890 3399 983 3436 notum
1000 3399 1076 3436 esset.
1096 3386 1126 3435 ln
1139 3381 1245 3455 syllabis

201 3482 313 3516 comune
324 3481 417 3516 vocem
430 3463 536 3517 nomine
547 3465 633 3534 quivis
644 3463 739 3515 videat.
752 3463 961 3516 Coniunduntur
973 3483 1034 3516 vcro
1047 3463 1088 3515 luc
1100 3481 1180 3514 voces
1190 3481 1246 3514 nsu-

200 3561 260 3595 nera
277 3558 302 3596 ct
319 3544 426 3596 nomino
438 3545 464 3594 in
479 3543 550 3596 MSS.
559 3563 567 3606 ς
583 3543 641 3595 vide
655 3543 815 3614 Scaligerum
831 3543 865 3595 ad
879 3544 970 3596 Manil.
985 3546 1029 3610 tv,
1047 3559 1108 3612 207.
1123 3545 1161 3594 lta
1175 3539 1246 3614 apud

199 3622 275 3676 ovid.
290 3625 353 3675 Met.
368 3625 425 3688 XV,
441 3623 509 3692 819,
522 3641 571 3694 pro
583 3626 696 3678 nominis
710 3624 792 3691 lieres,
807 3624 890 3676 codex
903 3623 1058 3694 Zinzerling.
1072 3636 1099 3676 et
1109 3623 1245 3675 Leidensis

154 3763 160 3774 ι
201 3700 301 3754 hubent
315 3701 443 3765 muneris,
457 3714 524 3752 teste
538 3703 657 3754 Heinsio.
673 3702 812 3756 Claudinn.
828 3702 862 3756 de
880 3705 914 3754 vt
929 3705 1009 3757 Cons.
1029 3704 1131 3754 Honor.
1150 3721 1190 3754 us.
1207 3718 1245 3770 17,

204 3804 215 3826 ι
224 3781 303 3832 Urnis
316 3791 342 3830 ct
353 3781 464 3848 Augusti
476 3781 609 3850 geminato
622 3784 729 3836 nomine
741 3783 819 3846 tetix;
830 3805 840 3829 ι
855 3795 880 3833 et
892 3782 929 3834 ibi
940 3781 1052 3836 Codices
1064 3780 1188 3833 nonnulli
1199 3779 1246 3830 lra-

199 3858 314 3910 bucrunt
327 3875 441 3911 munene.
454 3858 484 3909 ln
497 3859 601 3929 scriptis
613 3861 764 3913 criticorum
777 3862 875 3932 passim
886 3863 1012 3914 invenies.
1026 3861 1195 3930 Propertius,
1209 3859 1244 3922 tt,

202 3955 241 4002 τι,
264 3938 401 4011 nTaloque
417 3939 467 3992 sub
485 3953 577 3992 nostro
596 3942 702 3993 nornine
721 3959 827 3994 carmen
848 3941 934 4003 erit;·
950 3943 978 3992 in
993 3958 1043 3992 suo
1061 3938 1131 3990 libro
1146 3939 1243 3990 invenit

198 4018 314 4088 Scaliger
327 4038 446 4084 munerc5
461 4020 533 4091 quod
547 4021 651 4094 probat.
