<?xml version="1.0" encoding="UTF-8"?>
<!DOCTYPE html PUBLIC "-//W3C//DTD XHTML 1.0 Transitional//EN"
    "http://www.w3.org/TR/xhtml1/DTD/xhtml1-transitional.dtd">
<html xmlns="http://www.w3.org/1999/xhtml" xml:lang="en" lang="en">
 <head>
  <title>
</title>
<meta http-equiv="Content-Type" content="text/html;charset=utf-8" />
  <meta name='ocr-system' content='tesseract 3.04.00' />
  <meta name='ocr-capabilities' content='ocr_page ocr_carea ocr_par ocr_line ocrx_word'/>
</head>
<body>
  <div class='ocr_page' id='page_1' title='image "./quexstantomniao03lemagoog_0058.png"; bbox 0 0 2784 4484; ppageno 0'>
   <div class='ocr_carea' id='block_1_1' title="bbox 192 259 1043 335">
    <p class='ocr_par' dir='ltr' id='par_1_1' title="bbox 192 259 1043 335">
     <span class='ocr_line' id='line_1_1' title="bbox 192 259 1043 335; baseline -0.006 -2"><span class='ocrx_word' id='word_1_1' title='bbox 192 291 240 335; x_wconf 76' lang='lat' dir='ltr'>no</span> <span class='ocrx_word' id='word_1_2' title='bbox 392 264 529 330; x_wconf 83' lang='lat' dir='ltr'>NOTAE</span> <span class='ocrx_word' id='word_1_3' title='bbox 552 261 602 324; x_wconf 88' lang='lat' dir='ltr'>IN</span> <span class='ocrx_word' id='word_1_4' title='bbox 625 259 822 328; x_wconf 84' lang='lat' dir='ltr'><strong>CARMEN</strong></span> <span class='ocrx_word' id='word_1_5' title='bbox 846 261 1043 328; x_wconf 87' lang='lat' dir='ltr'><strong>PRIMUM</strong></span> 
     </span>
    </p>
   </div>
   <div class='ocr_carea' id='block_1_2' title="bbox 193 381 1241 990">
    <p class='ocr_par' dir='ltr' id='par_1_2' title="bbox 193 381 1241 990">
     <span class='ocr_line' id='line_1_2' title="bbox 235 381 1237 461; baseline -0.008 -17"><span class='ocrx_word' id='word_1_6' title='bbox 235 409 274 444; x_wconf 85' lang='lat' dir='ltr'>rt.</span> <span class='ocrx_word' id='word_1_7' title='bbox 295 391 376 442; x_wconf 84' lang='lat' dir='ltr'>Hunc</span> <span class='ocrx_word' id='word_1_8' title='bbox 390 406 473 461; x_wconf 83' lang='lat' dir='ltr'>neque</span> <span class='ocrx_word' id='word_1_9' title='bbox 486 383 593 438; x_wconf 75' lang='lat' dir='ltr'><em>discissis</em></span> <span class='ocrx_word' id='word_1_10' title='bbox 606 384 743 456; x_wconf 84' lang='lat' dir='ltr'>coepisseut.</span> <span class='ocrx_word' id='word_1_11' title='bbox 757 381 858 436; x_wconf 79' lang='lat' dir='ltr'>Alludit</span> <span class='ocrx_word' id='word_1_12' title='bbox 871 383 904 436; x_wconf 89' lang='lat' dir='ltr'>ad</span> <span class='ocrx_word' id='word_1_13' title='bbox 918 382 1008 437; x_wconf 89' lang='lat' dir='ltr'>locum</span> <span class='ocrx_word' id='word_1_14' title='bbox 1020 384 1123 458; x_wconf 67' lang='lat' dir='ltr'>Virgilii</span> <span class='ocrx_word' id='word_1_15' title='bbox 1133 385 1237 442; x_wconf 80' lang='lat' dir='ltr'>AEneid.</span> 
     </span>
     <span class='ocr_line' id='line_1_3' title="bbox 195 467 586 538; baseline -0.028 -14"><span class='ocrx_word' id='word_1_16' title='bbox 195 475 231 538; x_wconf 87' lang='grc' dir='ltr'>Π,</span> <span class='ocrx_word' id='word_1_17' title='bbox 247 470 310 537; x_wconf 66' lang='lat' dir='ltr'>abd,</span> <span class='ocrx_word' id='word_1_18' title='bbox 325 468 359 522; x_wconf 90' lang='lat' dir='ltr'>de</span> <span class='ocrx_word' id='word_1_19' title='bbox 374 485 444 538; x_wconf 88' lang='lat' dir='ltr'>equo</span> <span class='ocrx_word' id='word_1_20' title='bbox 456 467 586 534; x_wconf 85' lang='lat' dir='ltr'>Trojano:</span> 
     </span>
     <span class='ocr_line' id='line_1_4' title="bbox 378 556 951 619; baseline -0.002 -13"><span class='ocrx_word' id='word_1_21' title='bbox 378 559 508 606; x_wconf 72' lang='lat' dir='ltr'>Dividimus</span> <span class='ocrx_word' id='word_1_22' title='bbox 517 571 596 603; x_wconf 90' lang='lat' dir='ltr'>muros</span> <span class='ocrx_word' id='word_1_23' title='bbox 602 593 610 616; x_wconf 91' lang='lat'>‚</span> <span class='ocrx_word' id='word_1_24' title='bbox 620 568 643 602; x_wconf 88' lang='lat' dir='ltr'>et</span> <span class='ocrx_word' id='word_1_25' title='bbox 653 556 864 619; x_wconf 74' lang='lat' dir='ltr'>meniapmdtmus</span> <span class='ocrx_word' id='word_1_26' title='bbox 874 559 951 605; x_wconf 84' lang='lat' dir='ltr'>urhis:</span> 
     </span>
     <span class='ocr_line' id='line_1_5' title="bbox 194 646 945 726; baseline -0.011 -20"><span class='ocrx_word' id='word_1_27' title='bbox 194 672 246 726; x_wconf 89' lang='lat' dir='ltr'>quo</span> <span class='ocrx_word' id='word_1_28' title='bbox 257 651 413 716; x_wconf 81' lang='lat' dir='ltr'>observato,</span> <span class='ocrx_word' id='word_1_29' title='bbox 425 646 550 716; x_wconf 76' lang='lat' dir='ltr'>colligere</span> <span class='ocrx_word' id='word_1_30' title='bbox 559 658 637 715; x_wconf 82' lang='lat' dir='ltr'>potes</span> <span class='ocrx_word' id='word_1_31' title='bbox 648 647 759 698; x_wconf 77' lang='lat' dir='ltr'>Statium</span> <span class='ocrx_word' id='word_1_32' title='bbox 770 648 919 717; x_wconf 75' lang='lat' dir='ltr'>scripsisse:</span> <span class='ocrx_word' id='word_1_33' title='bbox 943 675 945 680; x_wconf 96' lang='lat'>·</span> 
     </span>
     <span class='ocr_line' id='line_1_6' title="bbox 382 745 969 808; baseline 0 -16"><span class='ocrx_word' id='word_1_34' title='bbox 382 749 450 792; x_wconf 86' lang='lat' dir='ltr'>llunc</span> <span class='ocrx_word' id='word_1_35' title='bbox 460 760 536 808; x_wconf 84' lang='lat' dir='ltr'>neque</span> <span class='ocrx_word' id='word_1_36' title='bbox 547 745 622 790; x_wconf 70' lang='lat' dir='ltr'>diuisis</span> <span class='ocrx_word' id='word_1_37' title='bbox 631 746 754 807; x_wconf 86' lang='lat' dir='ltr'>coepisseut</span> <span class='ocrx_word' id='word_1_38' title='bbox 763 745 872 808; x_wconf 72' lang='lat' dir='ltr'>Pergama</span> <span class='ocrx_word' id='word_1_39' title='bbox 883 746 969 792; x_wconf 89' lang='lat' dir='ltr'>muris:</span> 
     </span>
     <span class='ocr_line' id='line_1_7' title="bbox 195 831 1241 910; baseline -0.003 -15"><span class='ocrx_word' id='word_1_40' title='bbox 195 861 250 894; x_wconf 91' lang='lat' dir='ltr'>non</span> <span class='ocrx_word' id='word_1_41' title='bbox 264 838 368 893; x_wconf 85' lang='lat' dir='ltr'>discissis</span> <span class='ocrx_word' id='word_1_42' title='bbox 373 859 383 900; x_wconf 89' lang='lat'>,·</span> <span class='ocrx_word' id='word_1_43' title='bbox 398 855 454 907; x_wconf 84' lang='lat' dir='ltr'>quse</span> <span class='ocrx_word' id='word_1_44' title='bbox 470 837 549 887; x_wconf 84' lang='lat' dir='ltr'>etiam</span> <span class='ocrx_word' id='word_1_45' title='bbox 560 852 612 884; x_wconf 87' lang='lat' dir='ltr'>vox</span> <span class='ocrx_word' id='word_1_46' title='bbox 626 834 660 885; x_wconf 93' lang='lat' dir='ltr'>oh</span> <span class='ocrx_word' id='word_1_47' title='bbox 673 831 778 885; x_wconf 75' lang='lat' dir='ltr'>sibilum</span> <span class='ocrx_word' id='word_1_48' title='bbox 791 847 816 885; x_wconf 86' lang='lat' dir='ltr'>et</span> <span class='ocrx_word' id='word_1_49' title='bbox 832 831 989 900; x_wconf 60' lang='lat' dir='ltr'>supersessis</span> <span class='ocrx_word' id='word_1_50' title='bbox 1005 835 1113 890; x_wconf 82' lang='lat' dir='ltr'>susibus</span> <span class='ocrx_word' id='word_1_51' title='bbox 1129 841 1241 910; x_wconf 84' lang='lat' dir='ltr'>poeticis</span> 
     </span>
     <span class='ocr_line' id='line_1_8' title="bbox 193 913 1241 990; baseline -0.002 -17"><span class='ocrx_word' id='word_1_52' title='bbox 193 923 287 974; x_wconf 86' lang='lat' dir='ltr'>merito</span> <span class='ocrx_word' id='word_1_53' title='bbox 297 914 456 990; x_wconf 77' lang='lat' dir='ltr'>displicebit.</span> <span class='ocrx_word' id='word_1_54' title='bbox 471 913 531 965; x_wconf 89' lang='lat' dir='ltr'>Seu.</span> <span class='ocrx_word' id='word_1_55' title='bbox 545 913 605 964; x_wconf 85' lang='lat' dir='ltr'>Net.</span> <span class='ocrx_word' id='word_1_56' title='bbox 618 913 773 980; x_wconf 75' lang='lat' dir='ltr'>Questvl,</span> <span class='ocrx_word' id='word_1_57' title='bbox 788 931 810 980; x_wconf 87' lang='lat' dir='ltr'>r,</span> <span class='ocrx_word' id='word_1_58' title='bbox 819 913 853 965; x_wconf 88' lang='lat' dir='ltr'>de</span> <span class='ocrx_word' id='word_1_59' title='bbox 863 927 937 966; x_wconf 74' lang='lat' dir='ltr'>terre</span> <span class='ocrx_word' id='word_1_60' title='bbox 948 927 1022 967; x_wconf 87' lang='lat' dir='ltr'>motu</span> <span class='ocrx_word' id='word_1_61' title='bbox 1032 918 1077 988; x_wconf 84' lang='lat' dir='ltr'>qni</span> <span class='ocrx_word' id='word_1_62' title='bbox 1086 918 1241 990; x_wconf 87' lang='lat' dir='ltr'>Pompeios,</span> 
     </span>
    </p>
   </div>
   <div class='ocr_carea' id='block_1_3' title="bbox 192 991 1243 1153">
    <p class='ocr_par' dir='ltr' id='par_1_3' title="bbox 192 991 1243 1153">
     <span class='ocr_line' id='line_1_9' title="bbox 193 991 1243 1074; baseline -0.003 -21"><span class='ocrx_word' id='word_1_63' title='bbox 193 1000 344 1072; x_wconf 85' lang='lat' dir='ltr'>Campanise</span> <span class='ocrx_word' id='word_1_64' title='bbox 358 995 467 1059; x_wconf 87' lang='lat' dir='ltr'>urbem,</span> <span class='ocrx_word' id='word_1_65' title='bbox 481 991 673 1074; x_wconf 70' lang='lat' dir='ltr'>pessumdedit</span> <span class='ocrx_word' id='word_1_66' title='bbox 687 1014 694 1044; x_wconf 80' lang='lat' dir='ltr'>s</span> <span class='ocrx_word' id='word_1_67' title='bbox 716 991 872 1064; x_wconf 71' lang='lat' dir='ltr'>uAdjiciunt</span> <span class='ocrx_word' id='word_1_68' title='bbox 892 993 933 1046; x_wconf 90' lang='lat' dir='ltr'>hie</span> <span class='ocrx_word' id='word_1_69' title='bbox 956 1008 1136 1049; x_wconf 83' lang='lat' dir='ltr'>sexcentarum</span> <span class='ocrx_word' id='word_1_70' title='bbox 1152 1001 1243 1050; x_wconf 79' lang='lat' dir='ltr'>ovium</span> 
     </span>
     <span class='ocr_line' id='line_1_10' title="bbox 192 1073 1242 1153; baseline -0.004 -21"><span class='ocrx_word' id='word_1_71' title='bbox 192 1097 299 1153; x_wconf 75' lang='lat' dir='ltr'>gregem</span> <span class='ocrx_word' id='word_1_72' title='bbox 311 1077 500 1138; x_wconf 87' lang='lat' dir='ltr'>exanimatum,</span> <span class='ocrx_word' id='word_1_73' title='bbox 511 1087 536 1124; x_wconf 88' lang='lat' dir='ltr'>et</span> <span class='ocrx_word' id='word_1_74' title='bbox 549 1073 641 1124; x_wconf 85' lang='lat' dir='ltr'>divisas</span> <span class='ocrx_word' id='word_1_75' title='bbox 655 1085 791 1135; x_wconf 77' lang='lat' dir='ltr'>statnes3v</span> <span class='ocrx_word' id='word_1_76' title='bbox 806 1084 832 1124; x_wconf 88' lang='lat' dir='ltr'>et</span> <span class='ocrx_word' id='word_1_77' title='bbox 843 1091 902 1144; x_wconf 79' lang='lat' dir='ltr'>cop.</span> <span class='ocrx_word' id='word_1_78' title='bbox 921 1092 969 1144; x_wconf 84' lang='lat'>29:</span> <span class='ocrx_word' id='word_1_79' title='bbox 984 1073 1121 1128; x_wconf 83' lang='lat' dir='ltr'>·Statuem</span> <span class='ocrx_word' id='word_1_80' title='bbox 1133 1077 1242 1130; x_wconf 83' lang='lat' dir='ltr'>divisam</span> 
     </span>
    </p>
   </div>
   <div class='ocr_carea' id='block_1_4' title="bbox 108 1150 1243 1226">
    <p class='ocr_par' dir='ltr' id='par_1_4' title="bbox 108 1150 1243 1226">
     <span class='ocr_line' id='line_1_11' title="bbox 108 1150 1243 1226; baseline 0.003 -20"><span class='ocrx_word' id='word_1_81' title='bbox 108 1201 110 1206; x_wconf 84' lang='lat'>.</span> <span class='ocrx_word' id='word_1_82' title='bbox 193 1178 248 1211; x_wconf 91' lang='lat' dir='ltr'>non</span> <span class='ocrx_word' id='word_1_83' title='bbox 258 1159 354 1221; x_wconf 89' lang='lat' dir='ltr'>miror,</span> <span class='ocrx_word' id='word_1_84' title='bbox 368 1169 450 1224; x_wconf 88' lang='lat' dir='ltr'>quum</span> <span class='ocrx_word' id='word_1_85' title='bbox 460 1150 570 1204; x_wconf 82' lang='lat' dir='ltr'>dixerim</span> <span class='ocrx_word' id='word_1_86' title='bbox 581 1163 685 1203; x_wconf 86' lang='lat' dir='ltr'>montes</span> <span class='ocrx_word' id='word_1_87' title='bbox 698 1169 713 1202; x_wconf 84' lang='lat' dir='ltr'>e</span> <span class='ocrx_word' id='word_1_88' title='bbox 726 1150 860 1203; x_wconf 87' lang='lat' dir='ltr'>montibus</span> <span class='ocrx_word' id='word_1_89' title='bbox 870 1155 1023 1220; x_wconf 77' lang='lat' dir='ltr'>recessisse,</span> <span class='ocrx_word' id='word_1_90' title='bbox 1035 1167 1062 1206; x_wconf 87' lang='lat' dir='ltr'>et</span> <span class='ocrx_word' id='word_1_91' title='bbox 1071 1159 1156 1226; x_wconf 87' lang='lat' dir='ltr'>ipsum</span> <span class='ocrx_word' id='word_1_92' title='bbox 1167 1155 1243 1209; x_wconf 88' lang='lat' dir='ltr'>diru-</span> 
     </span>
    </p>
   </div>
   <div class='ocr_carea' id='block_1_5' title="bbox 193 1229 1245 1787">
    <p class='ocr_par' dir='ltr' id='par_1_5' title="bbox 193 1229 1245 1697">
     <span class='ocr_line' id='line_1_12' title="bbox 193 1229 1240 1310; baseline -0.001 -21"><span class='ocrx_word' id='word_1_93' title='bbox 193 1253 270 1310; x_wconf 90' lang='lat' dir='ltr'>ptum</span> <span class='ocrx_word' id='word_1_94' title='bbox 281 1253 337 1288; x_wconf 88' lang='lat' dir='ltr'>esse</span> <span class='ocrx_word' id='word_1_95' title='bbox 353 1231 387 1284; x_wconf 83' lang='lat' dir='ltr'>sb</span> <span class='ocrx_word' id='word_1_96' title='bbox 404 1229 587 1282; x_wconf 75' lang='lat' dir='ltr'>luceolum.»</span> <span class='ocrx_word' id='word_1_97' title='bbox 605 1229 708 1296; x_wconf 82' lang='lat' dir='ltr'>Quibus</span> <span class='ocrx_word' id='word_1_98' title='bbox 723 1229 789 1283; x_wconf 86' lang='lat' dir='ltr'>locis</span> <span class='ocrx_word' id='word_1_99' title='bbox 801 1250 851 1303; x_wconf 88' lang='lat' dir='ltr'>pro</span> <span class='ocrx_word' id='word_1_100' title='bbox 864 1231 957 1286; x_wconf 73' lang='lat' dir='ltr'>dissuas</span> <span class='ocrx_word' id='word_1_101' title='bbox 971 1249 996 1286; x_wconf 90' lang='lat' dir='ltr'>et</span> <span class='ocrx_word' id='word_1_102' title='bbox 1010 1234 1117 1288; x_wconf 83' lang='lat' dir='ltr'>divisam</span> <span class='ocrx_word' id='word_1_103' title='bbox 1131 1237 1240 1289; x_wconf 86' lang='lat' dir='ltr'>Grono-</span> 
     </span>
     <span class='ocr_line' id='line_1_13' title="bbox 193 1307 1244 1388; baseline -0.002 -19"><span class='ocrx_word' id='word_1_104' title='bbox 193 1319 251 1370; x_wconf 88' lang='lat' dir='ltr'>vius</span> <span class='ocrx_word' id='word_1_105' title='bbox 261 1315 369 1384; x_wconf 83' lang='lat' dir='ltr'>conjicit</span> <span class='ocrx_word' id='word_1_106' title='bbox 377 1307 488 1382; x_wconf 75' lang='lat' dir='ltr'>diffissus</span> <span class='ocrx_word' id='word_1_107' title='bbox 498 1324 523 1363; x_wconf 85' lang='lat' dir='ltr'>et</span> <span class='ocrx_word' id='word_1_108' title='bbox 535 1307 675 1382; x_wconf 76' lang='lat' dir='ltr'>diffluum,</span> <span class='ocrx_word' id='word_1_109' title='bbox 689 1323 718 1360; x_wconf 90' lang='lat' dir='ltr'>ut</span> <span class='ocrx_word' id='word_1_110' title='bbox 730 1309 803 1382; x_wconf 91' lang='lat' dir='ltr'>apud</span> <span class='ocrx_word' id='word_1_111' title='bbox 812 1311 949 1363; x_wconf 72' lang='lat' dir='ltr'>Horatium</span> <span class='ocrx_word' id='word_1_112' title='bbox 959 1311 1057 1385; x_wconf 80' lang='lat' dir='ltr'>diffissa</span> <span class='ocrx_word' id='word_1_113' title='bbox 1068 1327 1122 1367; x_wconf 85' lang='lat' dir='ltr'>rate</span> <span class='ocrx_word' id='word_1_114' title='bbox 1132 1315 1244 1388; x_wconf 88' lang='lat' dir='ltr'>(soluit,</span> 
     </span>
     <span class='ocr_line' id='line_1_14' title="bbox 195 1387 1245 1469; baseline -0.003 -21"><span class='ocrx_word' id='word_1_115' title='bbox 195 1399 300 1469; x_wconf 88' lang='lat' dir='ltr'>opinor,</span> <span class='ocrx_word' id='word_1_116' title='bbox 308 1389 408 1466; x_wconf 75' lang='lat' dir='ltr'>dsffisse</span> <span class='ocrx_word' id='word_1_117' title='bbox 419 1402 494 1451; x_wconf 84' lang='lat' dir='ltr'>note,·</span> <span class='ocrx_word' id='word_1_118' title='bbox 513 1387 760 1457; x_wconf 74' lang='lat' dir='ltr'>solemnissimi,</span> <span class='ocrx_word' id='word_1_119' title='bbox 773 1391 805 1456; x_wconf 88' lang='lat'>8,</span> <span class='ocrx_word' id='word_1_120' title='bbox 818 1410 842 1443; x_wconf 80' lang='lat' dir='ltr'>v.</span> <span class='ocrx_word' id='word_1_121' title='bbox 857 1391 900 1460; x_wconf 72' lang='grc'>47,</span> <span class='ocrx_word' id='word_1_122' title='bbox 914 1390 1011 1464; x_wconf 64' lang='lat' dir='ltr'>deffere</span> <span class='ocrx_word' id='word_1_123' title='bbox 1025 1391 1179 1466; x_wconf 77' lang='lat' dir='ltr'>natsfinu).</span> <span class='ocrx_word' id='word_1_124' title='bbox 1191 1394 1245 1447; x_wconf 85' lang='lat' dir='ltr'>Sed</span> 
     </span>
     <span class='ocr_line' id='line_1_15' title="bbox 194 1467 1244 1546; baseline -0.001 -18"><span class='ocrx_word' id='word_1_125' title='bbox 194 1495 250 1529; x_wconf 90' lang='lat' dir='ltr'>uon</span> <span class='ocrx_word' id='word_1_126' title='bbox 262 1491 329 1546; x_wconf 87' lang='lat' dir='ltr'>opus</span> <span class='ocrx_word' id='word_1_127' title='bbox 341 1485 398 1523; x_wconf 84' lang='lat' dir='ltr'>ests</span> <span class='ocrx_word' id='word_1_128' title='bbox 413 1486 487 1539; x_wconf 81' lang='lat' dir='ltr'>seque</span> <span class='ocrx_word' id='word_1_129' title='bbox 499 1471 569 1520; x_wconf 89' lang='lat' dir='ltr'>enirn</span> <span class='ocrx_word' id='word_1_130' title='bbox 580 1467 695 1540; x_wconf 87' lang='lat' dir='ltr'>probum</span> <span class='ocrx_word' id='word_1_131' title='bbox 707 1467 814 1535; x_wconf 87' lang='lat' dir='ltr'>divisas,</span> <span class='ocrx_word' id='word_1_132' title='bbox 828 1468 922 1521; x_wconf 90' lang='lat' dir='ltr'>eodem</span> <span class='ocrx_word' id='word_1_133' title='bbox 934 1489 1022 1523; x_wconf 84' lang='lat' dir='ltr'>seusu.</span> <span class='ocrx_word' id='word_1_134' title='bbox 1034 1471 1106 1525; x_wconf 85' lang='lat' dir='ltr'>Idem</span> <span class='ocrx_word' id='word_1_135' title='bbox 1117 1475 1244 1527; x_wconf 82' lang='lat' dir='ltr'>Horatius</span> 
     </span>
     <span class='ocr_line' id='line_1_16' title="bbox 194 1546 1241 1621; baseline -0.007 -14"><span class='ocrx_word' id='word_1_136' title='bbox 194 1556 275 1608; x_wconf 89' lang='lat' dir='ltr'>Serm.</span> <span class='ocrx_word' id='word_1_137' title='bbox 290 1558 316 1621; x_wconf 82' lang='grc' dir='ltr'>Ι,</span> <span class='ocrx_word' id='word_1_138' title='bbox 334 1570 362 1618; x_wconf 86' lang='grc' dir='ltr'>ι,</span> <span class='ocrx_word' id='word_1_139' title='bbox 379 1566 426 1602; x_wconf 89' lang='lat' dir='ltr'>too</span> <span class='ocrx_word' id='word_1_140' title='bbox 442 1571 449 1599; x_wconf 79' lang='lat' dir='ltr'>r</span> <span class='ocrx_word' id='word_1_141' title='bbox 468 1569 479 1593; x_wconf 80' lang='grc' dir='ltr'>ι</span> <span class='ocrx_word' id='word_1_142' title='bbox 491 1587 564 1601; x_wconf 91' lang='grc'><strong><em>.....</em></strong></span> <span class='ocrx_word' id='word_1_143' title='bbox 573 1561 600 1601; x_wconf 81' lang='lat' dir='ltr'>et</span> <span class='ocrx_word' id='word_1_144' title='bbox 617 1546 689 1599; x_wconf 90' lang='lat' dir='ltr'>hunc</span> <span class='ocrx_word' id='word_1_145' title='bbox 703 1547 800 1602; x_wconf 81' lang='lat' dir='ltr'>liberte</span> <span class='ocrx_word' id='word_1_146' title='bbox 813 1551 899 1602; x_wconf 86' lang='lat' dir='ltr'>securi</span> <span class='ocrx_word' id='word_1_147' title='bbox 913 1551 1006 1603; x_wconf 83' lang='lat' dir='ltr'>Diuisit</span> <span class='ocrx_word' id='word_1_148' title='bbox 1019 1551 1134 1605; x_wconf 87' lang='lat' dir='ltr'>medium</span> <span class='ocrx_word' id='word_1_149' title='bbox 1143 1591 1217 1605; x_wconf 87' lang='grc'><em>.....</em></span> <span class='ocrx_word' id='word_1_150' title='bbox 1229 1574 1241 1600; x_wconf 75' lang='lat' dir='ltr'>e</span> 
     </span>
     <span class='ocr_line' id='line_1_17' title="bbox 195 1629 515 1697; baseline -0.028 -10"><span class='ocrx_word' id='word_1_151' title='bbox 195 1633 274 1688; x_wconf 81' lang='lat' dir='ltr'>Silius</span> <span class='ocrx_word' id='word_1_152' title='bbox 284 1631 405 1695; x_wconf 84' lang='lat' dir='ltr'>Italicus,</span> <span class='ocrx_word' id='word_1_153' title='bbox 417 1629 454 1694; x_wconf 91' lang='lat' dir='ltr'>ll,</span> <span class='ocrx_word' id='word_1_154' title='bbox 465 1629 515 1697; x_wconf 76' lang='lat'>96:</span> 
     </span>
    </p>

    <p class='ocr_par' dir='ltr' id='par_1_6' title="bbox 227 1719 867 1787">
     <span class='ocr_line' id='line_1_18' title="bbox 227 1719 867 1787; baseline 0 -14"><span class='ocrx_word' id='word_1_155' title='bbox 227 1719 233 1740; x_wconf 83' lang='grc'><em>’</em></span> <span class='ocrx_word' id='word_1_156' title='bbox 380 1727 421 1773; x_wconf 85' lang='lat' dir='ltr'>llle</span> <span class='ocrx_word' id='word_1_157' title='bbox 431 1740 510 1786; x_wconf 68' lang='lat' dir='ltr'>vegam</span> <span class='ocrx_word' id='word_1_158' title='bbox 520 1723 575 1770; x_wconf 73' lang='lat' dir='ltr'>celo</span> <span class='ocrx_word' id='word_1_159' title='bbox 586 1723 663 1770; x_wconf 87' lang='lat' dir='ltr'>divisis</span> <span class='ocrx_word' id='word_1_160' title='bbox 670 1739 730 1787; x_wconf 71' lang='lat' dir='ltr'>sepe</span> <span class='ocrx_word' id='word_1_161' title='bbox 740 1724 867 1774; x_wconf 87' lang='lat' dir='ltr'>volucrem.</span> 
     </span>
    </p>
   </div>
   <div class='ocr_carea' id='block_1_6' title="bbox 195 1815 1248 2528">
    <p class='ocr_par' dir='ltr' id='par_1_7' title="bbox 195 1815 1248 2528">
     <span class='ocr_line' id='line_1_19' title="bbox 196 1815 1242 1887; baseline 0 -13"><span class='ocrx_word' id='word_1_162' title='bbox 196 1824 305 1887; x_wconf 79' lang='lat' dir='ltr'>Noster,</span> <span class='ocrx_word' id='word_1_163' title='bbox 317 1818 419 1870; x_wconf 85' lang='lat' dir='ltr'>Tiburs.</span> <span class='ocrx_word' id='word_1_164' title='bbox 435 1816 541 1881; x_wconf 87' lang='lat' dir='ltr'>Manlii,</span> <span class='ocrx_word' id='word_1_165' title='bbox 559 1833 582 1865; x_wconf 87' lang='lat' dir='ltr'>v.</span> <span class='ocrx_word' id='word_1_166' title='bbox 596 1815 644 1880; x_wconf 68' lang='lat' dir='ltr'>ads</span> <span class='ocrx_word' id='word_1_167' title='bbox 660 1836 797 1870; x_wconf 76' lang='lat' dir='ltr'>r....nec</span> <span class='ocrx_word' id='word_1_168' title='bbox 811 1831 837 1869; x_wconf 91' lang='lat' dir='ltr'>te</span> <span class='ocrx_word' id='word_1_169' title='bbox 850 1818 1002 1870; x_wconf 86' lang='lat' dir='ltr'>mitissimus</span> <span class='ocrx_word' id='word_1_170' title='bbox 1016 1821 1098 1872; x_wconf 88' lang='lat' dir='ltr'>amnis</span> <span class='ocrx_word' id='word_1_171' title='bbox 1111 1820 1217 1873; x_wconf 84' lang='lat' dir='ltr'>Dividit.</span> <span class='ocrx_word' id='word_1_172' title='bbox 1231 1845 1242 1868; x_wconf 76' lang='grc' dir='ltr'>ι</span> 
     </span>
     <span class='ocr_line' id='line_1_20' title="bbox 196 1894 1246 1971; baseline -0.002 -17"><span class='ocrx_word' id='word_1_173' title='bbox 196 1903 286 1954; x_wconf 87' lang='lat' dir='ltr'>Potuit</span> <span class='ocrx_word' id='word_1_174' title='bbox 297 1897 402 1970; x_wconf 88' lang='lat' dir='ltr'>quidem</span> <span class='ocrx_word' id='word_1_175' title='bbox 415 1896 499 1948; x_wconf 83' lang='lat' dir='ltr'>divisa</span> <span class='ocrx_word' id='word_1_176' title='bbox 510 1905 572 1946; x_wconf 75' lang='lat' dir='ltr'>nate</span> <span class='ocrx_word' id='word_1_177' title='bbox 583 1894 671 1948; x_wconf 87' lang='lat' dir='ltr'>dicere</span> <span class='ocrx_word' id='word_1_178' title='bbox 682 1899 821 1961; x_wconf 55' lang='lat' dir='ltr'>Horatium</span> <span class='ocrx_word' id='word_1_179' title='bbox 834 1897 880 1950; x_wconf 91' lang='lat' dir='ltr'>sed</span> <span class='ocrx_word' id='word_1_180' title='bbox 892 1897 978 1949; x_wconf 89' lang='lat' dir='ltr'>noluit</span> <span class='ocrx_word' id='word_1_181' title='bbox 990 1913 1101 1970; x_wconf 86' lang='lat' dir='ltr'>propter</span> <span class='ocrx_word' id='word_1_182' title='bbox 1110 1897 1138 1952; x_wconf 75' lang='lat' dir='ltr'>ei</span> <span class='ocrx_word' id='word_1_183' title='bbox 1152 1899 1246 1971; x_wconf 64' lang='lat' dir='ltr'>eiszpls</span> 
     </span>
     <span class='ocr_line' id='line_1_21' title="bbox 196 1973 1245 2052; baseline 0.001 -21"><span class='ocrx_word' id='word_1_184' title='bbox 196 1979 271 2052; x_wconf 87' lang='lat' dir='ltr'>quod</span> <span class='ocrx_word' id='word_1_185' title='bbox 284 1979 345 2029; x_wconf 89' lang='lat' dir='ltr'>huic</span> <span class='ocrx_word' id='word_1_186' title='bbox 361 1977 420 2028; x_wconf 89' lang='lat' dir='ltr'>voci</span> <span class='ocrx_word' id='word_1_187' title='bbox 437 1973 545 2028; x_wconf 80' lang='lat' dir='ltr'>subesse</span> <span class='ocrx_word' id='word_1_188' title='bbox 558 1989 660 2046; x_wconf 74' lang='lat' dir='ltr'>norunt</span> <span class='ocrx_word' id='word_1_189' title='bbox 680 1977 785 2029; x_wconf 90' lang='lat' dir='ltr'>eruditi.</span> <span class='ocrx_word' id='word_1_190' title='bbox 800 1978 865 2044; x_wconf 77' lang='lat' dir='ltr'>Qun</span> <span class='ocrx_word' id='word_1_191' title='bbox 879 1991 1026 2051; x_wconf 87' lang='lat' dir='ltr'>sequuntur</span> <span class='ocrx_word' id='word_1_192' title='bbox 1038 1979 1108 2049; x_wconf 88' lang='lat' dir='ltr'>apud</span> <span class='ocrx_word' id='word_1_193' title='bbox 1121 1983 1245 2034; x_wconf 77' lang='lat' dir='ltr'>Statium:</span> 
     </span>
     <span class='ocr_line' id='line_1_22' title="bbox 195 2055 1247 2135; baseline 0.004 -26"><span class='ocrx_word' id='word_1_194' title='bbox 195 2062 252 2114; x_wconf 86' lang='lat' dir='ltr'>Nec</span> <span class='ocrx_word' id='word_1_195' title='bbox 261 2076 338 2135; x_wconf 58' lang='grc' dir='ltr'>φηςι</span> <span class='ocrx_word' id='word_1_196' title='bbox 347 2056 487 2127; x_wconf 83' lang='lat' dir='ltr'>permixto,</span> <span class='ocrx_word' id='word_1_197' title='bbox 500 2068 560 2120; x_wconf 78' lang='lat' dir='ltr'>etc,</span> <span class='ocrx_word' id='word_1_198' title='bbox 570 2073 601 2105; x_wconf 85' lang='lat' dir='ltr'>ex</span> <span class='ocrx_word' id='word_1_199' title='bbox 613 2055 707 2107; x_wconf 90' lang='lat' dir='ltr'>eodem</span> <span class='ocrx_word' id='word_1_200' title='bbox 720 2058 790 2126; x_wconf 72' lang='lat' dir='ltr'>Virg.</span> <span class='ocrx_word' id='word_1_201' title='bbox 803 2057 863 2108; x_wconf 91' lang='lat' dir='ltr'>loco</span> <span class='ocrx_word' id='word_1_202' title='bbox 874 2059 909 2124; x_wconf 87' lang='lat' dir='ltr'>ll,</span> <span class='ocrx_word' id='word_1_203' title='bbox 925 2057 985 2123; x_wconf 81' lang='lat'>238,</span> <span class='ocrx_word' id='word_1_204' title='bbox 996 2071 1101 2130; x_wconf 89' lang='lat' dir='ltr'>sumpta</span> <span class='ocrx_word' id='word_1_205' title='bbox 1113 2075 1183 2112; x_wconf 88' lang='lat' dir='ltr'>sunt.</span> <span class='ocrx_word' id='word_1_206' title='bbox 1195 2059 1247 2112; x_wconf 89' lang='lat' dir='ltr'>Sed</span> 
     </span>
     <span class='ocr_line' id='line_1_23' title="bbox 198 2134 1247 2213; baseline 0.001 -22"><span class='ocrx_word' id='word_1_207' title='bbox 198 2138 263 2213; x_wconf 91' lang='lat' dir='ltr'>quid</span> <span class='ocrx_word' id='word_1_208' title='bbox 279 2150 318 2190; x_wconf 88' lang='lat' dir='ltr'>est</span> <span class='ocrx_word' id='word_1_209' title='bbox 333 2134 405 2190; x_wconf 87' lang='lat' dir='ltr'>istud</span> <span class='ocrx_word' id='word_1_210' title='bbox 424 2134 573 2207; x_wconf 74' lang='lat' dir='ltr'>cepissent?</span> <span class='ocrx_word' id='word_1_211' title='bbox 592 2148 712 2206; x_wconf 84' lang='lat' dir='ltr'>putarem</span> <span class='ocrx_word' id='word_1_212' title='bbox 731 2150 845 2189; x_wconf 86' lang='lat' dir='ltr'>erratum</span> <span class='ocrx_word' id='word_1_213' title='bbox 862 2155 918 2189; x_wconf 85' lang='lat' dir='ltr'>esse</span> <span class='ocrx_word' id='word_1_214' title='bbox 936 2138 1176 2209; x_wconf 72' lang='lat' dir='ltr'>typographorum,</span> <span class='ocrx_word' id='word_1_215' title='bbox 1196 2141 1247 2193; x_wconf 87' lang='lat' dir='ltr'>ulei</span> 
     </span>
     <span class='ocr_line' id='line_1_24' title="bbox 199 2212 1246 2291; baseline 0.002 -22"><span class='ocrx_word' id='word_1_216' title='bbox 199 2217 272 2291; x_wconf 89' lang='lat' dir='ltr'>quod</span> <span class='ocrx_word' id='word_1_217' title='bbox 285 2219 320 2268; x_wconf 86' lang='lat' dir='ltr'>ite</span> <span class='ocrx_word' id='word_1_218' title='bbox 335 2227 486 2268; x_wconf 88' lang='lat' dir='ltr'>constanter</span> <span class='ocrx_word' id='word_1_219' title='bbox 501 2212 628 2266; x_wconf 88' lang='lat' dir='ltr'>editiones</span> <span class='ocrx_word' id='word_1_220' title='bbox 644 2214 776 2266; x_wconf 81' lang='lat' dir='ltr'>exhibent.</span> <span class='ocrx_word' id='word_1_221' title='bbox 796 2217 866 2286; x_wconf 73' lang='lat' dir='ltr'>Lege</span> <span class='ocrx_word' id='word_1_222' title='bbox 878 2215 999 2287; x_wconf 80' lang='lat' dir='ltr'>cepissent</span> <span class='ocrx_word' id='word_1_223' title='bbox 1012 2215 1155 2290; x_wconf 72' lang='lat' dir='ltr'>Perqcsmu.¹</span> <span class='ocrx_word' id='word_1_224' title='bbox 1166 2221 1246 2288; x_wconf 82' lang='lat' dir='ltr'>Troja</span> 
     </span>
     <span class='ocr_line' id='line_1_25' title="bbox 198 2291 1248 2368; baseline 0.001 -20"><span class='ocrx_word' id='word_1_225' title='bbox 198 2314 253 2348; x_wconf 91' lang='lat' dir='ltr'>non</span> <span class='ocrx_word' id='word_1_226' title='bbox 269 2296 330 2346; x_wconf 84' lang='lat' dir='ltr'>setis</span> <span class='ocrx_word' id='word_1_227' title='bbox 345 2292 431 2364; x_wconf 82' lang='lat' dir='ltr'>ample</span> <span class='ocrx_word' id='word_1_228' title='bbox 444 2293 538 2344; x_wconf 84' lang='lat' dir='ltr'>fuisset</span> <span class='ocrx_word' id='word_1_229' title='bbox 550 2291 621 2344; x_wconf 90' lang='lat' dir='ltr'>huuc</span> <span class='ocrx_word' id='word_1_230' title='bbox 632 2311 729 2364; x_wconf 87' lang='lat' dir='ltr'>equum</span> <span class='ocrx_word' id='word_1_231' title='bbox 740 2311 850 2364; x_wconf 85' lang='lat' dir='ltr'>cepere,</span> <span class='ocrx_word' id='word_1_232' title='bbox 861 2295 943 2346; x_wconf 86' lang='lat' dir='ltr'>muris</span> <span class='ocrx_word' id='word_1_233' title='bbox 953 2293 1050 2347; x_wconf 82' lang='lat' dir='ltr'>divisis.</span> <span class='ocrx_word' id='word_1_234' title='bbox 1063 2297 1130 2348; x_wconf 86' lang='lat' dir='ltr'>Setis</span> <span class='ocrx_word' id='word_1_235' title='bbox 1141 2297 1248 2368; x_wconf 89' lang='lat' dir='ltr'>quidem</span> 
     </span>
     <span class='ocr_line' id='line_1_26' title="bbox 199 2370 1248 2447; baseline 0 -21"><span class='ocrx_word' id='word_1_236' title='bbox 199 2372 369 2447; x_wconf 67' lang='lat' dir='ltr'>hyperbolice</span> <span class='ocrx_word' id='word_1_237' title='bbox 383 2395 388 2423; x_wconf 96' lang='lat'><strong>:</strong></span> <span class='ocrx_word' id='word_1_238' title='bbox 404 2385 430 2423; x_wconf 88' lang='lat' dir='ltr'>ct</span> <span class='ocrx_word' id='word_1_239' title='bbox 446 2374 482 2424; x_wconf 88' lang='lat' dir='ltr'>ita</span> <span class='ocrx_word' id='word_1_240' title='bbox 493 2390 542 2442; x_wconf 88' lang='lat' dir='ltr'>per</span> <span class='ocrx_word' id='word_1_241' title='bbox 553 2385 638 2424; x_wconf 90' lang='lat' dir='ltr'>totum</span> <span class='ocrx_word' id='word_1_242' title='bbox 651 2370 703 2424; x_wconf 90' lang='lat' dir='ltr'>hoc</span> <span class='ocrx_word' id='word_1_243' title='bbox 715 2391 831 2424; x_wconf 89' lang='lat' dir='ltr'>carmen.</span> <span class='ocrx_word' id='word_1_244' title='bbox 845 2401 882 2412; x_wconf 95' lang='lat'><em>—</em></span> <span class='ocrx_word' id='word_1_245' title='bbox 894 2372 1043 2426; x_wconf 82' lang='lat' dir='ltr'>Marhluudi</span> <span class='ocrx_word' id='word_1_246' title='bbox 1055 2377 1248 2428; x_wconf 83' lang='lat' dir='ltr'>correctionem</span> 
     </span>
     <span class='ocr_line' id='line_1_27' title="bbox 201 2451 943 2528; baseline -0.004 -21"><span class='ocrx_word' id='word_1_247' title='bbox 201 2453 323 2528; x_wconf 88' lang='lat' dir='ltr'>probavit</span> <span class='ocrx_word' id='word_1_248' title='bbox 334 2454 452 2523; x_wconf 72' lang='lat' dir='ltr'>lieynius</span> <span class='ocrx_word' id='word_1_249' title='bbox 463 2451 497 2504; x_wconf 83' lang='lat' dir='ltr'>etl</span> <span class='ocrx_word' id='word_1_250' title='bbox 509 2452 599 2523; x_wconf 68' lang='lat' dir='ltr'>virgil.</span> <span class='ocrx_word' id='word_1_251' title='bbox 612 2451 715 2505; x_wconf 81' lang='lat' dir='ltr'>AEneid.</span> <span class='ocrx_word' id='word_1_252' title='bbox 729 2453 768 2519; x_wconf 86' lang='lat'>11,</span> <span class='ocrx_word' id='word_1_253' title='bbox 782 2452 841 2520; x_wconf 71' lang='lat'>234.</span> <span class='ocrx_word' id='word_1_254' title='bbox 861 2455 943 2506; x_wconf 78' lang='lat' dir='ltr'>Hsun.</span> 
     </span>
    </p>
   </div>
   <div class='ocr_carea' id='block_1_7' title="bbox 108 2594 1253 3148">
    <p class='ocr_par' dir='ltr' id='par_1_8' title="bbox 108 2594 1253 3148">
     <span class='ocr_line' id='line_1_28' title="bbox 243 2594 1248 2672; baseline 0 -22"><span class='ocrx_word' id='word_1_255' title='bbox 243 2596 378 2650; x_wconf 73' lang='lat' dir='ltr'>16.&#39;Mixta</span> <span class='ocrx_word' id='word_1_256' title='bbox 388 2597 455 2648; x_wconf 87' lang='lat' dir='ltr'>notis</span> <span class='ocrx_word' id='word_1_257' title='bbox 465 2594 536 2662; x_wconf 81' lang='lat' dir='ltr'>beili,</span> <span class='ocrx_word' id='word_1_258' title='bbox 548 2609 599 2648; x_wconf 89' lang='lat' dir='ltr'>etc.</span> <span class='ocrx_word' id='word_1_259' title='bbox 614 2599 696 2650; x_wconf 84' lang='lat' dir='ltr'>Recte</span> <span class='ocrx_word' id='word_1_260' title='bbox 707 2597 842 2667; x_wconf 87' lang='lat' dir='ltr'>Dehotius,</span> <span class='ocrx_word' id='word_1_261' title='bbox 855 2609 929 2653; x_wconf 85' lang='lat' dir='ltr'>notus</span> <span class='ocrx_word' id='word_1_262' title='bbox 940 2617 970 2651; x_wconf 91' lang='lat' dir='ltr'>ea</span> <span class='ocrx_word' id='word_1_263' title='bbox 984 2612 1082 2667; x_wconf 88' lang='lat' dir='ltr'>mente,</span> <span class='ocrx_word' id='word_1_264' title='bbox 1093 2601 1193 2672; x_wconf 89' lang='lat' dir='ltr'>inquit,</span> <span class='ocrx_word' id='word_1_265' title='bbox 1206 2599 1248 2651; x_wconf 90' lang='lat' dir='ltr'>di·</span> 
     </span>
     <span class='ocr_line' id='line_1_29' title="bbox 203 2675 1250 2751; baseline 0.001 -22"><span class='ocrx_word' id='word_1_266' title='bbox 203 2689 258 2730; x_wconf 87' lang='lat' dir='ltr'>ctas</span> <span class='ocrx_word' id='word_1_267' title='bbox 270 2690 350 2748; x_wconf 93' lang='lat' dir='ltr'>puto,</span> <span class='ocrx_word' id='word_1_268' title='bbox 362 2694 416 2748; x_wconf 86' lang='lat' dir='ltr'>qua</span> <span class='ocrx_word' id='word_1_269' title='bbox 431 2675 559 2742; x_wconf 78' lang='lat' dir='ltr'>Thebaid.</span> <span class='ocrx_word' id='word_1_270' title='bbox 573 2680 616 2742; x_wconf 84' lang='lat' dir='ltr'>lv,</span> <span class='ocrx_word' id='word_1_271' title='bbox 630 2679 696 2746; x_wconf 67' lang='lat'>744:</span> <span class='ocrx_word' id='word_1_272' title='bbox 712 2700 724 2724; x_wconf 74' lang='lat' dir='ltr'>e</span> <span class='ocrx_word' id='word_1_273' title='bbox 734 2679 836 2751; x_wconf 74' lang='lat' dir='ltr'>regales</span> <span class='ocrx_word' id='word_1_274' title='bbox 846 2691 935 2732; x_wconf 87' lang='lat' dir='ltr'>tamen</span> <span class='ocrx_word' id='word_1_275' title='bbox 946 2699 992 2732; x_wconf 91' lang='lat' dir='ltr'>ore</span> <span class='ocrx_word' id='word_1_276' title='bbox 1002 2695 1105 2748; x_wconf 80' lang='lat' dir='ltr'>notae,s</span> <span class='ocrx_word' id='word_1_277' title='bbox 1121 2693 1147 2732; x_wconf 89' lang='lat' dir='ltr'>et</span> <span class='ocrx_word' id='word_1_278' title='bbox 1155 2679 1250 2731; x_wconf 80' lang='lat' dir='ltr'>Achill.</span> 
     </span>
     <span class='ocr_line' id='line_1_30' title="bbox 200 2756 1248 2833; baseline 0 -23"><span class='ocrx_word' id='word_1_279' title='bbox 200 2759 228 2823; x_wconf 85' lang='lat' dir='ltr'>l,</span> <span class='ocrx_word' id='word_1_280' title='bbox 237 2756 288 2826; x_wconf 84' lang='lat'>309</span> <span class='ocrx_word' id='word_1_281' title='bbox 298 2778 305 2818; x_wconf 64' lang='grc' dir='ltr'>ς</span> <span class='ocrx_word' id='word_1_282' title='bbox 315 2778 325 2801; x_wconf 74' lang='grc' dir='ltr'><em>α</em></span> <span class='ocrx_word' id='word_1_283' title='bbox 334 2756 375 2808; x_wconf 91' lang='lat' dir='ltr'>Sic</span> <span class='ocrx_word' id='word_1_284' title='bbox 385 2757 461 2807; x_wconf 75' lang='lat' dir='ltr'>variis</span> <span class='ocrx_word' id='word_1_285' title='bbox 471 2756 610 2808; x_wconf 76' lang='lat' dir='ltr'>manifesta</span> <span class='ocrx_word' id='word_1_286' title='bbox 620 2762 689 2810; x_wconf 83' lang='lat' dir='ltr'>notis</span> <span class='ocrx_word' id='word_1_287' title='bbox 697 2796 705 2825; x_wconf 96' lang='lat'>,</span> <span class='ocrx_word' id='word_1_288' title='bbox 714 2756 851 2831; x_wconf 85' lang='lat' dir='ltr'>palletque</span> <span class='ocrx_word' id='word_1_289' title='bbox 861 2758 992 2833; x_wconf 87' lang='lat' dir='ltr'>rubetque</span> <span class='ocrx_word' id='word_1_290' title='bbox 1001 2759 1118 2813; x_wconf 81' lang='lat' dir='ltr'>Flamma</span> <span class='ocrx_word' id='word_1_291' title='bbox 1126 2777 1248 2825; x_wconf 77' lang='lat' dir='ltr'>recens,-</span> 
     </span>
     <span class='ocr_line' id='line_1_31' title="bbox 203 2835 1250 2913; baseline 0.004 -27"><span class='ocrx_word' id='word_1_292' title='bbox 203 2854 254 2908; x_wconf 85' lang='lat' dir='ltr'>pro</span> <span class='ocrx_word' id='word_1_293' title='bbox 262 2835 337 2887; x_wconf 88' lang='lat' dir='ltr'>vultu</span> <span class='ocrx_word' id='word_1_294' title='bbox 348 2849 372 2886; x_wconf 89' lang='lat' dir='ltr'>et</span> <span class='ocrx_word' id='word_1_295' title='bbox 383 2853 414 2886; x_wconf 84' lang='lat' dir='ltr'>ee</span> <span class='ocrx_word' id='word_1_296' title='bbox 425 2837 478 2886; x_wconf 86' lang='lat' dir='ltr'>oris</span> <span class='ocrx_word' id='word_1_297' title='bbox 490 2835 716 2904; x_wconf 82' lang='lat' dir='ltr'>conformatione,</span> <span class='ocrx_word' id='word_1_298' title='bbox 728 2857 759 2890; x_wconf 83' lang='lat' dir='ltr'>ex</span> <span class='ocrx_word' id='word_1_299' title='bbox 769 2859 837 2912; x_wconf 85' lang='lat' dir='ltr'>qua,</span> <span class='ocrx_word' id='word_1_300' title='bbox 849 2858 902 2913; x_wconf 89' lang='lat' dir='ltr'>quo</span> <span class='ocrx_word' id='word_1_301' title='bbox 912 2843 1000 2892; x_wconf 88' lang='lat' dir='ltr'>animo</span> <span class='ocrx_word' id='word_1_302' title='bbox 1011 2842 1069 2912; x_wconf 89' lang='lat' dir='ltr'>quis</span> <span class='ocrx_word' id='word_1_303' title='bbox 1080 2842 1113 2891; x_wconf 89' lang='lat' dir='ltr'>sit</span> <span class='ocrx_word' id='word_1_304' title='bbox 1124 2840 1250 2902; x_wconf 82' lang='lat' dir='ltr'>affectus,</span> 
     </span>
     <span class='ocr_line' id='line_1_32' title="bbox 108 2912 1253 2990; baseline -0.002 -23"><span class='ocrx_word' id='word_1_305' title='bbox 108 2920 112 2928; x_wconf 85' lang='lat'><strong><em>‘</em></strong></span> <span class='ocrx_word' id='word_1_306' title='bbox 206 2916 339 2986; x_wconf 85' lang='lat' dir='ltr'>conjicere</span> <span class='ocrx_word' id='word_1_307' title='bbox 347 2912 434 2967; x_wconf 83' lang='lat' dir='ltr'>liceat.</span> <span class='ocrx_word' id='word_1_308' title='bbox 444 2912 519 2966; x_wconf 80' lang='lat' dir='ltr'>Adeo</span> <span class='ocrx_word' id='word_1_309' title='bbox 529 2929 559 2968; x_wconf 88' lang='lat' dir='ltr'>ut</span> <span class='ocrx_word' id='word_1_310' title='bbox 571 2916 633 2969; x_wconf 87' lang='lat' dir='ltr'>velit</span> <span class='ocrx_word' id='word_1_311' title='bbox 641 2919 766 2989; x_wconf 84' lang='lat' dir='ltr'>Papinius</span> <span class='ocrx_word' id='word_1_312' title='bbox 774 2921 967 2986; x_wconf 80' lang='lat' dir='ltr'>Domitianum,</span> <span class='ocrx_word' id='word_1_313' title='bbox 979 2937 1064 2990; x_wconf 88' lang='lat' dir='ltr'>neque</span> <span class='ocrx_word' id='word_1_314' title='bbox 1076 2919 1154 2967; x_wconf 85' lang='lat' dir='ltr'>nimie</span> <span class='ocrx_word' id='word_1_315' title='bbox 1167 2929 1253 2967; x_wconf 89' lang='lat' dir='ltr'>trucu-</span> 
     </span>
     <span class='ocr_line' id='line_1_33' title="bbox 206 2994 1252 3066; baseline 0 -19"><span class='ocrx_word' id='word_1_316' title='bbox 206 2995 287 3047; x_wconf 85' lang='lat' dir='ltr'>loutia</span> <span class='ocrx_word' id='word_1_317' title='bbox 298 2997 398 3060; x_wconf 80' lang='lat' dir='ltr'>ferum,</span> <span class='ocrx_word' id='word_1_318' title='bbox 410 3012 497 3066; x_wconf 90' lang='lat' dir='ltr'>neque</span> <span class='ocrx_word' id='word_1_319' title='bbox 508 2996 588 3048; x_wconf 85' lang='lat' dir='ltr'>nimia</span> <span class='ocrx_word' id='word_1_320' title='bbox 604 2996 714 3049; x_wconf 88' lang='lat' dir='ltr'>mollitie</span> <span class='ocrx_word' id='word_1_321' title='bbox 729 2999 925 3060; x_wconf 66' lang='lat' dir='ltr'>effeminatum</span> <span class='ocrx_word' id='word_1_322' title='bbox 942 2998 988 3050; x_wconf 84' lang='lat' dir='ltr'>sed</span> <span class='ocrx_word' id='word_1_323' title='bbox 1004 3015 1035 3048; x_wconf 89' lang='lat' dir='ltr'>eo</span> <span class='ocrx_word' id='word_1_324' title='bbox 1050 2994 1142 3047; x_wconf 81' lang='lat' dir='ltr'>babitu</span> <span class='ocrx_word' id='word_1_325' title='bbox 1159 3008 1185 3047; x_wconf 85' lang='lat' dir='ltr'>et</span> <span class='ocrx_word' id='word_1_326' title='bbox 1199 2997 1252 3047; x_wconf 85' lang='lat' dir='ltr'>oris</span> 
     </span>
     <span class='ocr_line' id='line_1_34' title="bbox 210 3073 1221 3148; baseline 0 -22"><span class='ocrx_word' id='word_1_327' title='bbox 210 3087 431 3143; x_wconf 76' lang='lat' dir='ltr'>temperamento,</span> <span class='ocrx_word' id='word_1_328' title='bbox 446 3089 476 3126; x_wconf 90' lang='lat' dir='ltr'>ut</span> <span class='ocrx_word' id='word_1_329' title='bbox 487 3077 515 3127; x_wconf 88' lang='lat' dir='ltr'>in</span> <span class='ocrx_word' id='word_1_330' title='bbox 525 3077 612 3129; x_wconf 79' lang='lat' dir='ltr'>fronte</span> <span class='ocrx_word' id='word_1_331' title='bbox 624 3075 724 3129; x_wconf 88' lang='lat' dir='ltr'>bellum</span> <span class='ocrx_word' id='word_1_332' title='bbox 735 3091 761 3129; x_wconf 87' lang='lat' dir='ltr'>et</span> <span class='ocrx_word' id='word_1_333' title='bbox 772 3096 866 3148; x_wconf 79' lang='lat' dir='ltr'>pacem</span> <span class='ocrx_word' id='word_1_334' title='bbox 877 3095 968 3146; x_wconf 76' lang='lat' dir='ltr'>gerere</span> <span class='ocrx_word' id='word_1_335' title='bbox 979 3073 1120 3127; x_wconf 84' lang='lat' dir='ltr'>videretur.</span> <span class='ocrx_word' id='word_1_336' title='bbox 1140 3076 1221 3126; x_wconf 77' lang='lat' dir='ltr'>lituo.</span> 
     </span>
    </p>
   </div>
   <div class='ocr_carea' id='block_1_8' title="bbox 145 3187 1257 3994">
    <p class='ocr_par' dir='ltr' id='par_1_9' title="bbox 145 3187 1257 3994">
     <span class='ocr_line' id='line_1_35' title="bbox 245 3187 1254 3287; baseline 0.002 -30"><span class='ocrx_word' id='word_1_337' title='bbox 245 3223 285 3258; x_wconf 87' lang='lat'>20.</span> <span class='ocrx_word' id='word_1_338' title='bbox 305 3187 361 3258; x_wconf 47' lang='lat' dir='ltr'>&#39;Nec</span> <span class='ocrx_word' id='word_1_339' title='bbox 382 3207 455 3260; x_wconf 85' lang='lat' dir='ltr'>turdo</span> <span class='ocrx_word' id='word_1_340' title='bbox 467 3220 556 3281; x_wconf 83' lang='lat' dir='ltr'>septus</span> <span class='ocrx_word' id='word_1_341' title='bbox 567 3229 648 3282; x_wconf 85' lang='lat' dir='ltr'>prope</span> <span class='ocrx_word' id='word_1_342' title='bbox 652 3210 771 3287; x_wconf 85' lang='lat' dir='ltr'>flumina</span> <span class='ocrx_word' id='word_1_343' title='bbox 784 3226 859 3260; x_wconf 77' lang='lat' dir='ltr'>cursu</span> <span class='ocrx_word' id='word_1_344' title='bbox 872 3209 979 3269; x_wconf 84' lang='lat' dir='ltr'>Fumat,</span> <span class='ocrx_word' id='word_1_345' title='bbox 996 3218 1045 3257; x_wconf 87' lang='lat' dir='ltr'>etc.</span> <span class='ocrx_word' id='word_1_346' title='bbox 1060 3205 1165 3258; x_wconf 88' lang='lat' dir='ltr'>Dudum</span> <span class='ocrx_word' id='word_1_347' title='bbox 1178 3205 1254 3259; x_wconf 88' lang='lat' dir='ltr'>vide-</span> 
     </span>
     <span class='ocr_line' id='line_1_36' title="bbox 208 3284 1254 3359; baseline 0.002 -23"><span class='ocrx_word' id='word_1_348' title='bbox 208 3303 264 3336; x_wconf 90' lang='lat' dir='ltr'>ram</span> <span class='ocrx_word' id='word_1_349' title='bbox 273 3284 416 3354; x_wconf 75' lang='lat' dir='ltr'>legendum</span> <span class='ocrx_word' id='word_1_350' title='bbox 425 3305 496 3352; x_wconf 88' lang='lat' dir='ltr'>esse,</span> <span class='ocrx_word' id='word_1_351' title='bbox 508 3308 554 3340; x_wconf 85' lang='lat' dir='ltr'>nec</span> <span class='ocrx_word' id='word_1_352' title='bbox 566 3301 639 3342; x_wconf 88' lang='lat' dir='ltr'>tauto</span> <span class='ocrx_word' id='word_1_353' title='bbox 651 3299 750 3359; x_wconf 69' lang='lat' dir='ltr'>ruptiis,</span> <span class='ocrx_word' id='word_1_354' title='bbox 764 3299 829 3349; x_wconf 83' lang='lat' dir='ltr'>etc.;</span> <span class='ocrx_word' id='word_1_355' title='bbox 843 3285 915 3358; x_wconf 88' lang='lat' dir='ltr'>quod</span> <span class='ocrx_word' id='word_1_356' title='bbox 928 3299 954 3337; x_wconf 91' lang='lat' dir='ltr'>et</span> <span class='ocrx_word' id='word_1_357' title='bbox 964 3286 1087 3337; x_wconf 77' lang='lat' dir='ltr'>Gerontio</span> <span class='ocrx_word' id='word_1_358' title='bbox 1100 3288 1127 3336; x_wconf 92' lang='lat' dir='ltr'>in</span> <span class='ocrx_word' id='word_1_359' title='bbox 1139 3299 1254 3338; x_wconf 88' lang='lat' dir='ltr'>mentem</span> 
     </span>
     <span class='ocr_line' id='line_1_37' title="bbox 145 3363 1257 3438; baseline 0.001 -22"><span class='ocrx_word' id='word_1_360' title='bbox 145 3394 148 3404; x_wconf 86' lang='lat'>·</span> <span class='ocrx_word' id='word_1_361' title='bbox 208 3376 328 3430; x_wconf 88' lang='lat' dir='ltr'>venerat,</span> <span class='ocrx_word' id='word_1_362' title='bbox 341 3365 476 3435; x_wconf 84' lang='lat' dir='ltr'>Papinien.</span> <span class='ocrx_word' id='word_1_363' title='bbox 492 3369 563 3420; x_wconf 87' lang='lat' dir='ltr'>Leot.</span> <span class='ocrx_word' id='word_1_364' title='bbox 581 3387 639 3438; x_wconf 85' lang='lat' dir='ltr'>cap.</span> <span class='ocrx_word' id='word_1_365' title='bbox 653 3369 679 3419; x_wconf 87' lang='grc'>6.</span> <span class='ocrx_word' id='word_1_366' title='bbox 695 3369 790 3419; x_wconf 86' lang='lat' dir='ltr'>Sensus</span> <span class='ocrx_word' id='word_1_367' title='bbox 806 3378 860 3417; x_wconf 88' lang='lat' dir='ltr'>est:</span> <span class='ocrx_word' id='word_1_368' title='bbox 873 3367 965 3416; x_wconf 83' lang='lat' dir='ltr'>Mes-tis</span> <span class='ocrx_word' id='word_1_369' title='bbox 980 3381 1063 3434; x_wconf 89' lang='lat' dir='ltr'>equus</span> <span class='ocrx_word' id='word_1_370' title='bbox 1075 3382 1129 3415; x_wconf 85' lang='lat' dir='ltr'>nors</span> <span class='ocrx_word' id='word_1_371' title='bbox 1142 3363 1257 3436; x_wconf 87' lang='lat' dir='ltr'>amplior</span> 
     </span>
     <span class='ocr_line' id='line_1_38' title="bbox 202 3441 1255 3517; baseline 0 -21"><span class='ocrx_word' id='word_1_372' title='bbox 202 3443 272 3511; x_wconf 74' lang='lat' dir='ltr'>fuit,</span> <span class='ocrx_word' id='word_1_373' title='bbox 282 3462 330 3496; x_wconf 92' lang='lat' dir='ltr'>neo</span> <span class='ocrx_word' id='word_1_374' title='bbox 340 3463 420 3496; x_wconf 88' lang='lat' dir='ltr'>eursu</span> <span class='ocrx_word' id='word_1_375' title='bbox 434 3446 560 3499; x_wconf 84' lang='lat' dir='ltr'>velociori</span> <span class='ocrx_word' id='word_1_376' title='bbox 569 3445 730 3517; x_wconf 87' lang='lat' dir='ltr'>repiebatur,</span> <span class='ocrx_word' id='word_1_377' title='bbox 741 3462 821 3515; x_wconf 86' lang='lat' dir='ltr'>quem</span> <span class='ocrx_word' id='word_1_378' title='bbox 832 3443 876 3496; x_wconf 89' lang='lat' dir='ltr'>hio</span> <span class='ocrx_word' id='word_1_379' title='bbox 889 3461 972 3516; x_wconf 84' lang='lat' dir='ltr'>equus</span> <span class='ocrx_word' id='word_1_380' title='bbox 983 3441 1096 3493; x_wconf 82' lang='lat' dir='ltr'>videtur.</span> <span class='ocrx_word' id='word_1_381' title='bbox 1113 3445 1151 3494; x_wconf 82' lang='lat' dir='ltr'>Ex</span> <span class='ocrx_word' id='word_1_382' title='bbox 1162 3461 1199 3496; x_wconf 84' lang='lat' dir='ltr'>rs.</span> <span class='ocrx_word' id='word_1_383' title='bbox 1210 3444 1255 3514; x_wconf 75' lang='grc'>47,</span> 
     </span>
     <span class='ocr_line' id='line_1_39' title="bbox 208 3522 1254 3598; baseline 0.002 -24"><span class='ocrx_word' id='word_1_384' title='bbox 208 3536 318 3594; x_wconf 85' lang='lat' dir='ltr'>apparet</span> <span class='ocrx_word' id='word_1_385' title='bbox 326 3523 397 3576; x_wconf 88' lang='lat' dir='ltr'>huuc</span> <span class='ocrx_word' id='word_1_386' title='bbox 412 3544 510 3598; x_wconf 88' lang='lat' dir='ltr'>equum</span> <span class='ocrx_word' id='word_1_387' title='bbox 523 3527 667 3578; x_wconf 87' lang='lat' dir='ltr'>Domitiani</span> <span class='ocrx_word' id='word_1_388' title='bbox 678 3525 765 3595; x_wconf 90' lang='lat' dir='ltr'>specie</span> <span class='ocrx_word' id='word_1_389' title='bbox 779 3525 906 3575; x_wconf 88' lang='lat' dir='ltr'>currentis</span> <span class='ocrx_word' id='word_1_390' title='bbox 920 3523 1036 3574; x_wconf 84' lang='lat' dir='ltr'>effictum</span> <span class='ocrx_word' id='word_1_391' title='bbox 1049 3541 1119 3590; x_wconf 91' lang='lat' dir='ltr'>esse,</span> <span class='ocrx_word' id='word_1_392' title='bbox 1132 3522 1206 3576; x_wconf 87' lang='lat' dir='ltr'>elatis</span> <span class='ocrx_word' id='word_1_393' title='bbox 1217 3543 1254 3576; x_wconf 85' lang='lat' dir='ltr'>sc.</span> 
     </span>
     <span class='ocr_line' id='line_1_40' title="bbox 210 3602 1257 3677; baseline 0.001 -24"><span class='ocrx_word' id='word_1_394' title='bbox 210 3603 369 3676; x_wconf 87' lang='lat' dir='ltr'>primoribus</span> <span class='ocrx_word' id='word_1_395' title='bbox 382 3605 434 3677; x_wconf 88' lang='lat' dir='ltr'>ped</span> <span class='ocrx_word' id='word_1_396' title='bbox 440 3605 508 3657; x_wconf 89' lang='lat' dir='ltr'>ibus.</span> <span class='ocrx_word' id='word_1_397' title='bbox 523 3605 607 3656; x_wconf 84' lang='lat' dir='ltr'>Tanto</span> <span class='ocrx_word' id='word_1_398' title='bbox 621 3605 700 3673; x_wconf 81' lang='lat' dir='ltr'>igitur</span> <span class='ocrx_word' id='word_1_399' title='bbox 711 3621 789 3655; x_wconf 89' lang='lat' dir='ltr'>cursu</span> <span class='ocrx_word' id='word_1_400' title='bbox 803 3616 903 3673; x_wconf 85' lang='lat' dir='ltr'>raptus,</span> <span class='ocrx_word' id='word_1_401' title='bbox 921 3622 974 3655; x_wconf 92' lang='lat' dir='ltr'>non</span> <span class='ocrx_word' id='word_1_402' title='bbox 990 3602 1070 3655; x_wconf 85' lang='lat' dir='ltr'>turdo.</span> <span class='ocrx_word' id='word_1_403' title='bbox 1084 3603 1198 3656; x_wconf 85' lang='lat' dir='ltr'>Similem</span> <span class='ocrx_word' id='word_1_404' title='bbox 1211 3602 1257 3656; x_wconf 83' lang='lat' dir='ltr'>hs·</span> 
     </span>
     <span class='ocr_line' id='line_1_41' title="bbox 211 3683 1257 3756; baseline 0 -22"><span class='ocrx_word' id='word_1_405' title='bbox 211 3701 270 3734; x_wconf 89' lang='lat' dir='ltr'>rum</span> <span class='ocrx_word' id='word_1_406' title='bbox 284 3702 380 3737; x_wconf 88' lang='lat' dir='ltr'>vocum</span> <span class='ocrx_word' id='word_1_407' title='bbox 393 3687 624 3737; x_wconf 86' lang='lat' dir='ltr'>commutationem</span> <span class='ocrx_word' id='word_1_408' title='bbox 646 3683 756 3735; x_wconf 82' lang='lat' dir='ltr'>hebebis</span> <span class='ocrx_word' id='word_1_409' title='bbox 769 3685 852 3750; x_wconf 85' lang='lat' dir='ltr'>infre,</span> <span class='ocrx_word' id='word_1_410' title='bbox 865 3683 924 3735; x_wconf 82' lang='lat' dir='ltr'>Kal.</span> <span class='ocrx_word' id='word_1_411' title='bbox 937 3683 1061 3736; x_wconf 90' lang='lat' dir='ltr'>Decemh.</span> <span class='ocrx_word' id='word_1_412' title='bbox 1075 3683 1122 3736; x_wconf 88' lang='lat' dir='ltr'>ubi</span> <span class='ocrx_word' id='word_1_413' title='bbox 1138 3703 1187 3756; x_wconf 89' lang='lat' dir='ltr'>pro</span> <span class='ocrx_word' id='word_1_414' title='bbox 1204 3695 1257 3735; x_wconf 80' lang='lat' dir='ltr'>tar·</span> 
     </span>
     <span class='ocr_line' id='line_1_42' title="bbox 212 3759 1257 3836; baseline -0.002 -22"><span class='ocrx_word' id='word_1_415' title='bbox 212 3763 274 3814; x_wconf 86' lang='lat' dir='ltr'>dum</span> <span class='ocrx_word' id='word_1_416' title='bbox 287 3781 386 3814; x_wconf 89' lang='lat' dir='ltr'>annum</span> <span class='ocrx_word' id='word_1_417' title='bbox 396 3761 518 3832; x_wconf 82' lang='lat' dir='ltr'>probabo</span> <span class='ocrx_word' id='word_1_418' title='bbox 530 3759 701 3812; x_wconf 86' lang='lat' dir='ltr'>scribendum</span> <span class='ocrx_word' id='word_1_419' title='bbox 712 3780 767 3815; x_wconf 86' lang='lat' dir='ltr'>esse</span> <span class='ocrx_word' id='word_1_420' title='bbox 778 3773 887 3814; x_wconf 83' lang='lat' dir='ltr'>tantum.</span> <span class='ocrx_word' id='word_1_421' title='bbox 901 3761 953 3814; x_wconf 89' lang='lat' dir='ltr'>Sed</span> <span class='ocrx_word' id='word_1_422' title='bbox 963 3765 1058 3815; x_wconf 82' lang='lat' dir='ltr'>acriter</span> <span class='ocrx_word' id='word_1_423' title='bbox 1068 3784 1117 3836; x_wconf 89' lang='lat' dir='ltr'>pro</span> <span class='ocrx_word' id='word_1_424' title='bbox 1130 3764 1201 3816; x_wconf 82' lang='lat' dir='ltr'>tardo</span> <span class='ocrx_word' id='word_1_425' title='bbox 1213 3761 1257 3812; x_wconf 93' lang='lat' dir='ltr'>di-</span> 
     </span>
     <span class='ocr_line' id='line_1_43' title="bbox 213 3831 1255 3917; baseline -0.002 -23"><span class='ocrx_word' id='word_1_426' title='bbox 213 3846 293 3895; x_wconf 87' lang='lat' dir='ltr'>micet</span> <span class='ocrx_word' id='word_1_427' title='bbox 304 3844 465 3906; x_wconf 80' lang='lat' dir='ltr'>Gronovius,</span> <span class='ocrx_word' id='word_1_428' title='bbox 477 3853 503 3892; x_wconf 92' lang='lat' dir='ltr'>et</span> <span class='ocrx_word' id='word_1_429' title='bbox 515 3843 600 3911; x_wconf 87' lang='lat' dir='ltr'>capite</span> <span class='ocrx_word' id='word_1_430' title='bbox 612 3840 805 3913; x_wconf 79' lang='lat' dir='ltr'>elegantissimo</span> <span class='ocrx_word' id='word_1_431' title='bbox 815 3841 912 3915; x_wconf 87' lang='lat' dir='ltr'>(Dietr.</span> <span class='ocrx_word' id='word_1_432' title='bbox 924 3845 955 3917; x_wconf 75' lang='grc'>4)</span> <span class='ocrx_word' id='word_1_433' title='bbox 965 3831 1070 3898; x_wconf 72' lang='grc' dir='ltr'>ιιιειίιι</span> <span class='ocrx_word' id='word_1_434' title='bbox 1085 3847 1143 3911; x_wconf 85' lang='lat' dir='ltr'>Est,</span> <span class='ocrx_word' id='word_1_435' title='bbox 1155 3844 1255 3913; x_wconf 90' lang='lat' dir='ltr'>inquit,</span> 
     </span>
     <span class='ocr_line' id='line_1_44' title="bbox 213 3921 1256 3994; baseline -0.003 -19"><span class='ocrx_word' id='word_1_436' title='bbox 213 3923 324 3994; x_wconf 86' lang='lat' dir='ltr'>simplex</span> <span class='ocrx_word' id='word_1_437' title='bbox 338 3921 480 3992; x_wconf 83' lang='lat' dir='ltr'>descriptio</span> <span class='ocrx_word' id='word_1_438' title='bbox 497 3925 558 3991; x_wconf 80' lang='lat' dir='ltr'>equi</span> <span class='ocrx_word' id='word_1_439' title='bbox 572 3921 678 3993; x_wconf 88' lang='lat' dir='ltr'>lllartis,</span> <span class='ocrx_word' id='word_1_440' title='bbox 696 3935 722 3977; x_wconf 85' lang='lat' dir='ltr'>et</span> <span class='ocrx_word' id='word_1_441' title='bbox 737 3923 817 3978; x_wconf 90' lang='lat' dir='ltr'>verba</span> <span class='ocrx_word' id='word_1_442' title='bbox 833 3921 886 3978; x_wconf 90' lang='lat' dir='ltr'>hoo</span> <span class='ocrx_word' id='word_1_443' title='bbox 900 3923 981 3978; x_wconf 85' lang='lat' dir='ltr'>modo</span> <span class='ocrx_word' id='word_1_444' title='bbox 996 3923 1164 3979; x_wconf 79' lang='lat' dir='ltr'>dissolvenda</span> <span class='ocrx_word' id='word_1_445' title='bbox 1181 3933 1256 3990; x_wconf 88' lang='lat' dir='ltr'>suut,</span> 
     </span>
    </p>
   </div>
   <div class='ocr_carea' id='block_1_9' title="bbox 0 0 1410 4484">
    <p class='ocr_par' dir='ltr' id='par_1_10' title="bbox 0 0 1410 4484">
     <span class='ocr_line' id='line_1_45' title="bbox 0 0 1410 4484; baseline 0 0"><span class='ocrx_word' id='word_1_446' title='bbox 0 0 1410 4484; x_wconf 95' lang='lat' dir='ltr'> </span> 
     </span>
    </p>
   </div>
  </div>
 </body>
</html>
