2784 4484
373 267 507 348 LIBRI
532 281 674 348 PRlMI
698 281 949 350 SILVARUM.
1140 290 1180 378 37

137 425 217 484 pcetse
233 427 288 462 uon
306 409 385 461 inest.
405 406 459 460 Sed
476 405 709 460 Drakenborchius
727 425 834 480 quoque
852 409 887 464 ad
904 411 958 464 Silii
976 413 1034 478 Vl,
1050 413 1116 477 185,
1132 416 1182 469 alis

139 493 213 544 affert
232 493 395 562 scriptorum
414 487 491 552 loca,
512 489 538 540 in
560 488 657 559 quihus
677 488 772 560 aliquis
791 507 823 540 es
844 489 904 543 loco
921 492 1025 546 excelso
1043 508 1069 547 et
1088 496 1183 548 altiore

139 573 277 644 despectare
294 569 400 622 dicitur.
421 569 566 640 Despectus
585 588 649 622 vero
670 567 697 621 h
722 568 740 620 l.
764 581 809 620 est·
826 570 963 624 oculorum
985 573 1126 632 ‹lescensus
1148 578 1183 630 sb

143 654 238 705 eximiis
252 665 278 705 et
291 649 455 722 majoribus,
470 648 505 700 ed
516 647 659 702 humiliora
672 662 699 702 et
711 648 823 731 abjecta.
837 651 919 702 liano.

173 787 217 855 9⁴.
226 786 296 840 Dum
310 785 428 839 Rornae
440 785 500 838 dies·
509 785 579 838 Dum
590 783 630 837 sol
638 783 752 851 lucebit,
768 787 812 856 qui
827 805 882 838 non
895 787 945 840 nisi
958 789 1102 842 Romanam
1115 789 1184 842 diem

142 867 219 932 lacit,
232 853 267 918 hs
275 885 298 918 e.
313 883 447 936 nusquam
459 865 547 933 lucet,
560 865 607 918 uhi
620 883 675 917 non
688 865 802 918 Romani
814 867 952 936 imperent.
967 867 1011 922 sio
1024 869 1103 939 plane
1116 871 1186 922 Mar·

140 945 222 1011 tialis,
233 946 284 1012 nt,
297 961 328 1010 a,
340 962 373 1014 9:
387 943 527 998 «Manebit
540 944 620 997 altum
634 945 728 998 Flevite
739 943 821 998 decus
834 947 919 1016 gentis
933 964 994 998 cum
1008 945 1064 1000 sole
1074 961 1100 1000 et
1113 953 1187 1002 astris

146 1043 281 1098 ecumque
293 1024 354 1077 luce
367 1026 495 1077 Romana.
509 1049 520 1072 u
537 1027 567 1076 ln
580 1023 691 1076 eandem
705 1026 863 1078 sententium
876 1025 1000 1094 Ovidius,
1013 1030 1083 1080 Fast.
1097 1032 1124 1094 l,
1138 1029 1185 1083 85:

326 1121 446 1184 luppiter,
456 1135 510 1168 arce
519 1135 559 1166 sua
569 1130 644 1166 totum
653 1136 724 1183 quum
735 1133 824 1182 spectet
833 1123 857 1166 in
867 1122 961 1181 orbem,

359 1191 397 1236 stit
405 1192 449 1238 nisi
460 1193 601 1247 Romanum,
612 1189 676 1255 quod
685 1203 790 1244 tueatur.
801 1191 880 1238 habet.

145 1285 231 1335 Potest
244 1283 324 1333 etiam
335 1280 455 1332 Manu
467 1278 521 1330 dies
534 1279 618 1350 accipi
630 1277 663 1330 de
677 1277 772 1330 seculo
788 1293 813 1331 et
826 1298 881 1332 evo
894 1279 1003 1348 mundi,
1018 1283 1072 1334 sire
1086 1285 1188 1335 eterni-

147 1375 205 1414 tate.
218 1363 324 1414 Etenim
335 1374 458 1412 eternam
469 1361 581 1411 Romam
593 1377 654 1410 cum
664 1360 785 1410 Romano
796 1361 907 1431 imperio
919 1377 992 1426 esse,
1004 1379 1053 1414 uec
1065 1362 1115 1414 nisi
1127 1381 1188 1414 uum

145 1446 201 1514 ipso
211 1441 311 1494 mundo
321 1441 502 1506 interiturum,
513 1440 626 1491 Romani
635 1440 776 1510 scriptores
786 1437 885 1511 ubique
893 1440 1049 1510 gloriantur.
1063 1445 1188 1496 Wunssn.

146 1552 179 1564 -
190 1523 252 1574 lluc
264 1533 298 1573 et.
314 1519 397 1572 Codd.
410 1521 484 1572 Uret.
495 1517 566 1570 Leid.
581 1519 660 1570 Paris.
676 1532 703 1570 et
717 1523 810 1569 omnes‘
821 1521 934 1589 antiqua
947 1519 1075 1573 editiones
1091 1521 1139 1574 lucc
1149 1535 1188 1586 et,

147 1615 238 1674 preter
250 1599 314 1653 edit.
328 1601 414 1672 princ.
430 1615 488 1670 quse
500 1596 580 1650 habet
595 1598 650 1649 loc.
666 1595 786 1648 Correxit
803 1610 896 1648 auctor
908 1597 1017 1650 Aldine.
1035 1601 1117 1650 Recte
1131 1603 1192 1671 qui-

148 1680 220 1744 dem
233 1678 280 1732 sed
293 1677 399 1730 illudet
412 1677 533 1747 languet,
547 1678 691 1748 presertim
705 1677 726 1727 si
739 1676 797 1745 quis
806 1674 834 1726 id
843 1679 988 1746 conjungat
998 1697 1059 1730 cum
1071 1682 1192 1751 sequenti

149 1777 202 1830 que.
213 1759 269 1810 llisi
277 1758 429 1810 necessario
442 1757 619 1828 requireretur
628 1754 679 1808 huc
686 1793 694 1820 ,
707 1753 792 1806 facilis
804 1768 872 1806 esset
886 1755 1043 1810 emendatio.
1058 1758 1118 1810 Jam
1130 1775 1191 1810 vero

149 1839 273 1912 explices:
288 1850 320 1890 ut
337 1855 387 1889 nos
402 1835 448 1888 diu
465 1835 692 1908 frequentabimus
706 1833 812 1900 locum,
831 1835 867 1886 ita
881 1837 960 1887 etiam
977 1838 1026 1890 suh
1042 1851 1121 1891 nocte
1138 1838 1192 1893 huc

150 1918 308 1972 descendent
326 1919 424 1989 superi.
444 1919 482 1969 lta
500 1913 607 1986 quidem
622 1931 689 1986 sepe
707 1929 771 1966 usus
789 1915 942 1968 Latinorum
956 1929 983 1968 et
996 1915 1146 1971 Graecorum
1163 1923 1196 1972 in

149 1997 281 2071 particulis
294 2011 335 2067 et,
349 1997 445 2066 etium
459 1991 500 2048 sal
511 1994 640 2048 vindicari
652 1993 740 2065 debet.
755 1993 837 2047 Hsrh.

184 2133 228 2202 98.
245 2133 302 2184 um
309 2131 398 2185 lacten
406 2130 494 2183 ceruix
500 2130 571 2184 dabit
578 2132 696 2185 umruhus
702 2131 782 2186 astris.
792 2093 852 2184 Une
858 2131 1011 2185 haeccerria
1017 2093 1113 2186 colossi
1120 2144 1193 2185 tuam

153 2211 354 2284 magnitudinem
367 2212 502 2276 referens,
521 2213 582 2264 satis
596 2212 684 2284 ampla
698 2213 764 2278 erit,
777 2214 805 2264 in
819 2231 874 2285 (pm
883 2211 1003 2265 herem
1016 2225 1042 2266 et
1055 2215 1194 2284 quiescant

153 2290 337 2362 amplectentes
351 2309 444 2343 omnes
458 2292 542 2360 gentis
555 2305 606 2344 tue
617 2291 685 2357 divi,
700 2291 746 2363 qui
758 2310 874 2344 amorem
888 2310 965 2346 suum
977 2311 1037 2362 erga
1050 2305 1075 2344 te
1085 2294 1122 2345 sic
1132 2305 1193 2364 post

151 2371 203 2424 feta
212 2371 389 2426 testabuntur.
399 2370 523 2424 Similiter
531 2370 656 2424 Cornelia
665 2371 737 2443 apud
745 2373 866 2442 Propere
875 2375 922 2437 lv,
931 2390 958 2424 ιι
968 2410 977 2439 ,
989 2371 1032 2443 75.
1050 2375 1174 2426 Wsmsso.

188 2521 246 2558 tot.
255 2506 422 2578 optassetque
429 2523 496 2556 novo
503 2502 624 2571 similem,
631 2517 681 2557 etc.
689 2505 774 2556 Nemo
782 2477 908 2575 coriig'al,
917 2505 1158 2578 Optaretqueaovo,
1166 2521 1196 2570 nt

151 2585 353 2658 respondente?
361 2595 498 2657 cuperent,
510 2583 732 2657 quemadmodum
742 2587 769 2636 in
779 2566 913 2637 consolat.
924 2583 958 2638 ad
967 2587 1075 2653 Ursum,
1086 2606 1123 2639 vs.
1135 2588 1181 2655 nl:
1251 2655 1259 2668 ,

339 2681 451 2743 Optarent
459 2679 558 2727 multum
567 2681 640 2727 Graiae
649 2693 807 2745 cuperentque
815 2683 902 2728 letinae

342 2753 378 2798 ste
385 2752 502 2814 peperisse
510 2767 595 2800 auras:

159 2835 235 2890 nihil
246 2841 316 2891 enim
328 2840 484 2912 frequentius
497 2841 538 2896 his
550 2854 701 2914 temporum
713 2841 914 2894 mutationibus.
928 2843 968 2894 lta
981 2841 1095 2894 Glaucia·
1103 2841 1199 2893 Melio-

158 2920 210 2986 ris,
224 2937 291 2972 vers.
309 2917 371 2985 140:

343 3007 409 3055 lluttc
416 3025 459 3058 nec
468 3025 527 3057 sarva
535 3010 587 3058 rire
595 3009 708 3073 potuisset
718 3023 814 3070 carpere
822 3009 927 3062 Procne¹

342 3079 391 3127 Nec
399 3080 448 3127 iera
456 3079 564 3128 crudeles
570 3079 662 3126 Colchis
670 3080 775 3125 derrasset
783 3079 810 3123 iu
817 3079 861 3122 iras
866 3092 874 3132 ς

340 3153 431 3199 Torvus
439 3151 469 3199 ah
477 3151 523 3198 hoc
532 3151 642 3198 Athamas
650 3153 745 3197 insanos
753 3148 857 3195 llscteret
866 3159 944 3201 arcust

155 3239 340 3316 nonflmsset.
354 3241 439 3313 Supra
451 3239 504 3292 hcc
518 3258 616 3307 carm,
629 3257 696 3293 vers.
712 3238 764 3308 59:

343 3337 401 3397 Qu:
409 3339 563 3401 superingesti
570 3349 674 3401 portaret
682 3335 783 3383 culmina
792 3334 877 3380 montis

340 3408 486 3473 Gelilerique
496 3411 574 3474 attrita
582 3424 645 3472 genu
653 3407 758 3454 durasset
767 3403 875 3452 Atlantis:

159 3495 205 3547 uhi
215 3515 269 3548 non
288 3515 357 3568 opus
374 3511 415 3550 est
432 3509 463 3550 ut
480 3515 543 3550 cum
559 3499 692 3551 Bemartio
710 3494 781 3567 legas
800 3493 910 3546 duraret.
924 3491 991 3545 vide
1006 3505 1032 3544 et
1049 3491 1158 3563 Epiced.
1176 3495 1204 3544 in

159 3576 226 3626 Patr.
239 3595 262 3628 r.
278 3576 311 3630 51¹
327 3588 353 3628 et
367 3593 458 3650 seqqz
474 3591 501 3629 et
518 3580 554 3629 ita
572 3578 670 3648 passim
688 3575 810 3627 omnibus
828 3575 922 3647 poetis.
941 3571 1111 3624 Constructio
1125 3569 1204 3644 hujus

160 3652 214 3705 loti
228 3670 281 3708 ests
304 3678 316 3702 ι
327 3657 431 3709 Atticus
450 3657 541 3710 senior
559 3669 675 3728 optasset
693 3669 718 3708 te
736 3655 847 3708 similem
865 3671 966 3727 ponere
979 3653 1007 3704 in
1020 3667 1090 3704 noro
1105 3651 1204 3724 templo

164 3755 176 3779 ι
190 3733 241 3786 uei
252 3735 333 3787 loris.
347 3759 358 3784 ι
374 3737 477 3790 Atticus
489 3737 590 3801 senior,
605 3747 644 3788 est
657 3734 778 3800 Phidias,
793 3748 822 3787 ut
832 3735 918 3787 senior
930 3734 1092 3806 Garqetts'us,
1106 3733 1207 3804 Epicu-

159 3830 221 3880 rus,
232 3813 332 3866 Tihurt.
344 3817 454 3882 Manlii,
466 3835 492 3867 v.
505 3817 554 3886 94;
565 3815 650 3867 senior
662 3814 808 3880 Thessalus,
821 3811 933 3881 Chiron,
945 3811 1083 3865 Achilleid.
1093 3813 1129 3877 ll,
1142 3811 1207 3871 3823

161 3895 227 3947 coss
234 3895 326 3963 senior,
335 3897 526 3970 Hippocrates,
535 3894 606 3966 apud
616 3893 769 3948 Marcellum
779 3895 941 3965 Empiricum
950 3891 984 3944 de
991 3891 1169 3957 Medicinafl.
1177 3885 1215 3942 ts

314 3991 432 4057 Quodque
443 3993 509 4040 Cous
517 3990 596 4038 docuit
605 3991 694 4047 senior,
705 3992 815 4056 quodque
825 3989 916 4036 Abdera
926 3987 1008 4035 suasit:
