2858 4492
377 299 508 362 LIBRI
532 299 741 364 SECUNDl
766 303 1016 370 SlLVARUM.
1150 311 1215 389 ull

362 425 433 478 Ecce,
444 425 574 470 coturnices
582 424 644 470 iuter
652 440 692 472 tua
702 425 778 486 praelia
788 428 880 482 virunt;

393 496 497 541 Portinu
507 507 530 540 et
538 495 598 546 fiunt
606 497 661 542 inde
670 496 806 560 frequenter
814 513 880 546 anns.

362 564 446 610 Plenus
455 580 506 612 eras
514 563 622 614 minimo:
634 579 689 623 nec,
699 581 747 628 prae
756 571 868 618 sumnia
877 585 969 626 amore,

393 636 421 680 ln
430 635 514 681 multos
522 647 615 696 poterat
624 651 665 682 ora
674 652 755 683 racarc
765 637 837 684 cibor.

363 705 414 750 Nux
423 715 474 751 erat
482 719 534 751 acu
543 707 597 761 tibi,
609 721 729 770 canonque
738 723 854 770 papavera
863 712 950 766 somni;

393 776 544 838 Pellebatque
554 778 615 824 sitim
625 777 735 841 simplicis
744 778 828 826 humor
837 795 912 842 aquae.

364 846 427 890 Vivit
437 845 495 890 edax
504 845 593 905 vultur,
604 847 738 910 ducensque
748 866 791 911 per
800 864 852 896 aera
862 866 930 913 gyros

391 915 493 972 Miluus,
504 930 528 964 et
536 917 620 979 ρΙιιτίω
629 920 734 980 graculus
744 933 825 968 auctor
833 937 913 983 aqun:

318 1023 322 1030 .
363 987 427 1032 Vivit
436 999 472 1044 et,
482 999 526 1038 ru.

179 1089 217 1139 lta
235 1103 343 1148 omnes,
363 1086 467 1155 opinor,
482 1082 610 1136 editiones
626 1098 653 1135 et
670 1085 784 1138 codices.
807 1085 859 1140 Sed
875 1104 969 1157 parurn
987 1101 1126 1140 accuratus
1142 1089 1226 1143 lector

180 1159 219 1218 est
231 1167 343 1238 quinon
358 1165 445 1216 statim
458 1161 531 1215 videt
544 1182 624 1236 quarn
638 1165 727 1236 inepte
739 1168 871 1218 inseratur
885 1166 1030 1219 secundum
1042 1167 1146 1222 distich.
1159 1172 1226 1224 Ecce

181 1247 338 1314 coturnices,
357 1258 408 1297 etc.
430 1244 504 1317 quod
521 1246 700 1298 narrationem
718 1249 900 1319 inopportune
918 1248 1061 1302 admodum
1077 1249 1226 1325 abrumpit,

181 1329 325 1400 quumjsrn
332 1327 359 1377 in
367 1343 399 1378 eo
407 1337 476 1377 essct
485 1337 615 1396 poeta,ut
622 1327 702 1378 vitam
709 1340 828 1380 etmores
835 1330 943 1382 Psittaci
951 1327 1119 1384 describeret.
1130 1333 1227 1388 Detru-

182 1405 299 1461 dendnm
312 1405 371 1458 dico
381 1405 452 1457 istud
461 1403 595 1460 distichon
605 1409 632 1457 in
644 1419 766 1478 quer-tum
775 1407 879 1472 locum,
892 1421 919 1460 st
931 1421 1016 1460 torum
1025 1413 1063 1462 sia
1072 1409 1225 1482 legendum:

184 1489 305 1558 allapsus
319 1503 347 1540 ot
360 1483 472 1552 invidia,
486 1498 551 1552 etr.;
565 1485 694 1542 Garrultu
708 1499 748 1553 et,
762 1500 829 1550 etot
842 1487 940 1542 Plenus
953 1507 1010 1542 eres
1024 1492 1148 1560 minimo,
1162 1505 1226 1553 eto.;

182 1568 212 1619 ln
224 1565 335 1633 multos,
351 1579 415 1627 etc.;
430 1568 491 1618 Nux
503 1579 559 1618 erat
571 1583 645 1630 esca,
659 1581 708 1619 etc.
716 1589 724 1633 3
737 1565 922 1640 Pellebatque,
937 1581 1010 1619 etur
1026 1569 1060 1620 Et
1069 1573 1124 1640 jam
1139 1569 1227 1626 locum

182 1645 277 1698 habet:
293 1645 397 1710 cilices,
409 1645 559 1698 coturnices
571 1647 639 1698 inter
652 1664 699 1698 sna
712 1646 800 1718 praelia
812 1648 920 1714 vivunt,
935 1645 1044 1700 forsitan
1056 1661 1095 1712 et,
1105 1661 1168 1712 etc.;
1181 1650 1227 1700 Vi-

183 1727 222 1778 rit
232 1725 298 1780 edax
307 1725 406 1792 vultur,
418 1737 489 1778 etms
503 1726 553 1777 lies
565 1741 613 1796 per
623 1741 652 1778 ae
663 1739 746 1797 patet.

219 1836 255 1846 -
268 1805 398 1860 Omnibus
409 1807 551 1862 innotescit
562 1823 689 1860 concessa
701 1805 794 1860 avibus
806 1806 908 1876 aliquot
921 1819 946 1860 et
960 1807 1102 1877 presertim
1115 1808 1228 1862 Psittoco

183 1887 297 1941 incultus
312 1887 455 1941 humunam
465 1905 559 1938 vocem
575 1885 711 1942 reddendi.
731 1887 771 1939 De
787 1887 831 1938 ills
849 1888 909 1938 fuse
924 1886 1037 1953 Plinius,
1052 1885 1118 1939 Hist.
1135 1888 1227 1939 Natur.

183 1967 230 2020 lib.
247 1968 289 2034 X,
306 1986 365 2038 cap.
381 1967 414 2034 dn
431 1989 438 2017 r
459 1965 568 2038 «Super
584 1967 672 2018 omniu
690 1961 821 2018 humanas
836 1983 916 2020 voces
934 1963 1050 2020 reddunt
1067 1965 1188 2030 Poeni,
1204 1981 1229 2020 et

185 2045 293 2120 quidem
308 2049 524 2103 sermocinantes.
538 2045 614 2102 india
627 2059 716 2102 tatem
729 2045 798 2103 bom
809 2048 923 2105 mittit..
934 2083 956 2102 ι,
970 2047 1142 2118 imperatorer
1157 2045 1228 2100 salu-

183 2141 239 2180 tet:
254 2141 280 2180 et
292 2145 350 2200 qna
363 2127 458 2200 accipit
468 2125 549 2178 verba
562 2127 755 2197 pronuntiatio
768 2127 829 2182 rino
838 2129 977 2202 precipue
988 2125 1084 2179 lasciva
1095 2165 1148 2178 ....
1160 2150 1172 2176 s
1188 2125 1229 2177 sd

184 2207 242 2260 heo
253 2220 388 2280 postrema
401 2204 519 2258 alludere
530 2219 644 2276 possunt
656 2193 738 2257 verita
749 2218 849 2277 poete:
914 2199 917 2204 ’

370 2307 439 2352 Nunc
447 2307 539 2352 conviva
550 2301 616 2362 lwr‘s,
626 2315 799 2368 monstrataque
808 2291 907 2354 reddere
916 2293 987 2352 velet

370 2379 427 2422 Turn
436 2375 524 2426 futtilis.
536 2409 542 2422 .
553 2409 558 2422 .
570 2412 575 2421 .

185 2467 270 2538 Digna
284 2466 336 2517 fnit
347 2465 401 2516 aris
414 2463 473 2532 illa,
487 2482 544 2538 quse
555 2477 696 2538 posterum
707 2465 814 2536 ingenia
824 2465 945 2520 certatim
958 2465 1115 2532 ascenderet
1122 2485 1131 2532 μ
1143 2476 1169 2518 et
1180 2465 1231 2516 sic-

185 2549 225 2598 uti
237 2545 413 2598 immorttlem
427 2545 488 2596 iecit
502 2543 621 2598 Catullus
636 2544 735 2598 Lesbiae
748 2543 900 2610 Passerem,
915 2546 951 2596 ita
966 2558 993 2596 et
1005 2546 1148 2597 Psittacnm
1161 2543 1232 2596 cele-

186 2627 332 2678 braverunt
343 2623 470 2690 Ovidius,
489 2641 568 2695 quent
584 2629 638 2696 jam
651 2625 805 2685 citas-imon
818 2623 1010 2696 restrictos.
1024 2625 1100 2678 dude.
1115 2638 1183 2678 vete.
1198 2623 1230 2676 ὃς

187 2701 302 2756 Martini.
316 2703 358 2766 X,
372 2720 417 2770 nr,
431 2720 470 2754 vs.
486 2720 519 2773 7,
535 2713 563 2754 et
575 2703 651 2767 XIV,
665 2719 755 2755 nunt.
770 2702 832 2752 Non
843 2701 983 2754 tacendum
996 2715 1036 2754 est
1048 2705 1166 2774 inprimit
1178 2703 1231 2753 exi·

189 2784 272 2835 urium
284 2799 391 2852 poema,
404 2781 475 2854 qnod
490 2794 563 2835 tanta
575 2780 726 2853 lepiditate,
743 2794 825 2833 ettor
841 2782 951 2833 amoenis
966 2783 1110 2833 carminum
1122 2778 1232 2832 floribus

188 2865 317 2936 respersit
327 2860 366 2915 Cl.
377 2863 504 2936 Gustum,
521 2865 564 2916 cui
578 2881 676 2915 nomen
691 2861 766 2915 dedit
781 2859 917 2916 Veri-vert.
933 2859 1017 2912 Multa
1031 2861 1059 2910 in
1070 2859 1123 2912 lton
1137 2876 1232 2911 occur-

186 2957 249 2998 runt
259 2942 318 2994 iere
328 2939 411 2998 Sestio
424 2935 534 2998 similis:

374 3064 382 3078 .
393 3065 398 3077 .
408 3067 415 3079 .
424 3065 430 3076 .
439 3032 514 3082 cna·
523 3042 658 3095 cerpentes
667 3045 764 3080 munere
773 3045 865 3080 meuse.

188 3120 466 3187 cummium:

408 3240 420 3261 ι
430 3219 508 3265 Aemo
517 3228 623 3282 perrorat,
632 3217 707 3266 silon
715 3231 746 3264 en
755 3218 814 3264 croit
822 3213 944 3272 l'irittoire,

408 3309 419 3330 ι
428 3289 531 3338 oseem
539 3288 603 3335 otert
613 3290 727 3350 nogent
734 3301 766 3332 stt
774 3285 905 3336 russone.
915 3307 925 3328 ι

564 3375 907 3439 ...nonstranqnereddere
916 3377 986 3423 verb·

374 3451 433 3494 Ῥω
441 3446 530 3495 tarius.
541 3481 561 3491 ..
572 3482 577 3492 .

410 3559 421 3580 ι
428 3539 475 3585 Par
483 3535 599 3601 plusieurs
607 3537 660 3584 voix
668 3537 787 3597 interrogo
798 3548 850 3583 tam
859 3549 934 3590 estre,

410 3631 421 3652 ι
429 3610 450 3656 tl
458 3609 604 3672 repuudritd
614 3619 665 3654 tout
674 3623 730 3655 erec
736 3609 844 3670 juttttte.
854 3629 864 3649 ι
956 3635 961 3644 ·

185 3701 229 3753 Sic
239 3715 278 3753 eet
285 3701 319 3754 de
327 3697 450 3774 pluribus
460 3697 530 3766 aliis,
539 3715 596 3768 que
602 3693 646 3748 hic
654 3693 752 3749 referre
761 3712 814 3748 non
823 3709 912 3762 vacat,
924 3707 1009 3768 neque
1020 3701 1138 3745 nostrum
1147 3701 1193 3744 est.
1207 3688 1237 3738 d.

467 3923 513 3930 ...
532 3901 965 3940 ...W-
