2804 4490
153 325 213 388 ¹72
249 301 482 400 EPISTULA
501 301 563 399 AD
580 301 841 367 MELIOREM
858 301 1088 392 ATEDlUM.

149 446 237 512 tum,
251 453 357 523 quum
370 451 456 520 pene
470 450 677 520 supervacua
689 430 757 495 sint
767 426 863 494 tarda
874 427 1001 496 solatia.
1016 431 1111 499 Pollii
1122 437 1191 500 mei

149 540 235 607 Villa
245 543 439 608 Surrentina
448 562 523 634 quac
533 541 696 634 sequitur,
705 538 914 607 debuitame
922 541 974 608 vel
983 544 1018 608 in
1026 543 1190 611 honorem

103 673 132 726 15
148 649 347 744 eloquentiae
363 648 435 742 ejus
452 647 643 742 diligentius
660 649 748 717 diei:
769 649 827 716 sed
843 653 972 718 amicus
988 653 1126 744 ignovit.
1147 660 1190 721 ln

147 759 300 827 arborem
309 776 398 827 certe
407 775 516 841 tuam,
529 757 660 841 Melior,
673 775 706 826 et
715 761 911 851 psittacum,
925 763 989 828 scis
1001 786 1022 826 a
1033 785 1087 830 me
1098 762 1187 831 leves

146 867 275 936 libellos
291 873 385 963 quasi
400 871 646 962 epigrammatis
661 867 734 937 loco
747 872 898 963 scriptos.
914 869 1064 937 Eandem
1079 875 1187 964 exige-

145 980 203 1047 bat
213 981 279 1048 stili
289 981 481 1049 facilitatem
490 986 559 1048 Leo
567 982 1187 1076 mansuetu5,queminamphitheatro

146 1110 367 1186 prostratum,
382 1095 540 1186 frigidum
551 1111 622 1161 erat
633 1097 858 1162 sacratissimo
870 1097 1062 1189 imperatori
1069 1100 1109 1163 ni
1121 1112 1188 1165 sta-

97 1237 130 1270 20
146 1207 205 1269 tim
217 1205 392 1272 traderem.
405 1205 460 1279 Ad,
469 1211 593 1284 Ursum
606 1230 740 1299 quoque
752 1223 923 1290 nostrum,
936 1204 1096 1299 juvenem
1107 1231 1187 1275 can·

145 1314 366 1398 didissimum,
376 1334 408 1384 et
416 1319 488 1384 sine
493 1314 623 1408 jactura
631 1316 1186 1411 desidiaedoctissimum‚scriptam

66 1433 69 1440 ’
145 1424 187 1492 de
202 1451 307 1519 puero
323 1430 445 1496 amisso
462 1429 740 1508 consolationem,
761 1453 862 1521 super
880 1455 934 1513 ea,
957 1455 1032 1525 quae
1048 1433 1111 1522 ipsi
1126 1431 1185 1498 de-

145 1535 223 1617 beo,
235 1535 314 1604 huic
325 1536 410 1605 libro
423 1537 563 1605 libenter
574 1541 713 1618 inserui,
725 1541 803 1630 quia
813 1537 976 1606 honorem
987 1539 1058 1632 ejus
1071 1540 1130 1608 tibi
1140 1540 1187 1608 la·

144 1663 241 1715 turus
253 1665 439 1740 acceptum.
453 1646 606 1715 Excludit
617 1647 776 1715 volumen
788 1648 1029 1718 Genethliacon
1040 1653 1183 1734 Lucani,

94 1773 127 1825 25
145 1759 236 1854 quod
259 1759 350 1828 Polla
370 1763 565 1852 Argentaria
586 1761 758 1827 carissima
779 1783 943 1844 uxorum,
966 1786 1072 1856 quum
1093 1762 1185 1830 hunc

144 1869 233 1937 diem
259 1871 344 1937 forte
369 1893 660 1951 consecraremus,
690 1873 850 1962 imputari
878 1872 941 1940 sibi
965 1870 1081 1939 voluit.
1114 1877 1185 1964 Ego

110 1969 114 1982 ⁸
143 2004 213 2047 non
231 1984 327 2073 potui
346 1980 508 2074 majorem
529 1985 612 2049 tanti
635 1985 780 2050 auctoris
802 1981 925 2050 habere
944 1986 1183 2066 reverentiam,

144 2115 246 2185 quam
260 2091 350 2184 quod
366 2091 481 2160 laudes
496 2090 567 2184 ejus
583 2091 733 2159 dicturus
748 2091 958 2159 hexametros
970 2115 1063 2160 meos
1076 2095 1183 2159 timui.

144 2207 224 2269 Haee
235 2201 481 2298 qualiacunque
493 2220 587 2287 sunt,
600 2204 719 2271 Melior
730 2205 915 2284 carissime,
929 2205 956 2269 ai
967 2201 1027 2268 tibi
1038 2226 1107 2270 non
1118 2202 1185 2270 dis-

92 2327 126 2378 30
143 2312 337 2409 plicuerint,
358 2333 429 2382 ate
446 2315 620 2409 publicum
641 2317 821 2406 accipiant3
843 2315 896 2380 sin
914 2316 1043 2393 minue,
1064 2312 1107 2381 ad
1128 2339 1185 2382 me

144 2441 362 2494 revertantur.

181 2635 220 2686 13.
240 2633 288 2685 Ed.
303 2653 342 2706 pr.
355 2636 405 2689 rint
416 2639 512 2689 corda-.-
526 2634 637 2690 Sollatia
719 2642 759 2710 24.
778 2642 826 2694 Ed.
842 2643 926 2713 princ.
940 2639 984 2690 riti
998 2635 1095 2690 laturus
1108 2654 1183 2688 aece-

143 2710 239 2780 Pcllii,
254 2727 305 2766 etc.
323 2717 355 2766 A.
681 2719 989 2791 ptoescluditvolumeu:
1003 2716 1182 2769 Geuolltlucon

179 2789 223 2856 15,
240 2793 279 2845 16.
298 2793 345 2846 Ed.
357 2813 396 2866 pr.
408 2795 451 2847 ted
458 2795 554 2854 amicus
564 2795 638 2865 iqua·
683 2803 793 2854 Lucani,
809 2801 841 2853 Α.

143 2873 209 2924 ravit
218 2872 293 2926 irene
303 2883 387 2939 tuam,
399 2888 448 2927 etc.
462 2877 494 2926 A.
720 2874 1098 2934 25.carissimauxorum.lidd
1106 2875 1181 2925 R01¹¹·

179 2953 219 3006 18.
238 2958 288 3006 l’ro
295 2953 467 3024 facilitatem,
483 2953 525 3006 ed.
540 2973 580 3026 pr·
589 2953 638 3024 fa·
683 2973 710 3012 et
723 2963 808 3013 Parni.
823 2958 971 3011 alariarum.
988 2954 1033 3008 Ed.
1049 2975 1090 3026 pr.
1103 2954 1183 3007 earis-
1261 3007 1270 3020 ,

140 3032 279 3094 cullsslemt
291 3053 364 3100 mox,
375 3052 421 3098 ao,
430 3051 479 3104 pro
487 3033 521 3084 ad
531 3033 637 3100 Utrum,
681 3039 747 3090 sima
760 3056 832 3089 uxor.
845 3066 880 3077 -
892 3033 958 3088 cod.
972 3038 1029 3087 Par.
1041 3034 1183 3086 clarissima

143 3109 248 3176 eadem,
258 3113 402 3166 adversum.
421 3114 452 3164 A.
682 3135 807 3182 uxorum,
823 3130 849 3166 et
865 3117 891 3165 in
906 3115 1036 3184 margine,
1051 3113 1183 3166 carissima

178 3207 219 3242 ar.
238 3192 286 3244 Ed.
298 3195 381 3264 princ.
391 3196 521 3264 seriptum.
540 3194 571 3246 A.
682 3187 828 3251 arcanuia.
843 3205 900 3244 not.
918 3193 951 3243 Λ.

177 3269 219 3320 23.
238 3272 293 3343 Ipsi
303 3273 393 3338 debeo,
406 3273 468 3322 huic
480 3268 543 3324 libro
556 3273 638 3326 libeu-
718 3275 760 3327 26.
781 3276 997 3325 Consecraremus.
1012 3267 1081 3321 Edit.
1095 3271 1181 3324 Parin.

50 3353 52 3356 ’
141 3361 179 3400 ter
188 3349 289 3400 inserui.
300 3353 384 3403 Parm.
398 3351 544 3422 iptidelroc
557 3352 636 3419 libro,
682 3354 884 3416 consideremus,
907 3351 983 3402 Rom.
1007 3345 1183 3400 considerare-

143 3427 202 3479 lruic
211 3428 318 3494 inserui,
331 3443 380 3481 ete.
394 3432 498 3484 Omisso
509 3433 543 3483 aa*
555 3431 637 3484 liben-
682 3453 745 3486 mus.
756 3462 791 3472 —
802 3428 869 3484 cod.
884 3431 942 3480 Par.
957 3427 1183 3492 consideraremus,

140 3519 185 3572 ter,
199 3507 272 3578 quod
282 3521 308 3560 et
317 3509 516 3564 faeitflomana.
527 3515 635 3568 —Cod
682 3511 723 3563 ed.
738 3530 779 3582 pr,
792 3497 987 3563 comidiremus.
1008 3508 1039 3558 A.

142 3588 220 3639 Paria.
239 3586 280 3640 ed.
296 3592 390 3660 princ..
409 3591 460 3660 ipse
474 3593 505 3644 da
517 3593 566 3645 hoc
576 3594 637 3646 huic
718 3606 760 3657 ²7·
779 3588 829 3639 Ed.
842 3608 883 3658 pr.
897 3589 993 3640 omittit
1002 3588 1134 3658 majorem.
1149 3589 1180 3638 Α.

52 3705 56 3719 .
142 3666 185 3718 lib.
200 3668 302 3719 inserui.
317 3673 348 3722 A.
361 3701 396 3708 -
410 3673 511 3724 Voeern
531 3673 638 3726 libenter
718 3685 751 3737 29
763 3687 817 3740 seq.
837 3667 886 3718 Ed.
899 3687 939 3738 pr.
952 3667 1140 3739 qualicunque.
1153 3705 1178 3716 ..

140 3748 261 3798 nesciunt
281 3761 383 3802 veteres
405 3751 549 3816 editiones;
575 3755 635 3807 ideo
681 3747 841 3822 displicuerit
856 3749 891 3799 ud
907 3759 931 3800 10
943 3768 970 3819 p·
987 3769 1011 3800 a·
1031 3747 1135 3800 Summi
1148 3747 1185 3797 ‘111

141 3817 302 3872 excludatur.
682 3847 723 3878 me
733 3837 824 3880 reuert.
843 3827 873 3877 Α.

644 4025 673 4048 ,,
