2858 4492
193 293 257 374 254
442 293 479 357 P.
504 291 538 352 P.
564 289 716 354 STATll
741 288 982 354 sttvrttutt

172 423 453 512 'Cecropiamque
465 415 655 501 lidem3sed
666 415 805 484 laudum
816 418 980 486 terminus
992 433 1082 502 esto,
1201 433 1234 487 5⁵

191 537 298 617 Quem
310 531 446 597 fortune
456 530 546 596 sinit.
558 532 634 594 Non
646 542 758 594 mente
769 525 899 594 fidelior
909 549 999 618 seqre

192 644 341 734 Speravit
351 639 439 710 tardi
450 639 578 707 reditus
591 642 749 706 Eumaeus
762 636 861 705 Ulixi.

237 751 319 836 Quis
332 755 436 832 Deus,
447 765 506 816 aut
518 750 674 843 quisnam
685 765 755 815 tam
766 749 874 814 tristia
885 746 1026 816 vulnere
1039 769 1138 818 casus

192 859 310 953 Eligit?
322 859 413 928 unde
424 883 546 928 manus
558 861 647 925 Fatis
659 872 729 925 tam
740 874 831 926 certe
842 855 1005 926 nocendi?

192 972 334 1065 Oquam
346 969 469 1036 divitiis
480 991 653 1062 censuque
667 982 787 1036 exutus
798 969 911 1059 opimo

192 1083 332 1162 Fortior,
348 1085 451 1159 Urse,
462 1079 569 1148 iores!
584 1081 613 1146 si
625 1076 679 1147 vel
691 1077 843 1147 fumante
854 1080 952 1145 ruine

192 1194 392 1258 Ruetessent
403 1189 488 1256 dites
501 1185 670 1256 Vesuiina
681 1187 834 1257 incendia
846 1194 985 1270 Locros,

192 1303 257 1368 Seu
269 1297 475 1366 Pollentinos
487 1303 683 1368 mersissent
693 1298 837 1366 flumina
847 1299 967 1367 saltus:

192 1413 256 1477 Seu
268 1415 425 1480 Lucanus
438 1435 529 1506 eger,
541 1437 602 1480 seu
613 1411 771 1506 Tybridis
783 1415 943 1505 impetus,
956 1409 1038 1478 altus

194 1526 233 1588 lu
245 1521 398 1592 dextram
409 1526 561 1594 torsisset
571 1539 857 1617 aquas,paterere
869 1546 986 1592 serena
1200 1534 1237 1588 ts

193 1637 315 1700 Fronte
328 1635 432 1702 Deos:
447 1637 516 1702 sive
527 1633 615 1700 alma
629 1633 746 1715 fidem,
761 1649 954 1727 messesque
965 1647 1118 1725 negasset

192 1745 371 1837 Cretaque,
383 1748 595 1837 Cyreneque,
609 1760 643 1811 et
653 1767 721 1839 qua
732 1741 792 1810 tibi
804 1766 950 1836 cumque
960 1740 1058 1809 beato

193 1856 301 1944 Larga
312 1853 398 1920 redit
410 1859 558 1919 Fortuna
570 1856 660 1918 sinu:
676 1850 735 1918 sed
748 1874 851 1942 gnere
861 1850 1017 1919 dolorum

194 1961 321 2029 Invidia
334 1961 451 2028 infelix
463 1963 565 2030 animi
577 1960 688 2029 vitalia
699 1960 798 2042 vidit,

84 2061 93 2076 ⁵
193 2071 419 2167 Laedendique
431 2076 511 2142 vies.
524 2077 610 2142 Vitae
621 2074 723 2143 modo
734 2072 850 2142 limine
862 2072 986 2144 adtrltae
1206 2103 1240 2150 7⁰

194 2185 333 2249 Nectere
344 2181 674 2276 tendebetjuvenum
686 2181 935 2277 pulcherrimus
947 2181 1002 2250 ille

193 2294 278 2360 Cum
291 2292 397 2362 tribus
408 2291 496 2362 Eleis
509 2318 613 2362 unum
625 2291 795 2364 trieterida
804 2291 931 2362 lustris.

193 2401 342 2470 Attendit
353 2419 451 2472 torvo
462 2407 566 2472 tristis
578 2405 786 2473 Rhamnusia
796 2401 892 2471 vultu
903 2431 910 2470 :

193 2521 240 2580 Ac
251 2515 399 2607 primum
411 2513 627 2610 implevitque
640 2534 747 2598 toros,
761 2513 934 2609 oculisque
947 2518 1091 2582 nitorem

194 2624 500 2710 Addidit,ets01ito
512 2627 690 2698 sublimius
701 2652 760 2696 ora
771 2625 894 2696 levavit
1206 2639 1239 2707 γε

171 2793 174 2798 .
193 2743 299 2824 (Heu!
313 2741 437 2808 misero
449 2738 548 2808 letale
560 2742 706 2829 favens),
720 2761 860 2834 seseque
871 2736 1015 2806 videndo

193 2855 321 2935 Torsit,
335 2869 368 2922 et
379 2853 519 2921 invitam
532 2857 676 2922 Mortem
688 2851 878 2945 complexe,
887 2849 1012 2945 jeoenti

229 3051 272 3118 57.
291 3051 341 3102 l’ro
365 3049 454 3115 Ulixi,
475 3048 543 3104 cod.
565 3053 645 3104 Parii.
668 3065 693 3104 et
738 3048 772 3101 td
790 3047 867 3103 Orid.
887 3049 994 3099 Metam.
1014 3047 1083 3110 xlv,
1100 3041 1169 3108 325,
1187 3061 1241 3118 po

193 3127 270 3178 (ime.
280 3127 428 3194 elisseae!
440 3126 548 3199 Ulyssis5
557 3126 598 3178 etl.
607 3131 691 3199 princ.
738 3125 823 3180 lustris
835 3127 944 3195 conjicit
955 3124 1045 3185 tuom
1056 3122 1121 3176 nihil
1134 3137 1241 3176 muten-

193 3205 322 3259 Bumelus
337 3205 435 3276 Ulyxis.
455 3207 485 3258 Δ.
738 3206 819 3258 dum:
838 3205 905 3257 Elea
924 3204 1020 3271 lustin,
1042 3218 1072 3256 ut
1090 3201 1241 3275 capitolina

229 3281 271 3334 58.
290 3287 340 3334 Pro
354 3301 438 3348 rosen,
456 3283 499 3335 ed.
516 3304 556 3355 pr.
571 3303 652 3349 unas,
668 3299 693 3337 et
739 3285 1057 3354 lustra,etlUxor.v.9t;
1066 3281 1182 3355 petrium
1192 3297 1241 3334 m

194 3377 257 3412 vere
271 3378 327 3430 req.
340 3363 396 3431 jam
411 3378 461 3431 pro
474 3371 536 3413 tam.
555 3361 587 3412 A.
739 3364 946 3438 Neapolitanum
970 3361 1080 3416 luttntm
1090 3401 1100 3430 ,
1123 3362 1241 3416 Surrent.
1311 3427 1314 3438 Ι

228 3437 272 3489 65.
290 3439 451 3506 Perterrito,
462 3439 524 3493 edit.
534 3459 575 3512 pr.
585 3457 691 3494 smoot-
739 3445 804 3497 Poll.
817 3465 842 3498 v.
855 3445 885 3511 6,
898 3457 923 3497 et
936 3441 1030 3496 simili·
1042 3444 1150 3514 passim.

230 3536 273 3588 7⁰.
291 3521 342 3572 Pro
357 3518 464 3588 limine,
478 3520 546 3574 cod.
561 3524 618 3574 Par.
631 3521 692 3574 edd.
776 3527 818 3595 74.
837 3527 890 3577 Pro
902 3522 1034 3598 implevit,
1047 3521 1089 3575 orl.
1100 3539 1140 3594 pr.
1155 3520 1243 3592 inpii-

194 3615 234 3668 pr.
250 3597 310 3649 Ald.
331 3611 357 3650 et
374 3611 437 3650 vett.
455 3618 563 3666 omnes,
580 3617 693 3652 eumen.
739 3606 801 3658 cuit.
821 3606 852 3656 Δ.

194 3675 253 3728 vid.
267 3689 323 3728 not.
342 3677 373 3727 Δ.
776 3700 818 3753 77.
837 3681 952 3734 Invitum
968 3681 1081 3732 Mortem
1095 3677 1241 3750 complexu.

230 3771 273 3825 7¹.
295 3754 433 3807 Tendebat.
444 3755 511 3808 nod.
524 3758 603 3809 Puris.
616 3767 696 3810 totto·
740 3760 826 3834 Vulgo
838 3757 964 3814 insidiam
976 3769 1136 3833 mortemque
1144 3757 1244 3832 euple

195 3835 272 3887 botin
284 3838 412 3906 mergium
426 3835 484 3886 Ald.
498 3836 622 3888 moueat.
634 3837 693 3890 vid.
739 3857 781 3892 xre
794 3865 829 3880 ·-·
840 3837 904 3891 cod.
918 3839 997 3891 Puris.
1013 3837 1073 3890 edd.
1085 3855 1124 3908 pr.
1141 3836 1201 3890 nld.
1216 3852 1244 3889 et

195 3915 272 3970 linem
284 3928 339 3967 not.
352 3915 386 3966 ed
398 3933 465 3967 vers.
480 3931 521 3982 7⁰·
541 3917 573 3968 Δ.
738 3933 790 3972 vet.
814 3918 914 3970 inuidia
931 3931 1091 3990 mortemque
1108 3917 1243 3989 emplm.

231 4013 273 4066 7²·
293 3994 364 4048 Eleis
377 4013 404 4046 u.
420 4004 437 4044 t
451 3991 544 4047 turis.
556 3997 694 4062 lleinnins,
740 3997 799 4050 vid.
812 4011 869 4050 not.
889 3999 920 4048 Δ.
