2804 4490
173 347 237 388 200
364 322 499 386 NOTAE
524 323 572 384 IN
596 323 794 386 ctRMEtt
819 324 1018 388 PRIMUM
1055 267 1060 282 ·

207 447 266 500 205.
286 449 320 498 Et
332 449 420 499 obtuso
429 445 557 518 pollentes
565 446 773 576 geminesores.
792 447 886 500 Obtuso
898 461 937 499 eat
952 448 1052 514 lebete,
1067 452 1153 502 minua
1163 469 1209 502 er·

170 531 264 581 citato.-
277 541 306 578 ut
317 525 446 580 Thebaid.
458 527 495 592 X,
512 525 575 577 135:
591 549 602 571 ι
613 545 675 578 exeo
695 528 715 576 it
725 529 830 596 gravior
841 527 1006 596 nigrantibus
1017 531 1100 580 antri·
1113 531 1172 596 lrio,
1185 541 1210 583 et

172 608 296 660 obtusum
310 605 393 658 multo
406 604 486 676 jubar
497 607 592 656 excitat
605 603 716 667 imbri;=
733 607 849 658 obtusum
860 605 950 678 jubar,
963 608 1089 680 languent
1104 622 1130 660 et
1141 628 1211 661 mar·

171 706 242 747 cens,·
256 696 362 739 contuso
373 684 466 737 eodem
480 702 557 738 sensu
569 683 743 752 Claudianus,
757 684 791 736 de
803 683 867 736 Bell.
878 683 946 737 Gild.
960 687 992 736 Et
1002 697 1085 739 recreo
1096 687 1165 752 sole,
1177 687 1210 739 de

171 769 250 819 Cone.
265 764 344 817 Proh.
357 779 383 816 et
395 763 483 837 Olybr.
499 783 523 814 v.
539 781 580 829 21,
595 761 642 815 ubi
652 761 780 816 ridendus
791 766 923 816 Heinsius.
937 766 1007 817 Bene
1018 767 1098 836 igitur
1110 779 1137 818 et
1147 785 1211 836 pro-

172 848 227 918 prie
244 844 298 896 hirc
314 862 362 895 vox
379 841 432 894 hoe
446 861 524 895 sensu
541 855 682 912 usurpatur
696 843 804 915 quando
818 843 851 895 de
865 843 1004 911 coloribus,
1021 859 1067 896 aut
1079 846 1150 913 luce,
1166 861 1212 898 aut

172 925 249 977 rebus
263 923 356 976 lucidis
369 941 455 976 sermo
468 922 509 989 lit,
523 936 551 973 ut
562 923 589 973 in
601 919 653 972 hoe
666 921 735 973 loeo.
747 922 837 995 Longe
849 922 951 976 diversa
963 942 1004 976 res
1017 937 1068 989 est,
1081 924 1148 977 eiad
1161 924 1211 977 alia

171 1005 325 1066 transferas,
335 1020 390 1054 non
401 1007 469 1055 enirn
478 1015 554 1074 potes
564 999 760 1071 dicereserrum
770 1003 889 1056 obtutum
900 1003 940 1055 vel
946 1002 1011 1074 falx
1019 1004 1108 1056 obtura
1118 1003 1210 1056 eodem

172 1101 266 1148 seusu,
279 1100 333 1153 quo
345 1080 384 1134 sol
399 1083 499 1133 obtusus
510 1081 619 1152 etjubar
629 1080 758 1145 ooooum,
772 1101 818 1134 eeu
828 1099 922 1153 pamm
932 1082 1076 1155 splendens.
1093 1085 1154 1135 Huc
1166 1081 1211 1135 ad·

172 1177 251 1228 noto,
263 1175 292 1213 ut
302 1159 389 1211 videas
401 1180 456 1212 non
467 1172 538 1212 recte
549 1161 675 1230 conjungi
687 1161 776 1213 obtuso
784 1160 913 1234 germine,
925 1180 1007 1233 quum
1018 1161 1051 1214 de
1063 1162 1148 1213 colore
1158 1160 1210 1214 hoc

124 1257 131 1282 t
171 1243 231 1293 loeo
246 1241 288 1310 agi
299 1252 425 1310 appareat
438 1257 468 1291 ex
481 1257 547 1292 voce
555 1236 691 1309 pallentes.
704 1239 787 1310 Lege,
803 1254 850 1292 net
862 1240 957 1294 obtuso
970 1240 1098 1312 pallentes
1112 1242 1210 1292 lumine

172 1321 262 1383 lloree;
272 1343 283 1365 ι
299 1321 447 1385 Ausonius,
459 1317 552 1389 Cupid.
566 1318 663 1371 Crucis.
676 1335 701 1366 v.
714 1318 745 1368 8:

354 1427 459 1486 Quorum
468 1441 512 1487 per
520 1425 581 1486 ripae
592 1422 705 1471 nebuloro
713 1423 800 1470 lumine
810 1439 912 1475 marcent

357 1497 415 1544 Fleti
424 1496 479 1542 olim
487 1511 567 1558 regum
577 1507 601 1542 et
610 1511 736 1558 puerorum
745 1498 838 1543 nomina
848 1497 931 1546 florea:

172 1600 218 1652 ubi
232 1599 310 1650 flores
321 1609 441 1649 marcent
452 1592 571 1647 nebuloso
584 1592 696 1659 lumine,
708 1607 738 1646 ut
748 1591 792 1646 hic
804 1593 882 1648 liores
893 1595 992 1667 pollent
1004 1596 1091 1649 obtuso
1103 1593 1208 1646 lumine.
1254 1633 1259 1670 ,

172 1679 235 1732 Ptin.
251 1681 332 1750 Epist.
347 1681 380 1741 V,
394 1677 427 1730 6:
446 1699 457 1721 ι
468 1674 562 1726 Lectus
576 1673 635 1738 hic,
650 1687 677 1725 et
690 1673 807 1746 undique
823 1676 959 1741 feneatrae,
976 1688 1003 1726 et
1020 1688 1107 1726 tamen
1122 1673 1211 1725 lumen

172 1757 314 1812 obscurum
333 1756 426 1809 umbra
443 1768 609 1827 premente.»
626 1754 710 1806 Versu
728 1753 902 1825 praecedenti,
920 1755 1015 1808 steriles
1032 1773 1132 1810 muros:
1149 1753 1211 1806 audi

172 1838 345 1908 glossatorem
356 1835 389 1887 ad
401 1833 486 1888 Theb.
499 1836 534 1898 Π,
551 1849 598 1897 12,
614 1833 703 1884 «Tum
715 1834 816 1886 steriles
828 1833 894 1900 luci,
906 1853 1080 1906 possessaque
1089 1834 1210 1888 Manibus

173 1935 250 1969 arva:
262 1940 273 1962 ι
284 1914 361 1987 Apud
371 1914 470 1965 infero·
479 1910 605 1963 credibile
615 1924 654 1963 eat
663 1910 727 1964 nihil
734 1914 821 1983 gigni,
831 1915 893 1985 quia
902 1914 957 1966 illie
966 1928 1028 1967 eunt
1036 1914 1211 1966 hahitatiouee

172 1997 225 2047 rita
237 1997 397 2048 iunctorum.
411 1994 443 2044 Et
456 1995 477 2045 ai
490 1990 553 2062 qnid
566 1993 725 2060 gigneretur,
739 2007 847 2042 necesse
859 2007 928 2046 eeaet
942 1996 1078 2063 imaginari
1091 1993 1158 2047 atior
1171 1995 1211 2043 in·

173 2075 259 2140 leros,
271 2091 324 2145 quo
336 2083 518 2144 postmortem
531 2068 602 2122 istud
614 2067 749 2120 recideret.

211 2241 272 2306 ²¹4·
289 2238 362 2290 Soeoa
378 2236 480 2308 cupido.
500 2239 585 2307 Lege,
605 2253 670 2288 ccco
684 2236 787 2308 cupido.
802 2236 905 2287 Lueret.
922 2235 973 2303 lll,
989 2236 1041 2306 59:
1059 2234 1212 2288 «honorum

175 2337 242 2371 caeca
254 2315 366 2387 eupido;
378 2341 389 2362 υ
403 2315 481 2367 Ovid.
492 2315 599 2368 Metam.
613 2317 660 2380 lll,
672 2316 740 2367 620:
757 2337 768 2359 t
779 2315 869 2366 Praedae
878 2329 931 2366 tarn
944 2335 1012 2367 eaeca
1025 2315 1122 2388 cupido
1136 2329 1188 2376 est,
1199 2340 1210 2360 ι

174 2397 263 2450 ΜιιιιίΙ.
278 2398 323 2463 lV,
336 2414 361 2447 t:
379 2414 521 2469 aeneaque
532 2395 657 2468 cupidine
669 2395 793 2447 reruml»
809 2396 994 2460 Mamertinus,
1006 2394 1082 2447 Grat.
1092 2397 1150 2445 Aet.
1163 2413 1213 2464 pro

174 2476 283 2530 Consul.
296 2493 354 2547 cup.
371 2477 417 2529 13:
434 2489 563 2548 upropter
576 2494 670 2528 cacum
681 2472 829 2544 imperandi
840 2472 991 2544 cupidinem
1002 2476 1030 2526 in
1040 2473 1137 2524 ferrum
1152 2491 1216 2524 rue-

173 2569 250 2619 runt,
261 2581 272 2604 ι
284 2555 403 2608 Juvenal.
412 2555 449 2621 X,
458 2555 504 2608 3⁵·
518 2576 524 2605 ε
541 2571 683 2626 «cecoque
694 2552 819 2625 cupidine
830 2553 937 2616 dueti3·
952 2552 1022 2606 idem
1034 2553 1214 2619 tamenxnt,

178 2637 241 2708 175:
259 2659 271 2683 ι
282 2655 347 2689 saeva
360 2635 458 2708 cupido
472 2635 606 2688 immodici
622 2653 728 2696 censua;
739 2658 750 2680 ι
767 2635 812 2687 ubi
824 2649 914 2689 ‚tamen
925 2648 1046 2706 prestare
1059 2645 1125 2706 puto
1137 2652 1212 2686 eoeea.

212 2801 269 2854 215.
289 2801 344 2877 llos
360 2819 403 2854 ora
421 2802 528 2874 rigentia
543 2803 655 2854 Brumoe.
672 2801 703 2852 ld
717 2814 770 2868 eat,
786 2819 830 2854 ora
845 2803 950 2875 rigentis
961 2802 1076 2866 Brome,
1087 2794 1214 2850 translato

175 2881 307 2954 epitheto,
320 2894 349 2932 ut
362 2883 473 2952 poesim
488 2902 533 2934 oro
546 2882 649 2934 Brumoe
661 2882 778 2957 rigentis,
791 2900 842 2953 pro
855 2882 953 2934 Bntmo
964 2882 1061 2954 rigens,
1072 2889 1101 2930 ut
1114 2877 1215 2929 &sont

177 2982 222 3015 oro
236 2964 320 3034 tetigit
332 2965 435 3033 jactura
450 2962 549 3029 leonis,
565 2962 626 3016 Silr.
641 2965 675 3029 tt,
689 2964 719 3027 5,
732 2983 782 3035 pro
796 2966 918 3017 &sarem
931 2965 1028 3034 tetigit;
1042 2959 1113 3012 unde
1126 2955 1215 3009 redar-

176 3043 264 3111 guitur
276 3042 422 3106 Domitius,
434 3043 479 3112 qui
488 3038 552 3093 dicit
565 3043 687 3094 Cererem
697 3041 783 3108 flesse:
797 3039 869 3111 quod
883 3057 913 3090 ex
926 3037 1049 3092 hocloco
1061 3035 1149 3106 colligi
1160 3052 1214 3085 non

178 3133 274 3189 potest.
290 3121 425 3187 Lucanus,
439 3120 476 3186 ll,
490 3139 555 3172 verr.
573 3119 636 3186 ¹ll²

607 3251 612 3262 .
623 3249 629 3262 .
640 3249 646 3261 .
657 3250 662 3260 .
672 3229 787 3278 eaetoaque
798 3211 912 3260 Atlantide
921 3212 977 3259 silva

361 3289 495 3350 imposuere
504 3289 586 3342 orbec,
597 3286 676 3349 quates
685 3285 714 3331 ad
723 3286 818 3332 Carraria
827 3297 868 3328 ora

360 3357 409 3404 Nee
418 3371 486 3420 capto
495 3373 580 3404 venere
589 3357 656 3402 lube.
670 3409 671 3414 ¹

176 3454 212 3503 lta
227 3452 379 3522 legendum
393 3457 485 3526 vulgo,
496 3467 631 3526 sectorque.
644 3451 688 3505 Sil.
699 3452 781 3503 Italic.
795 3449 845 3516 lX,
857 3471 881 3503 v.
898 3451 963 3506 130:
978 3471 990 3495 ι
999 3448 1041 3501 Ad
1053 3467 1099 3501 vor
1112 3461 1139 3501 et
1151 3469 1217 3502 cara

176 3534 351 3603 properabam
365 3539 484 3606 conjugia
498 3555 557 3598 ora;
568 3559 579 3580 υ
596 3535 685 3587 Senec.
700 3531 770 3585 oud.
783 3544 833 3583 act.
846 3533 885 3598 ll,
899 3533 933 3584 ad
945 3531 989 3582 lin.
1007 3527 1146 3583 «candida
1157 3530 1217 3593 'for-

176 3613 242 3663 mosi
257 3614 440 3666 venerabimur
453 3633 499 3665 ora
510 3613 613 3685 Lycia
629 3611 657 3663 id
672 3624 724 3676 est,
737 3613 851 3682 Lycum
868 3611 1000 3663 Audacter
1013 3609 1081 3662 idem
1096 3627 1142 3660 oro
1154 3609 1218 3680 biqoe

176 3709 225 3762 pro
240 3693 340 3766 bigam,
353 3695 430 3746 llere.
443 3695 503 3746 OEt.
518 3713 541 3744 ι.
555 3693 615 3746 518.
627 3693 709 3744 Etiam
722 3693 779 3763 ipae
790 3690 882 3761 Virgil.
895 3693 953 3742 AEn.
968 3692 1031 3757 Xll,
1043 3711 1066 3740 v.
1077 3689 1143 3754 335,
1155 3687 1219 3739 dicit

176 3788 221 3822 oro
235 3771 389 3824 Fomidinr‘s
399 3791 448 3842 pro
461 3773 595 3832 toeniam
610 3771 646 3824 ita
660 3773 730 3823 enim
743 3769 910 3824 scribendum
922 3781 948 3819 et
962 3765 1160 3840 intelligendum
1169 3803 1177 3826 ,
1186 3785 1218 3817 ex

177 3851 298 3903 Lucretio
310 3851 355 3902 lib.
366 3852 401 3901 vt
409 3871 415 3900 ι
430 3875 441 3896 ι
452 3851 608 3922 impendent
620 3865 680 3906 atre
691 3849 839 3905 formidinis
851 3869 897 3903 ora
908 3869 1030 3922 superne.
1041 3873 1052 3896 ι
1065 3845 1218 3901 Fomidtnts

177 3949 236 3998 era,
250 3930 277 3983 id
293 3943 345 3993 eat,
359 3931 493 3996 famido,
509 3933 571 4000 tre,
589 3947 615 3986 et
630 3933 784 4006 Insidiegue
801 3951 849 4005 pro
863 3933 982 3986 Peruenit
996 3929 1127 3984 aumendae
1141 3941 1217 3986 amru

176 4012 248 4086 quod
263 4031 315 4063 non
331 4011 457 4064 intellexit
470 4013 588 4082 Servius,
604 4033 632 4068 ut
640 4035 676 4068 ex
689 4014 800 4068 obseura
814 4018 869 4086 ejus
883 4013 1053 4066 adnotatione
1065 4023 1145 4082 patet.
1159 4006 1215 4058 vat.
