<?xml version="1.0" encoding="UTF-8"?>
<!DOCTYPE html PUBLIC "-//W3C//DTD XHTML 1.0 Transitional//EN"
    "http://www.w3.org/TR/xhtml1/DTD/xhtml1-transitional.dtd">
<html xmlns="http://www.w3.org/1999/xhtml" xml:lang="en" lang="en">
 <head>
  <title>
</title>
<meta http-equiv="Content-Type" content="text/html;charset=utf-8" />
  <meta name='ocr-system' content='tesseract 3.04.00' />
  <meta name='ocr-capabilities' content='ocr_page ocr_carea ocr_par ocr_line ocrx_word'/>
</head>
<body>
  <div class='ocr_page' id='page_1' title='image "./quexstantomniao03lemagoog_0174.png"; bbox 0 0 2804 4490; ppageno 0'>
   <div class='ocr_carea' id='block_1_1' title="bbox 186 307 1050 391">
    <p class='ocr_par' dir='ltr' id='par_1_1' title="bbox 186 307 1050 391">
     <span class='ocr_line' id='line_1_1' title="bbox 186 307 1050 391; baseline -0.006 -15"><span class='ocrx_word' id='word_1_1' title='bbox 186 313 247 378; x_wconf 77' lang='lat'><strong>136</strong></span> <span class='ocrx_word' id='word_1_2' title='bbox 352 311 486 377; x_wconf 86' lang='lat' dir='ltr'>NOTAE</span> <span class='ocrx_word' id='word_1_3' title='bbox 510 311 560 374; x_wconf 85' lang='lat' dir='ltr'><strong>IN</strong></span> <span class='ocrx_word' id='word_1_4' title='bbox 584 307 782 374; x_wconf 85' lang='lat' dir='ltr'>CARMEN</span> <span class='ocrx_word' id='word_1_5' title='bbox 805 307 1050 391; x_wconf 82' lang='lat' dir='ltr'>QUARTUM</span> 
     </span>
    </p>
   </div>
   <div class='ocr_carea' id='block_1_2' title="bbox 179 430 1224 1138">
    <p class='ocr_par' dir='ltr' id='par_1_2' title="bbox 179 430 1223 745">
     <span class='ocr_line' id='line_1_2' title="bbox 179 430 1223 508; baseline -0.005 -18"><span class='ocrx_word' id='word_1_6' title='bbox 179 452 283 491; x_wconf 70' lang='lat' dir='ltr'><strong>etatem</strong></span> <span class='ocrx_word' id='word_1_7' title='bbox 295 439 389 492; x_wconf 79' lang='lat' dir='ltr'><strong>bonam</strong></span> <span class='ocrx_word' id='word_1_8' title='bbox 401 435 526 488; x_wconf 86' lang='lat' dir='ltr'><strong>dicebant</strong></span> <span class='ocrx_word' id='word_1_9' title='bbox 535 436 646 508; x_wconf 77' lang='lat' dir='ltr'>antiqui.</span> <span class='ocrx_word' id='word_1_10' title='bbox 657 433 782 500; x_wconf 81' lang='lat' dir='ltr'><strong>Ovidius,</strong></span> <span class='ocrx_word' id='word_1_11' title='bbox 792 434 848 485; x_wconf 79' lang='lat' dir='ltr'><strong>Art.</strong></span> <span class='ocrx_word' id='word_1_12' title='bbox 859 435 944 484; x_wconf 83' lang='lat' dir='ltr'><strong>Amat.</strong></span> <span class='ocrx_word' id='word_1_13' title='bbox 955 430 1223 500; x_wconf 81' lang='lat' dir='ltr'><strong>11‚665,att1,65,</strong></span> 
     </span>
     <span class='ocr_line' id='line_1_3' title="bbox 181 509 1223 583; baseline -0.004 -17"><span class='ocrx_word' id='word_1_14' title='bbox 181 515 234 568; x_wconf 83' lang='lat' dir='ltr'><strong>linc</strong></span> <span class='ocrx_word' id='word_1_15' title='bbox 242 513 528 577; x_wconf 86' lang='lat' dir='ltr'><strong>alludit;Prudentius,</strong></span> <span class='ocrx_word' id='word_1_16' title='bbox 537 512 684 565; x_wconf 83' lang='lat' dir='ltr'><strong>Cathemer.</strong></span> <span class='ocrx_word' id='word_1_17' title='bbox 693 512 807 583; x_wconf 77' lang='lat' dir='ltr'><strong>inlixeq.</strong></span> <span class='ocrx_word' id='word_1_18' title='bbox 817 511 934 563; x_wconf 82' lang='lat' dir='ltr'><strong>defunct.</strong></span> <span class='ocrx_word' id='word_1_19' title='bbox 942 529 981 562; x_wconf 80' lang='lat' dir='ltr'><strong>vs.</strong></span> <span class='ocrx_word' id='word_1_20' title='bbox 990 512 1034 581; x_wconf 84' lang='lat'><strong>93.</strong></span> <span class='ocrx_word' id='word_1_21' title='bbox 1049 509 1223 576; x_wconf 81' lang='lat' dir='ltr'>Claudianus,</span> 
     </span>
     <span class='ocr_line' id='line_1_4' title="bbox 182 587 1223 660; baseline -0.005 -16"><span class='ocrx_word' id='word_1_22' title='bbox 182 593 215 646; x_wconf 85' lang='lat' dir='ltr'><strong>de</strong></span> <span class='ocrx_word' id='word_1_23' title='bbox 227 593 291 646; x_wconf 88' lang='lat' dir='ltr'><strong>Bell.</strong></span> <span class='ocrx_word' id='word_1_24' title='bbox 306 592 376 645; x_wconf 86' lang='lat' dir='ltr'><strong>Gild.</strong></span> <span class='ocrx_word' id='word_1_25' title='bbox 385 611 424 645; x_wconf 81' lang='lat' dir='ltr'><strong>ss.</strong></span> <span class='ocrx_word' id='word_1_26' title='bbox 437 593 504 654; x_wconf 77' lang='lat'>2083</span> <span class='ocrx_word' id='word_1_27' title='bbox 519 605 546 643; x_wconf 88' lang='lat' dir='ltr'><strong>et</strong></span> <span class='ocrx_word' id='word_1_28' title='bbox 560 590 612 643; x_wconf 90' lang='lat' dir='ltr'><strong>hoc</strong></span> <span class='ocrx_word' id='word_1_29' title='bbox 626 609 706 644; x_wconf 88' lang='lat' dir='ltr'><strong>sensu</strong></span> <span class='ocrx_word' id='word_1_30' title='bbox 718 587 920 660; x_wconf 73' lang='lat' dir='ltr'><strong>intelligendum</strong></span> <span class='ocrx_word' id='word_1_31' title='bbox 933 588 1006 643; x_wconf 87' lang='lat' dir='ltr'><strong>istud</strong></span> <span class='ocrx_word' id='word_1_32' title='bbox 1019 588 1147 642; x_wconf 74' lang='lat' dir='ltr'><strong>Martialis</strong></span> <span class='ocrx_word' id='word_1_33' title='bbox 1158 590 1223 660; x_wconf 79' lang='lat' dir='ltr'><strong>Epi-</strong></span> 
     </span>
     <span class='ocr_line' id='line_1_5' title="bbox 181 670 636 745; baseline -0.009 -19"><span class='ocrx_word' id='word_1_34' title='bbox 181 670 636 745; x_wconf 72' lang='lat' dir='ltr'><strong>gramm.lX,xrr,1,deliarino:</strong></span> 
     </span>
    </p>

    <p class='ocr_par' dir='ltr' id='par_1_3' title="bbox 414 756 855 820">
     <span class='ocr_line' id='line_1_6' title="bbox 414 756 855 820; baseline -0.009 -16"><span class='ocrx_word' id='word_1_35' title='bbox 414 761 505 804; x_wconf 82' lang='lat' dir='ltr'><strong>Nomen</strong></span> <span class='ocrx_word' id='word_1_36' title='bbox 513 775 565 804; x_wconf 86' lang='lat' dir='ltr'><strong>curu</strong></span> <span class='ocrx_word' id='word_1_37' title='bbox 574 756 640 804; x_wconf 78' lang='lat' dir='ltr'><strong>violis</strong></span> <span class='ocrx_word' id='word_1_38' title='bbox 648 759 753 820; x_wconf 86' lang='lat' dir='ltr'><strong>rosisque</strong></span> <span class='ocrx_word' id='word_1_39' title='bbox 762 767 855 812; x_wconf 80' lang='lat' dir='ltr'><strong>natum,</strong></span> 
     </span>
    </p>

    <p class='ocr_par' dir='ltr' id='par_1_4' title="bbox 183 827 1224 1138">
     <span class='ocr_line' id='line_1_7' title="bbox 411 827 847 892; baseline -0.002 -19"><span class='ocrx_word' id='word_1_40' title='bbox 411 829 464 888; x_wconf 84' lang='lat' dir='ltr'><strong>Quo</strong></span> <span class='ocrx_word' id='word_1_41' title='bbox 472 841 526 890; x_wconf 84' lang='lat' dir='ltr'><strong>pars</strong></span> <span class='ocrx_word' id='word_1_42' title='bbox 534 829 619 892; x_wconf 81' lang='lat' dir='ltr'><strong>optima</strong></span> <span class='ocrx_word' id='word_1_43' title='bbox 629 842 777 890; x_wconf 85' lang='lat' dir='ltr'><strong>nuncupatur</strong></span> <span class='ocrx_word' id='word_1_44' title='bbox 785 827 847 873; x_wconf 83' lang='lat' dir='ltr'><strong>anni.</strong></span> 
     </span>
     <span class='ocr_line' id='line_1_8' title="bbox 185 905 1223 978; baseline -0.006 -16"><span class='ocrx_word' id='word_1_45' title='bbox 185 909 245 977; x_wconf 84' lang='lat' dir='ltr'><strong>Ver,</strong></span> <span class='ocrx_word' id='word_1_46' title='bbox 262 906 438 976; x_wconf 71' lang='lat' dir='ltr'><strong>scilicet&#39;tiap,</strong></span> <span class='ocrx_word' id='word_1_47' title='bbox 449 926 495 960; x_wconf 86' lang='lat' dir='ltr'><strong>ver</strong></span> <span class='ocrx_word' id='word_1_48' title='bbox 508 910 579 960; x_wconf 87' lang='lat' dir='ltr'><strong>enim</strong></span> <span class='ocrx_word' id='word_1_49' title='bbox 591 909 653 960; x_wconf 86' lang='lat' dir='ltr'><strong>anni</strong></span> <span class='ocrx_word' id='word_1_50' title='bbox 665 907 739 978; x_wconf 84' lang='lat' dir='ltr'><strong>quasi</strong></span> <span class='ocrx_word' id='word_1_51' title='bbox 749 909 891 978; x_wconf 84' lang='lat' dir='ltr'><strong>juventus.-</strong></span> <span class='ocrx_word' id='word_1_52' title='bbox 910 905 971 957; x_wconf 87' lang='lat' dir='ltr'><strong>ideo</strong></span> <span class='ocrx_word' id='word_1_53' title='bbox 985 905 1093 977; x_wconf 69' lang='lat' dir='ltr'><strong>aptium</strong></span> <span class='ocrx_word' id='word_1_54' title='bbox 1110 905 1223 970; x_wconf 80' lang='lat' dir='ltr'>Seneca,</span> 
     </span>
     <span class='ocr_line' id='line_1_9' title="bbox 183 983 1224 1056; baseline -0.006 -14"><span class='ocrx_word' id='word_1_55' title='bbox 183 991 262 1042; x_wconf 83' lang='lat' dir='ltr'><strong>llere.</strong></span> <span class='ocrx_word' id='word_1_56' title='bbox 276 991 338 1040; x_wconf 86' lang='lat' dir='ltr'><strong>Fur.</strong></span> <span class='ocrx_word' id='word_1_57' title='bbox 348 1005 386 1039; x_wconf 84' lang='lat' dir='ltr'><strong>vs.</strong></span> <span class='ocrx_word' id='word_1_58' title='bbox 399 987 465 1056; x_wconf 74' lang='grc'><strong>849;</strong></span> <span class='ocrx_word' id='word_1_59' title='bbox 480 987 608 1053; x_wconf 80' lang='lat' dir='ltr'><strong>Ovidius,</strong></span> <span class='ocrx_word' id='word_1_60' title='bbox 621 985 685 1038; x_wconf 87' lang='lat' dir='ltr'><strong>ibid.</strong></span> <span class='ocrx_word' id='word_1_61' title='bbox 697 1005 736 1039; x_wconf 83' lang='lat' dir='ltr'><strong>ss.</strong></span> <span class='ocrx_word' id='word_1_62' title='bbox 750 985 811 1052; x_wconf 72' lang='lat' dir='ltr'><strong>iit.</strong></span> <span class='ocrx_word' id='word_1_63' title='bbox 825 986 893 1037; x_wconf 82' lang='lat' dir='ltr'><strong>Huic</strong></span> <span class='ocrx_word' id='word_1_64' title='bbox 906 987 1070 1036; x_wconf 89' lang='lat' dir='ltr'><strong>contrarium</strong></span> <span class='ocrx_word' id='word_1_65' title='bbox 1082 983 1152 1036; x_wconf 87' lang='lat' dir='ltr'><strong>maio</strong></span> <span class='ocrx_word' id='word_1_66' title='bbox 1164 996 1224 1036; x_wconf 81' lang='lat' dir='ltr'><strong>oetas</strong></span> 
     </span>
     <span class='ocr_line' id='line_1_10' title="bbox 183 1063 1103 1138; baseline -0.009 -17"><span class='ocrx_word' id='word_1_67' title='bbox 183 1087 230 1122; x_wconf 89' lang='lat' dir='ltr'><strong>seu</strong></span> <span class='ocrx_word' id='word_1_68' title='bbox 242 1081 375 1134; x_wconf 88' lang='lat' dir='ltr'><strong>senectus,</strong></span> <span class='ocrx_word' id='word_1_69' title='bbox 384 1067 632 1138; x_wconf 81' lang='lat' dir='ltr'><strong>AfraniusVopiseo</strong></span> <span class='ocrx_word' id='word_1_70' title='bbox 644 1063 717 1137; x_wconf 82' lang='lat' dir='ltr'><strong>apud</strong></span> <span class='ocrx_word' id='word_1_71' title='bbox 728 1067 859 1129; x_wconf 85' lang='lat' dir='ltr'><strong>Nonium,</strong></span> <span class='ocrx_word' id='word_1_72' title='bbox 870 1065 898 1116; x_wconf 91' lang='lat' dir='ltr'><strong>in</strong></span> <span class='ocrx_word' id='word_1_73' title='bbox 910 1083 976 1116; x_wconf 87' lang='lat' dir='ltr'><strong>voce</strong></span> <span class='ocrx_word' id='word_1_74' title='bbox 987 1065 1103 1117; x_wconf 64' lang='lat' dir='ltr'><strong>mnium:</strong></span> 
     </span>
    </p>
   </div>
   <div class='ocr_carea' id='block_1_3' title="bbox 184 1153 824 1291">
    <p class='ocr_par' dir='ltr' id='par_1_5' title="bbox 184 1153 824 1291">
     <span class='ocr_line' id='line_1_11' title="bbox 366 1153 824 1202; baseline -0.011 0"><span class='ocrx_word' id='word_1_75' title='bbox 366 1153 428 1202; x_wconf 77' lang='lat' dir='ltr'><strong>stoa</strong></span> <span class='ocrx_word' id='word_1_76' title='bbox 437 1167 491 1202; x_wconf 68' lang='lat' dir='ltr'><strong>ctas</strong></span> <span class='ocrx_word' id='word_1_77' title='bbox 500 1153 561 1200; x_wconf 81' lang='lat' dir='ltr'><strong>nulla</strong></span> <span class='ocrx_word' id='word_1_78' title='bbox 570 1153 718 1202; x_wconf 84' lang='lat' dir='ltr'><strong>delinimenta</strong></span> <span class='ocrx_word' id='word_1_79' title='bbox 727 1153 824 1198; x_wconf 83' lang='lat' dir='ltr'><strong>invenit.</strong></span> 
     </span>
     <span class='ocr_line' id='line_1_12' title="bbox 184 1236 428 1291; baseline -0.008 -1"><span class='ocrx_word' id='word_1_80' title='bbox 184 1236 236 1290; x_wconf 87' lang='lat' dir='ltr'><strong>Sed</strong></span> <span class='ocrx_word' id='word_1_81' title='bbox 246 1240 313 1291; x_wconf 86' lang='lat' dir='ltr'><strong>satis</strong></span> <span class='ocrx_word' id='word_1_82' title='bbox 323 1236 428 1290; x_wconf 87' lang='lat' dir='ltr'><strong>horum.</strong></span> 
     </span>
    </p>
   </div>
   <div class='ocr_carea' id='block_1_4' title="bbox 181 1373 1226 1928">
    <p class='ocr_par' dir='ltr' id='par_1_6' title="bbox 181 1373 1226 1928">
     <span class='ocr_line' id='line_1_13' title="bbox 222 1373 1225 1449; baseline -0.001 -22"><span class='ocrx_word' id='word_1_83' title='bbox 222 1393 262 1428; x_wconf 87' lang='grc' dir='ltr'><strong>ιο.</strong></span> <span class='ocrx_word' id='word_1_84' title='bbox 281 1377 347 1429; x_wconf 84' lang='lat' dir='ltr'><strong>Fora</strong></span> <span class='ocrx_word' id='word_1_85' title='bbox 360 1377 460 1430; x_wconf 77' lang='lat' dir='ltr'><strong>uerbida</strong></span> <span class='ocrx_word' id='word_1_86' title='bbox 472 1387 565 1449; x_wconf 87' lang='lat' dir='ltr'><strong>questu</strong></span> <span class='ocrx_word' id='word_1_87' title='bbox 580 1374 749 1447; x_wconf 74' lang='lat' dir='ltr'><strong>Confuqiunt.</strong></span> <span class='ocrx_word' id='word_1_88' title='bbox 763 1373 886 1440; x_wconf 86' lang='lat' dir='ltr'><strong>Mallem,</strong></span> <span class='ocrx_word' id='word_1_89' title='bbox 898 1397 939 1424; x_wconf 82' lang='grc' dir='ltr'>ι..</span> <span class='ocrx_word' id='word_1_90' title='bbox 962 1413 981 1425; x_wconf 95' lang='grc'><strong>..</strong></span> <span class='ocrx_word' id='word_1_91' title='bbox 995 1387 1116 1445; x_wconf 83' lang='lat' dir='ltr'><strong>questum</strong></span> <span class='ocrx_word' id='word_1_92' title='bbox 1128 1375 1225 1426; x_wconf 83' lang='lat' dir='ltr'><strong>coniu-</strong></span> 
     </span>
     <span class='ocr_line' id='line_1_14' title="bbox 183 1454 1222 1530; baseline -0.001 -22"><span class='ocrx_word' id='word_1_93' title='bbox 183 1457 287 1526; x_wconf 69' lang='lat' dir='ltr'><strong>gium.»</strong></span> <span class='ocrx_word' id='word_1_94' title='bbox 301 1457 465 1528; x_wconf 72' lang='lat' dir='ltr'><strong>confugiunt</strong></span> <span class='ocrx_word' id='word_1_95' title='bbox 473 1467 604 1530; x_wconf 83' lang='lat' dir='ltr'><strong>questum,</strong></span> <span class='ocrx_word' id='word_1_96' title='bbox 616 1467 646 1506; x_wconf 89' lang='lat' dir='ltr'><strong>ut</strong></span> <span class='ocrx_word' id='word_1_97' title='bbox 654 1456 794 1508; x_wconf 85' lang='lat' dir='ltr'><strong>dormitum</strong></span> <span class='ocrx_word' id='word_1_98' title='bbox 805 1454 955 1520; x_wconf 76' lang='lat' dir='ltr'><strong>dimittitur,</strong></span> <span class='ocrx_word' id='word_1_99' title='bbox 964 1457 1056 1506; x_wconf 84' lang='lat' dir='ltr'><strong>Horat.</strong></span> <span class='ocrx_word' id='word_1_100' title='bbox 1066 1454 1148 1526; x_wconf 83' lang='lat' dir='ltr'><strong>Epist.</strong></span> <span class='ocrx_word' id='word_1_101' title='bbox 1161 1458 1187 1521; x_wconf 95' lang='lat' dir='ltr'><strong>l,</strong></span> <span class='ocrx_word' id='word_1_102' title='bbox 1198 1475 1222 1526; x_wconf 89' lang='lat'><strong>7.</strong></span> 
     </span>
     <span class='ocr_line' id='line_1_15' title="bbox 187 1531 1225 1608; baseline 0 -22"><span class='ocrx_word' id='word_1_103' title='bbox 187 1558 198 1580; x_wconf 91' lang='grc' dir='ltr'><strong>ιι</strong></span> <span class='ocrx_word' id='word_1_104' title='bbox 211 1535 251 1588; x_wconf 90' lang='lat' dir='ltr'><strong>lre</strong></span> <span class='ocrx_word' id='word_1_105' title='bbox 262 1535 387 1608; x_wconf 72' lang='lat' dir='ltr'><strong>dq&#39;eetm</strong></span> <span class='ocrx_word' id='word_1_106' title='bbox 398 1547 569 1590; x_wconf 87' lang='lat' dir='ltr'><strong>monumenta</strong></span> <span class='ocrx_word' id='word_1_107' title='bbox 578 1535 661 1605; x_wconf 79' lang='lat' dir='ltr'><strong>regis,</strong></span> <span class='ocrx_word' id='word_1_108' title='bbox 671 1558 682 1580; x_wconf 93' lang='grc' dir='ltr'><strong>ι</strong></span> <span class='ocrx_word' id='word_1_109' title='bbox 694 1535 809 1598; x_wconf 87' lang='lat' dir='ltr'><strong>carm.l,</strong></span> <span class='ocrx_word' id='word_1_110' title='bbox 817 1552 843 1586; x_wconf 82' lang='lat' dir='ltr'><strong>u.</strong></span> <span class='ocrx_word' id='word_1_111' title='bbox 852 1536 927 1585; x_wconf 83' lang='lat' dir='ltr'><strong>Nost.</strong></span> <span class='ocrx_word' id='word_1_112' title='bbox 934 1531 1017 1584; x_wconf 87' lang='lat' dir='ltr'><strong>Theb.</strong></span> <span class='ocrx_word' id='word_1_113' title='bbox 1027 1532 1134 1603; x_wconf 82' lang='lat' dir='ltr'><strong>v1‚657</strong></span> <span class='ocrx_word' id='word_1_114' title='bbox 1145 1554 1152 1584; x_wconf 73' lang='lat' dir='ltr'><strong>s</strong></span> <span class='ocrx_word' id='word_1_115' title='bbox 1163 1532 1225 1586; x_wconf 72' lang='lat' dir='ltr'><strong>atle-</strong></span> 
     </span>
     <span class='ocr_line' id='line_1_16' title="bbox 181 1611 1223 1684; baseline -0.002 -18"><span class='ocrx_word' id='word_1_116' title='bbox 181 1615 282 1683; x_wconf 83' lang='lat' dir='ltr'><strong>jectum</strong></span> <span class='ocrx_word' id='word_1_117' title='bbox 291 1614 385 1669; x_wconf 76' lang='lat' dir='ltr'><strong>vaditis</strong></span> <span class='ocrx_word' id='word_1_118' title='bbox 395 1635 497 1668; x_wconf 62' lang='lat' dir='ltr'><strong>amesa</strong></span> <span class='ocrx_word' id='word_1_119' title='bbox 510 1617 550 1666; x_wconf 79' lang='lat' dir='ltr'><strong>ita</strong></span> <span class='ocrx_word' id='word_1_120' title='bbox 561 1635 572 1660; x_wconf 81' lang='grc' dir='ltr'><strong>ιι</strong></span> <span class='ocrx_word' id='word_1_121' title='bbox 582 1613 668 1666; x_wconf 87' lang='lat' dir='ltr'><strong>ultum</strong></span> <span class='ocrx_word' id='word_1_122' title='bbox 677 1615 828 1684; x_wconf 71' lang='lat' dir='ltr'><strong>insurgunt,</strong></span> <span class='ocrx_word' id='word_1_123' title='bbox 839 1635 850 1659; x_wconf 89' lang='grc' dir='ltr'><strong>ι</strong></span> <span class='ocrx_word' id='word_1_124' title='bbox 862 1611 948 1664; x_wconf 87' lang='lat' dir='ltr'><strong>Theb.</strong></span> <span class='ocrx_word' id='word_1_125' title='bbox 958 1612 1008 1678; x_wconf 86' lang='lat' dir='ltr'><strong>lX,</strong></span> <span class='ocrx_word' id='word_1_126' title='bbox 1018 1630 1049 1681; x_wconf 75' lang='lat'><strong>93</strong></span> <span class='ocrx_word' id='word_1_127' title='bbox 1061 1613 1157 1684; x_wconf 63' lang='lat' dir='ltr'><strong>lippia.</strong></span> <span class='ocrx_word' id='word_1_128' title='bbox 1167 1612 1223 1664; x_wconf 78' lang='lat' dir='ltr'><strong>fab.</strong></span> 
     </span>
     <span class='ocr_line' id='line_1_17' title="bbox 183 1691 1225 1762; baseline -0.004 -16"><span class='ocrx_word' id='word_1_129' title='bbox 183 1693 228 1746; x_wconf 85' lang='lat'><strong>63.</strong></span> <span class='ocrx_word' id='word_1_130' title='bbox 236 1695 302 1746; x_wconf 83' lang='lat' dir='ltr'><strong>Fora</strong></span> <span class='ocrx_word' id='word_1_131' title='bbox 310 1695 409 1746; x_wconf 66' lang='lat' dir='ltr'><strong>turbida</strong></span> <span class='ocrx_word' id='word_1_132' title='bbox 417 1707 446 1747; x_wconf 92' lang='lat' dir='ltr'><strong>ut</strong></span> <span class='ocrx_word' id='word_1_133' title='bbox 454 1695 510 1748; x_wconf 83' lang='lat' dir='ltr'><strong>loca</strong></span> <span class='ocrx_word' id='word_1_134' title='bbox 517 1693 712 1762; x_wconf 69' lang='lat' dir='ltr'><strong>turbida,Virg.</strong></span> <span class='ocrx_word' id='word_1_135' title='bbox 719 1693 755 1742; x_wconf 82' lang='lat' dir='ltr'><strong>Vl</strong></span> <span class='ocrx_word' id='word_1_136' title='bbox 762 1729 770 1756; x_wconf 95' lang='lat'><strong>,</strong></span> <span class='ocrx_word' id='word_1_137' title='bbox 778 1692 844 1759; x_wconf 71' lang='lat'><strong>534,</strong></span> <span class='ocrx_word' id='word_1_138' title='bbox 852 1693 908 1744; x_wconf 85' lang='lat' dir='ltr'><strong>sine</strong></span> <span class='ocrx_word' id='word_1_139' title='bbox 916 1691 1080 1744; x_wconf 83' lang='lat' dir='ltr'><strong>substantivo</strong></span> <span class='ocrx_word' id='word_1_140' title='bbox 1087 1710 1173 1745; x_wconf 80' lang='lat' dir='ltr'><strong>causas</strong></span> <span class='ocrx_word' id='word_1_141' title='bbox 1180 1731 1189 1759; x_wconf 92' lang='lat'><strong>,</strong></span> <span class='ocrx_word' id='word_1_142' title='bbox 1196 1705 1225 1744; x_wconf 90' lang='lat' dir='ltr'><strong>ut</strong></span> 
     </span>
     <span class='ocr_line' id='line_1_18' title="bbox 184 1771 1226 1847; baseline 0 -23"><span class='ocrx_word' id='word_1_143' title='bbox 184 1771 332 1845; x_wconf 90' lang='lat' dir='ltr'><strong>loquuntur</strong></span> <span class='ocrx_word' id='word_1_144' title='bbox 343 1776 515 1847; x_wconf 70' lang='lat' dir='ltr'><strong>grammatici.</strong></span> <span class='ocrx_word' id='word_1_145' title='bbox 525 1772 577 1826; x_wconf 90' lang='lat' dir='ltr'><strong>Sed</strong></span> <span class='ocrx_word' id='word_1_146' title='bbox 587 1774 677 1824; x_wconf 84' lang='lat' dir='ltr'><strong>Pietst.</strong></span> <span class='ocrx_word' id='word_1_147' title='bbox 688 1773 829 1824; x_wconf 82' lang='lat' dir='ltr'><strong>Abascant.</strong></span> <span class='ocrx_word' id='word_1_148' title='bbox 840 1774 971 1837; x_wconf 86' lang='lat' dir='ltr'><strong>occurrit,</strong></span> <span class='ocrx_word' id='word_1_149' title='bbox 984 1791 1016 1824; x_wconf 78' lang='lat' dir='ltr'><strong>ex</strong></span> <span class='ocrx_word' id='word_1_150' title='bbox 1026 1774 1127 1826; x_wconf 82' lang='lat' dir='ltr'><strong>Heinsii</strong></span> <span class='ocrx_word' id='word_1_151' title='bbox 1138 1789 1226 1824; x_wconf 84' lang='lat' dir='ltr'><strong>emen-</strong></span> 
     </span>
     <span class='ocr_line' id='line_1_19' title="bbox 185 1852 1176 1928; baseline -0.002 -22"><span class='ocrx_word' id='word_1_152' title='bbox 185 1852 303 1908; x_wconf 77' lang='lat' dir='ltr'><strong>datione.</strong></span> <span class='ocrx_word' id='word_1_153' title='bbox 316 1857 415 1928; x_wconf 77' lang='lat' dir='ltr'><strong>·AEgra</strong></span> <span class='ocrx_word' id='word_1_154' title='bbox 426 1855 520 1908; x_wconf 87' lang='lat' dir='ltr'><strong>domus</strong></span> <span class='ocrx_word' id='word_1_155' title='bbox 530 1867 659 1925; x_wconf 80' lang='lat' dir='ltr'><strong>questu,«</strong></span> <span class='ocrx_word' id='word_1_156' title='bbox 672 1873 722 1925; x_wconf 91' lang='lat' dir='ltr'><strong>pro</strong></span> <span class='ocrx_word' id='word_1_157' title='bbox 731 1855 831 1927; x_wconf 77' lang='lat' dir='ltr'><strong>Niqrar</strong></span> <span class='ocrx_word' id='word_1_158' title='bbox 847 1853 913 1905; x_wconf 88' lang='lat' dir='ltr'><strong>nihil</strong></span> <span class='ocrx_word' id='word_1_159' title='bbox 924 1855 1004 1925; x_wconf 77' lang='lat' dir='ltr'><strong>igitur</strong></span> <span class='ocrx_word' id='word_1_160' title='bbox 1012 1853 1176 1906; x_wconf 79' lang='lat' dir='ltr'><strong>mutandum.</strong></span> 
     </span>
    </p>
   </div>
   <div class='ocr_carea' id='block_1_5' title="bbox 185 1993 1282 3663">
    <p class='ocr_par' dir='ltr' id='par_1_7' title="bbox 185 1993 1282 3663">
     <span class='ocr_line' id='line_1_20' title="bbox 224 1993 1226 2069; baseline 0.001 -23"><span class='ocrx_word' id='word_1_161' title='bbox 224 1995 264 2048; x_wconf 72' lang='grc' dir='ltr'>ιδ.</span> <span class='ocrx_word' id='word_1_162' title='bbox 283 1997 427 2068; x_wconf 82' lang='lat' dir='ltr'><strong>Nosterque</strong></span> <span class='ocrx_word' id='word_1_163' title='bbox 440 2016 472 2048; x_wconf 83' lang='lat' dir='ltr'><strong>ex</strong></span> <span class='ocrx_word' id='word_1_164' title='bbox 483 1996 573 2048; x_wconf 82' lang='lat' dir='ltr'><strong>ordine</strong></span> <span class='ocrx_word' id='word_1_165' title='bbox 585 1993 660 2048; x_wconf 76' lang='lat' dir='ltr'><strong>cattis</strong></span> <span class='ocrx_word' id='word_1_166' title='bbox 675 1995 834 2067; x_wconf 80' lang='lat' dir='ltr'><strong>Confremot.</strong></span> <span class='ocrx_word' id='word_1_167' title='bbox 850 1998 890 2048; x_wconf 88' lang='lat' dir='ltr'><strong>lta</strong></span> <span class='ocrx_word' id='word_1_168' title='bbox 903 1995 985 2048; x_wconf 82' lang='lat' dir='ltr'><strong>edidit</strong></span> <span class='ocrx_word' id='word_1_169' title='bbox 998 1999 1131 2050; x_wconf 79' lang='lat' dir='ltr'><strong>Domitius</strong></span> <span class='ocrx_word' id='word_1_170' title='bbox 1145 2014 1226 2069; x_wconf 85' lang='lat' dir='ltr'><strong>quum</strong></span> 
     </span>
     <span class='ocr_line' id='line_1_21' title="bbox 186 2073 1226 2149; baseline 0.002 -23"><span class='ocrx_word' id='word_1_171' title='bbox 186 2075 213 2126; x_wconf 93' lang='lat' dir='ltr'><strong>in</strong></span> <span class='ocrx_word' id='word_1_172' title='bbox 230 2077 284 2128; x_wconf 84' lang='lat' dir='ltr'><strong>suis</strong></span> <span class='ocrx_word' id='word_1_173' title='bbox 300 2075 438 2128; x_wconf 84' lang='lat' dir='ltr'><strong>codicibus</strong></span> <span class='ocrx_word' id='word_1_174' title='bbox 455 2073 591 2129; x_wconf 80' lang='lat' dir='ltr'><strong>invenerat</strong></span> <span class='ocrx_word' id='word_1_175' title='bbox 604 2094 734 2149; x_wconf 76' lang='lat' dir='ltr'><strong>nosseque.</strong></span> <span class='ocrx_word' id='word_1_176' title='bbox 746 2075 820 2144; x_wconf 81' lang='lat' dir='ltr'><strong>¹Male</strong></span> <span class='ocrx_word' id='word_1_177' title='bbox 836 2090 940 2137; x_wconf 64' lang='lat' dir='ltr'><strong>tamem</strong></span> <span class='ocrx_word' id='word_1_178' title='bbox 958 2093 1037 2147; x_wconf 88' lang='lat' dir='ltr'><strong>quum</strong></span> <span class='ocrx_word' id='word_1_179' title='bbox 1054 2075 1111 2130; x_wconf 75' lang='lat' dir='ltr'><strong>hec</strong></span> <span class='ocrx_word' id='word_1_180' title='bbox 1127 2076 1159 2129; x_wconf 92' lang='lat' dir='ltr'><strong>de</strong></span> <span class='ocrx_word' id='word_1_181' title='bbox 1174 2095 1226 2129; x_wconf 84' lang='lat' dir='ltr'><strong>utto</strong></span> 
     </span>
     <span class='ocr_line' id='line_1_22' title="bbox 186 2151 1227 2227; baseline 0.003 -23"><span class='ocrx_word' id='word_1_182' title='bbox 186 2151 254 2205; x_wconf 88' lang='lat' dir='ltr'><strong>colle</strong></span> <span class='ocrx_word' id='word_1_183' title='bbox 262 2171 316 2205; x_wconf 89' lang='lat' dir='ltr'><strong>non</strong></span> <span class='ocrx_word' id='word_1_184' title='bbox 326 2169 405 2224; x_wconf 86' lang='lat' dir='ltr'><strong>posse</strong></span> <span class='ocrx_word' id='word_1_185' title='bbox 412 2153 536 2226; x_wconf 71' lang='lat' dir='ltr'><strong>intelligi,</strong></span> <span class='ocrx_word' id='word_1_186' title='bbox 547 2155 611 2207; x_wconf 88' lang='lat' dir='ltr'><strong>satis</strong></span> <span class='ocrx_word' id='word_1_187' title='bbox 620 2153 738 2206; x_wconf 83' lang='lat' dir='ltr'><strong>indicant</strong></span> <span class='ocrx_word' id='word_1_188' title='bbox 747 2155 791 2206; x_wconf 91' lang='lat' dir='ltr'><strong>illa</strong></span> <span class='ocrx_word' id='word_1_189' title='bbox 801 2172 832 2206; x_wconf 81' lang='lat' dir='ltr'><strong>ex</strong></span> <span class='ocrx_word' id='word_1_190' title='bbox 841 2155 931 2205; x_wconf 85' lang='lat' dir='ltr'><strong>ordine</strong></span> <span class='ocrx_word' id='word_1_191' title='bbox 934 2173 1012 2227; x_wconf 71' lang='lat' dir='ltr'><strong>,quie</strong></span> <span class='ocrx_word' id='word_1_192' title='bbox 1024 2154 1065 2224; x_wconf 93' lang='lat' dir='ltr'><strong>(ut</strong></span> <span class='ocrx_word' id='word_1_193' title='bbox 1074 2155 1144 2207; x_wconf 88' lang='lat' dir='ltr'><strong>bene</strong></span> <span class='ocrx_word' id='word_1_194' title='bbox 1153 2167 1227 2207; x_wconf 87' lang='lat' dir='ltr'><strong>notat</strong></span> 
     </span>
     <span class='ocr_line' id='line_1_23' title="bbox 185 2231 1228 2306; baseline 0 -22"><span class='ocrx_word' id='word_1_195' title='bbox 185 2231 341 2298; x_wconf 76' lang='lat' dir='ltr'><strong>Salmasius,</strong></span> <span class='ocrx_word' id='word_1_196' title='bbox 354 2234 437 2304; x_wconf 87' lang='lat' dir='ltr'><strong>Epist.</strong></span> <span class='ocrx_word' id='word_1_197' title='bbox 453 2252 498 2287; x_wconf 87' lang='lat' dir='ltr'><strong>rot</strong></span> <span class='ocrx_word' id='word_1_198' title='bbox 517 2234 551 2286; x_wconf 89' lang='lat' dir='ltr'><strong>ad</strong></span> <span class='ocrx_word' id='word_1_199' title='bbox 564 2235 745 2306; x_wconf 83' lang='lat' dir='ltr'><strong>Gronovium)</strong></span> <span class='ocrx_word' id='word_1_200' title='bbox 760 2236 808 2285; x_wconf 79' lang='lat' dir='ltr'><strong>«in</strong></span> <span class='ocrx_word' id='word_1_201' title='bbox 826 2233 905 2285; x_wconf 84' lang='lat' dir='ltr'><strong>rebus</strong></span> <span class='ocrx_word' id='word_1_202' title='bbox 928 2237 1030 2285; x_wconf 88' lang='lat' dir='ltr'><strong>numeri</strong></span> <span class='ocrx_word' id='word_1_203' title='bbox 1050 2237 1182 2304; x_wconf 79' lang='lat' dir='ltr'><strong>contiguis</strong></span> <span class='ocrx_word' id='word_1_204' title='bbox 1201 2247 1228 2286; x_wconf 87' lang='lat' dir='ltr'><strong>et</strong></span> 
     </span>
     <span class='ocr_line' id='line_1_24' title="bbox 188 2309 1280 2387; baseline 0.004 -26"><span class='ocrx_word' id='word_1_205' title='bbox 188 2337 200 2360; x_wconf 88' lang='grc' dir='ltr'><strong>ιι</strong></span> <span class='ocrx_word' id='word_1_206' title='bbox 210 2315 286 2385; x_wconf 86' lang='lat' dir='ltr'><strong>qnasi</strong></span> <span class='ocrx_word' id='word_1_207' title='bbox 297 2315 324 2364; x_wconf 90' lang='lat' dir='ltr'><strong>iu</strong></span> <span class='ocrx_word' id='word_1_208' title='bbox 335 2314 427 2380; x_wconf 87' lang='lat' dir='ltr'><strong>ordine</strong></span> <span class='ocrx_word' id='word_1_209' title='bbox 438 2316 560 2368; x_wconf 89' lang='lat' dir='ltr'><strong>euntibus</strong></span> <span class='ocrx_word' id='word_1_210' title='bbox 570 2329 672 2367; x_wconf 87' lang='lat' dir='ltr'><strong>tautum</strong></span> <span class='ocrx_word' id='word_1_211' title='bbox 683 2318 747 2387; x_wconf 92' lang='lat' dir='ltr'><strong>poni</strong></span> <span class='ocrx_word' id='word_1_212' title='bbox 758 2315 828 2366; x_wconf 88' lang='lat' dir='ltr'><strong>lieet.</strong></span> <span class='ocrx_word' id='word_1_213' title='bbox 842 2313 884 2366; x_wconf 85' lang='lat' dir='ltr'><strong>Sic</strong></span> <span class='ocrx_word' id='word_1_214' title='bbox 896 2313 968 2386; x_wconf 86' lang='lat' dir='ltr'><strong>apud</strong></span> <span class='ocrx_word' id='word_1_215' title='bbox 979 2314 1053 2365; x_wconf 91' lang='lat' dir='ltr'><strong>illum</strong></span> <span class='ocrx_word' id='word_1_216' title='bbox 1065 2314 1228 2385; x_wconf 74' lang='lat' dir='ltr'><strong>(Virgilium)</strong></span> <span class='ocrx_word' id='word_1_217' title='bbox 1278 2309 1280 2314; x_wconf 44' lang='lat'>⁵</span> 
     </span>
     <span class='ocr_line' id='line_1_25' title="bbox 190 2390 1227 2467; baseline 0.003 -24"><span class='ocrx_word' id='word_1_218' title='bbox 190 2417 201 2439; x_wconf 89' lang='grc' dir='ltr'><strong>ιι</strong></span> <span class='ocrx_word' id='word_1_219' title='bbox 211 2402 307 2464; x_wconf 80' lang='lat' dir='ltr'><strong>septem</strong></span> <span class='ocrx_word' id='word_1_220' title='bbox 327 2403 390 2447; x_wconf 86' lang='lat' dir='ltr'><strong>totos</strong></span> <span class='ocrx_word' id='word_1_221' title='bbox 408 2413 439 2447; x_wconf 82' lang='lat' dir='ltr'><strong>ex</strong></span> <span class='ocrx_word' id='word_1_222' title='bbox 455 2395 548 2449; x_wconf 83' lang='lat' dir='ltr'><strong>ordine</strong></span> <span class='ocrx_word' id='word_1_223' title='bbox 562 2413 678 2448; x_wconf 86' lang='lat' dir='ltr'><strong>menses:</strong></span> <span class='ocrx_word' id='word_1_224' title='bbox 695 2397 771 2461; x_wconf 89' lang='lat' dir='ltr'><strong>item,</strong></span> <span class='ocrx_word' id='word_1_225' title='bbox 789 2394 932 2467; x_wconf 81' lang='lat' dir='ltr'><strong>quinetiam</strong></span> <span class='ocrx_word' id='word_1_226' title='bbox 950 2403 1061 2444; x_wconf 72' lang='lat' dir='ltr'><strong>ventum</strong></span> <span class='ocrx_word' id='word_1_227' title='bbox 1076 2390 1177 2465; x_wconf 73' lang='lat' dir='ltr'><strong>effiqies</strong></span> <span class='ocrx_word' id='word_1_228' title='bbox 1196 2412 1227 2446; x_wconf 87' lang='lat' dir='ltr'><strong>ex</strong></span> 
     </span>
     <span class='ocr_line' id='line_1_26' title="bbox 189 2470 1227 2546; baseline 0.002 -24"><span class='ocrx_word' id='word_1_229' title='bbox 189 2494 201 2518; x_wconf 90' lang='grc' dir='ltr'><strong>ιι</strong></span> <span class='ocrx_word' id='word_1_230' title='bbox 211 2471 305 2523; x_wconf 89' lang='lat' dir='ltr'><strong>ordine</strong></span> <span class='ocrx_word' id='word_1_231' title='bbox 314 2491 428 2526; x_wconf 82' lang='lat' dir='ltr'><strong>oenmm.</strong></span> <span class='ocrx_word' id='word_1_232' title='bbox 441 2474 592 2546; x_wconf 68' lang='lat' dir='ltr'><strong>[regebatur</strong></span> <span class='ocrx_word' id='word_1_233' title='bbox 600 2475 704 2527; x_wconf 81' lang='lat' dir='ltr'><strong>fortean</strong></span> <span class='ocrx_word' id='word_1_234' title='bbox 716 2473 862 2546; x_wconf 87' lang='lat' dir='ltr'><strong>antiquitus</strong></span> <span class='ocrx_word' id='word_1_235' title='bbox 873 2475 900 2524; x_wconf 92' lang='lat' dir='ltr'><strong>in</strong></span> <span class='ocrx_word' id='word_1_236' title='bbox 910 2473 980 2524; x_wconf 89' lang='lat' dir='ltr'><strong>libro</strong></span> <span class='ocrx_word' id='word_1_237' title='bbox 992 2472 1083 2524; x_wconf 87' lang='lat' dir='ltr'><strong>vitiose</strong></span> <span class='ocrx_word' id='word_1_238' title='bbox 1094 2470 1227 2544; x_wconf 87' lang='lat' dir='ltr'><strong>descripto</strong></span> 
     </span>
     <span class='ocr_line' id='line_1_27' title="bbox 190 2555 1228 2628; baseline 0 -23"><span class='ocrx_word' id='word_1_239' title='bbox 190 2569 236 2605; x_wconf 78' lang='lat' dir='ltr'><strong>«ss</strong></span> <span class='ocrx_word' id='word_1_240' title='bbox 248 2568 361 2625; x_wconf 81' lang='lat' dir='ltr'><strong>nosque:</strong></span> <span class='ocrx_word' id='word_1_241' title='bbox 373 2555 445 2608; x_wconf 91' lang='lat' dir='ltr'><strong>unde</strong></span> <span class='ocrx_word' id='word_1_242' title='bbox 456 2569 596 2628; x_wconf 81' lang='lat' dir='ltr'><strong>sequentes</strong></span> <span class='ocrx_word' id='word_1_243' title='bbox 608 2573 658 2626; x_wconf 90' lang='lat' dir='ltr'><strong>per</strong></span> <span class='ocrx_word' id='word_1_244' title='bbox 670 2555 903 2626; x_wconf 86' lang='lat' dir='ltr'><strong>transpositionem</strong></span> <span class='ocrx_word' id='word_1_245' title='bbox 915 2555 1042 2625; x_wconf 84' lang='lat' dir='ltr'><strong>scripsere</strong></span> <span class='ocrx_word' id='word_1_246' title='bbox 1056 2570 1187 2624; x_wconf 72' lang='lat' dir='ltr'><strong>mareque</strong></span> <span class='ocrx_word' id='word_1_247' title='bbox 1202 2565 1228 2605; x_wconf 87' lang='lat' dir='ltr'><strong>et</strong></span> 
     </span>
     <span class='ocr_line' id='line_1_28' title="bbox 189 2630 1229 2705; baseline 0.003 -25"><span class='ocrx_word' id='word_1_248' title='bbox 189 2653 200 2675; x_wconf 87' lang='grc' dir='ltr'><strong>ι</strong></span> <span class='ocrx_word' id='word_1_249' title='bbox 211 2648 340 2703; x_wconf 72' lang='grc' dir='ltr'>ιιοιισᾳιιε.</span> <span class='ocrx_word' id='word_1_250' title='bbox 348 2636 464 2686; x_wconf 85' lang='lat' dir='ltr'><strong>Omnino</strong></span> <span class='ocrx_word' id='word_1_251' title='bbox 473 2653 573 2686; x_wconf 86' lang='lat' dir='ltr'><strong>ernanu</strong></span> <span class='ocrx_word' id='word_1_252' title='bbox 582 2647 666 2704; x_wconf 82' lang='lat' dir='ltr'><strong>poetae</strong></span> <span class='ocrx_word' id='word_1_253' title='bbox 673 2635 755 2687; x_wconf 86' lang='lat' dir='ltr'><strong>fnisse</strong></span> <span class='ocrx_word' id='word_1_254' title='bbox 763 2647 852 2705; x_wconf 82' lang='lat' dir='ltr'><strong>putent</strong></span> <span class='ocrx_word' id='word_1_255' title='bbox 859 2673 867 2701; x_wconf 94' lang='lat'><strong>,</strong></span> <span class='ocrx_word' id='word_1_256' title='bbox 875 2650 1007 2704; x_wconf 85' lang='lat' dir='ltr'><strong>senosque</strong></span> <span class='ocrx_word' id='word_1_257' title='bbox 1014 2649 1046 2683; x_wconf 78' lang='lat' dir='ltr'><strong>est</strong></span> <span class='ocrx_word' id='word_1_258' title='bbox 1054 2631 1142 2683; x_wconf 83' lang='lat' dir='ltr'><strong>ordine</strong></span> <span class='ocrx_word' id='word_1_259' title='bbox 1151 2630 1229 2683; x_wconf 86' lang='lat' dir='ltr'><strong>collis</strong></span> 
     </span>
     <span class='ocr_line' id='line_1_29' title="bbox 190 2703 1228 2785; baseline 0.001 -21"><span class='ocrx_word' id='word_1_260' title='bbox 190 2711 377 2784; x_wconf 65' lang='lat' dir='ltr'><strong>silonfrunat,</strong></span> <span class='ocrx_word' id='word_1_261' title='bbox 392 2715 483 2782; x_wconf 88' lang='lat' dir='ltr'><strong>idest,</strong></span> <span class='ocrx_word' id='word_1_262' title='bbox 497 2716 551 2768; x_wconf 86' lang='lat' dir='ltr'><strong>seni</strong></span> <span class='ocrx_word' id='word_1_263' title='bbox 559 2712 639 2768; x_wconf 85' lang='lat' dir='ltr'><strong>colles</strong></span> <span class='ocrx_word' id='word_1_264' title='bbox 650 2714 724 2769; x_wconf 85' lang='lat' dir='ltr'><strong>urbis</strong></span> <span class='ocrx_word' id='word_1_265' title='bbox 741 2714 878 2768; x_wconf 83' lang='lat' dir='ltr'><strong>exordiae</strong></span> <span class='ocrx_word' id='word_1_266' title='bbox 893 2703 1067 2768; x_wconf 74' lang='lat' dir='ltr'><strong>confremunt.</strong></span> <span class='ocrx_word' id='word_1_267' title='bbox 1083 2711 1134 2766; x_wconf 87' lang='lat' dir='ltr'><strong>Sed</strong></span> <span class='ocrx_word' id='word_1_268' title='bbox 1148 2731 1228 2785; x_wconf 88' lang='lat' dir='ltr'><strong>quare</strong></span> 
     </span>
     <span class='ocr_line' id='line_1_30' title="bbox 189 2794 1229 2870; baseline 0 -26"><span class='ocrx_word' id='word_1_269' title='bbox 189 2814 201 2838; x_wconf 74' lang='grc' dir='ltr'><strong>ι</strong></span> <span class='ocrx_word' id='word_1_270' title='bbox 210 2811 296 2859; x_wconf 84' lang='lat' dir='ltr'><strong>senus,</strong></span> <span class='ocrx_word' id='word_1_271' title='bbox 311 2795 431 2866; x_wconf 78' lang='lat' dir='ltr'><strong>inquies,</strong></span> <span class='ocrx_word' id='word_1_272' title='bbox 444 2813 525 2867; x_wconf 87' lang='lat' dir='ltr'><strong>quum</strong></span> <span class='ocrx_word' id='word_1_273' title='bbox 539 2799 591 2848; x_wconf 91' lang='lat' dir='ltr'><strong>sint</strong></span> <span class='ocrx_word' id='word_1_274' title='bbox 604 2799 720 2870; x_wconf 80' lang='lat' dir='ltr'><strong>septem?</strong></span> <span class='ocrx_word' id='word_1_275' title='bbox 732 2799 814 2850; x_wconf 89' lang='lat' dir='ltr'><strong>immo</strong></span> <span class='ocrx_word' id='word_1_276' title='bbox 827 2799 882 2852; x_wconf 82' lang='lat' dir='ltr'><strong>seni</strong></span> <span class='ocrx_word' id='word_1_277' title='bbox 895 2811 999 2849; x_wconf 89' lang='lat' dir='ltr'><strong>tantum</strong></span> <span class='ocrx_word' id='word_1_278' title='bbox 1010 2807 1085 2847; x_wconf 86' lang='lat' dir='ltr'><strong>erunt</strong></span> <span class='ocrx_word' id='word_1_279' title='bbox 1097 2796 1165 2846; x_wconf 89' lang='lat' dir='ltr'><strong>intra</strong></span> <span class='ocrx_word' id='word_1_280' title='bbox 1177 2794 1229 2844; x_wconf 88' lang='lat' dir='ltr'><strong>Ur·</strong></span> 
     </span>
     <span class='ocr_line' id='line_1_31' title="bbox 190 2870 1229 2943; baseline -0.003 -19"><span class='ocrx_word' id='word_1_281' title='bbox 190 2870 288 2925; x_wconf 72' lang='lat' dir='ltr'><strong>ubam:</strong></span> <span class='ocrx_word' id='word_1_282' title='bbox 303 2891 364 2925; x_wconf 86' lang='lat' dir='ltr'><strong>nam</strong></span> <span class='ocrx_word' id='word_1_283' title='bbox 380 2874 521 2929; x_wconf 81' lang='lat' dir='ltr'><strong>Vaticanus</strong></span> <span class='ocrx_word' id='word_1_284' title='bbox 535 2875 610 2928; x_wconf 88' lang='lat' dir='ltr'><strong>collis</strong></span> <span class='ocrx_word' id='word_1_285' title='bbox 624 2889 698 2929; x_wconf 78' lang='lat' dir='ltr'><strong>uana</strong></span> <span class='ocrx_word' id='word_1_286' title='bbox 713 2877 848 2943; x_wconf 85' lang='lat' dir='ltr'><strong>Tiberim,</strong></span> <span class='ocrx_word' id='word_1_287' title='bbox 865 2895 916 2930; x_wconf 89' lang='lat' dir='ltr'><strong>nec</strong></span> <span class='ocrx_word' id='word_1_288' title='bbox 932 2877 995 2928; x_wconf 90' lang='lat' dir='ltr'><strong>olim</strong></span> <span class='ocrx_word' id='word_1_289' title='bbox 1011 2875 1145 2927; x_wconf 89' lang='lat' dir='ltr'><strong>habitatus</strong></span> <span class='ocrx_word' id='word_1_290' title='bbox 1158 2884 1229 2938; x_wconf 87' lang='lat' dir='ltr'><strong>erat,</strong></span> 
     </span>
     <span class='ocr_line' id='line_1_32' title="bbox 189 2951 1229 3026; baseline -0.003 -21"><span class='ocrx_word' id='word_1_291' title='bbox 189 2975 201 2999; x_wconf 91' lang='grc' dir='ltr'><strong>ιι</strong></span> <span class='ocrx_word' id='word_1_292' title='bbox 212 2971 262 3005; x_wconf 86' lang='lat' dir='ltr'><strong>nec</strong></span> <span class='ocrx_word' id='word_1_293' title='bbox 275 2951 310 3006; x_wconf 87' lang='lat' dir='ltr'><strong>ad</strong></span> <span class='ocrx_word' id='word_1_294' title='bbox 318 2954 411 3008; x_wconf 87' lang='lat' dir='ltr'><strong>urbem</strong></span> <span class='ocrx_word' id='word_1_295' title='bbox 423 2955 590 3026; x_wconf 86' lang='lat' dir='ltr'><strong>pertinebat,</strong></span> <span class='ocrx_word' id='word_1_296' title='bbox 601 2970 631 3009; x_wconf 92' lang='lat' dir='ltr'><strong>nt</strong></span> <span class='ocrx_word' id='word_1_297' title='bbox 642 2959 711 3009; x_wconf 89' lang='lat' dir='ltr'><strong>inter</strong></span> <span class='ocrx_word' id='word_1_298' title='bbox 722 2975 815 3009; x_wconf 90' lang='lat' dir='ltr'><strong>omnes</strong></span> <span class='ocrx_word' id='word_1_299' title='bbox 826 2960 965 3024; x_wconf 83' lang='lat' dir='ltr'><strong>convenit,</strong></span> <span class='ocrx_word' id='word_1_300' title='bbox 979 2969 1005 3008; x_wconf 88' lang='lat' dir='ltr'><strong>et</strong></span> <span class='ocrx_word' id='word_1_301' title='bbox 1017 2956 1088 3007; x_wconf 86' lang='lat' dir='ltr'><strong>clare</strong></span> <span class='ocrx_word' id='word_1_302' title='bbox 1100 2953 1127 3005; x_wconf 93' lang='lat' dir='ltr'><strong>id</strong></span> <span class='ocrx_word' id='word_1_303' title='bbox 1138 2952 1229 3004; x_wconf 85' lang='lat' dir='ltr'><strong>docuit</strong></span> 
     </span>
     <span class='ocr_line' id='line_1_33' title="bbox 190 3032 1229 3110; baseline -0.002 -25"><span class='ocrx_word' id='word_1_304' title='bbox 190 3032 366 3105; x_wconf 76' lang='lat' dir='ltr'><strong>«onuphrius</strong></span> <span class='ocrx_word' id='word_1_305' title='bbox 379 3037 407 3088; x_wconf 87' lang='lat' dir='ltr'><strong>in</strong></span> <span class='ocrx_word' id='word_1_306' title='bbox 418 3036 492 3089; x_wconf 85' lang='lat' dir='ltr'><strong>urbis</strong></span> <span class='ocrx_word' id='word_1_307' title='bbox 503 3039 593 3091; x_wconf 74' lang='lat' dir='ltr'><strong>Romae</strong></span> <span class='ocrx_word' id='word_1_308' title='bbox 603 3038 792 3110; x_wconf 82' lang='lat' dir='ltr'><strong>descriptione.</strong></span> <span class='ocrx_word' id='word_1_309' title='bbox 807 3040 890 3091; x_wconf 80' lang='lat' dir='ltr'><strong>Serius</strong></span> <span class='ocrx_word' id='word_1_310' title='bbox 903 3055 965 3107; x_wconf 77' lang='lat' dir='ltr'><strong>ergo</strong></span> <span class='ocrx_word' id='word_1_311' title='bbox 980 3033 1054 3088; x_wconf 86' lang='lat' dir='ltr'><strong>collis</strong></span> <span class='ocrx_word' id='word_1_312' title='bbox 1066 3035 1229 3104; x_wconf 76' lang='lat' dir='ltr'><strong>Confremat,</strong></span> 
     </span>
     <span class='ocr_line' id='line_1_34' title="bbox 190 3111 1230 3185; baseline -0.001 -22"><span class='ocrx_word' id='word_1_313' title='bbox 190 3134 201 3156; x_wconf 88' lang='grc' dir='ltr'><strong>ιι</strong></span> <span class='ocrx_word' id='word_1_314' title='bbox 212 3114 258 3182; x_wconf 90' lang='lat' dir='ltr'><strong>qui</strong></span> <span class='ocrx_word' id='word_1_315' title='bbox 269 3113 338 3165; x_wconf 87' lang='lat' dir='ltr'><strong>intra</strong></span> <span class='ocrx_word' id='word_1_316' title='bbox 349 3113 442 3167; x_wconf 86' lang='lat' dir='ltr'><strong>urbem</strong></span> <span class='ocrx_word' id='word_1_317' title='bbox 454 3115 568 3169; x_wconf 87' lang='lat' dir='ltr'><strong>scilicet:</strong></span> <span class='ocrx_word' id='word_1_318' title='bbox 583 3134 614 3168; x_wconf 76' lang='lat' dir='ltr'><strong>ex</strong></span> <span class='ocrx_word' id='word_1_319' title='bbox 623 3115 728 3183; x_wconf 78' lang='lat' dir='ltr'><strong>ordine,</strong></span> <span class='ocrx_word' id='word_1_320' title='bbox 739 3114 767 3166; x_wconf 92' lang='lat' dir='ltr'><strong>id</strong></span> <span class='ocrx_word' id='word_1_321' title='bbox 778 3127 834 3180; x_wconf 86' lang='lat' dir='ltr'><strong>est,</strong></span> <span class='ocrx_word' id='word_1_322' title='bbox 846 3115 969 3185; x_wconf 76' lang='lat' dir='ltr'><strong>sontique</strong></span> <span class='ocrx_word' id='word_1_323' title='bbox 979 3125 1005 3163; x_wconf 91' lang='lat' dir='ltr'><strong>et</strong></span> <span class='ocrx_word' id='word_1_324' title='bbox 1018 3115 1074 3162; x_wconf 88' lang='lat' dir='ltr'><strong>eine</strong></span> <span class='ocrx_word' id='word_1_325' title='bbox 1086 3111 1140 3162; x_wconf 86' lang='lat' dir='ltr'><strong>ulla</strong></span> <span class='ocrx_word' id='word_1_326' title='bbox 1153 3111 1230 3162; x_wconf 85' lang='lat' dir='ltr'><strong>inter-</strong></span> 
     </span>
     <span class='ocr_line' id='line_1_35' title="bbox 189 3189 1231 3262; baseline 0.001 -20"><span class='ocrx_word' id='word_1_327' title='bbox 189 3211 200 3236; x_wconf 75' lang='lat'>«</span> <span class='ocrx_word' id='word_1_328' title='bbox 212 3191 339 3262; x_wconf 82' lang='lat' dir='ltr'><strong>ruptione.</strong></span> <span class='ocrx_word' id='word_1_329' title='bbox 352 3193 424 3246; x_wconf 78' lang='lat' dir='ltr'><strong>Alias</strong></span> <span class='ocrx_word' id='word_1_330' title='bbox 437 3196 459 3248; x_wconf 90' lang='lat' dir='ltr'><strong>si</strong></span> <span class='ocrx_word' id='word_1_331' title='bbox 470 3195 607 3248; x_wconf 85' lang='lat' dir='ltr'><strong>admittere</strong></span> <span class='ocrx_word' id='word_1_332' title='bbox 619 3193 731 3248; x_wconf 80' lang='lat' dir='ltr'><strong>stillum</strong></span> <span class='ocrx_word' id='word_1_333' title='bbox 742 3194 885 3259; x_wconf 74' lang='lat' dir='ltr'><strong>voluisset,</strong></span> <span class='ocrx_word' id='word_1_334' title='bbox 899 3205 978 3262; x_wconf 86' lang='lat' dir='ltr'><strong>poeta</strong></span> <span class='ocrx_word' id='word_1_335' title='bbox 987 3193 1117 3262; x_wconf 85' lang='lat' dir='ltr'><strong>potuisset</strong></span> <span class='ocrx_word' id='word_1_336' title='bbox 1125 3189 1231 3257; x_wconf 88' lang='lat' dir='ltr'><strong>dicere,</strong></span> 
     </span>
     <span class='ocr_line' id='line_1_36' title="bbox 189 3267 1231 3344; baseline 0 -23"><span class='ocrx_word' id='word_1_337' title='bbox 189 3282 377 3344; x_wconf 71' lang='lat' dir='ltr'><strong>»septenasque</strong></span> <span class='ocrx_word' id='word_1_338' title='bbox 390 3275 480 3327; x_wconf 86' lang='lat' dir='ltr'><strong>ordine</strong></span> <span class='ocrx_word' id='word_1_339' title='bbox 495 3275 600 3330; x_wconf 76' lang='lat' dir='ltr'><strong>collis.»</strong></span> <span class='ocrx_word' id='word_1_340' title='bbox 621 3277 682 3327; x_wconf 73' lang='lat' dir='ltr'><strong>Hae</strong></span> <span class='ocrx_word' id='word_1_341' title='bbox 695 3277 736 3326; x_wconf 78' lang='lat' dir='ltr'><strong>vir</strong></span> <span class='ocrx_word' id='word_1_342' title='bbox 749 3289 882 3337; x_wconf 88' lang='lat' dir='ltr'><strong>summus,</strong></span> <span class='ocrx_word' id='word_1_343' title='bbox 896 3271 1034 3340; x_wconf 66' lang='lat' dir='ltr'><strong>ingeniosa</strong></span> <span class='ocrx_word' id='word_1_344' title='bbox 1049 3267 1168 3339; x_wconf 89' lang='lat' dir='ltr'><strong>quidem,</strong></span> <span class='ocrx_word' id='word_1_345' title='bbox 1184 3269 1231 3321; x_wconf 89' lang='lat' dir='ltr'><strong>sed</strong></span> 
     </span>
     <span class='ocr_line' id='line_1_37' title="bbox 187 3349 1229 3428; baseline 0.001 -28"><span class='ocrx_word' id='word_1_346' title='bbox 187 3367 356 3421; x_wconf 81' lang='lat' dir='ltr'><strong>nequaquam</strong></span> <span class='ocrx_word' id='word_1_347' title='bbox 367 3371 447 3406; x_wconf 83' lang='lat' dir='ltr'><strong>sera:</strong></span> <span class='ocrx_word' id='word_1_348' title='bbox 465 3356 632 3428; x_wconf 73' lang='lat' dir='ltr'><strong>redarguitur</strong></span> <span class='ocrx_word' id='word_1_349' title='bbox 643 3357 713 3408; x_wconf 88' lang='lat' dir='ltr'><strong>enim</strong></span> <span class='ocrx_word' id='word_1_350' title='bbox 726 3373 742 3406; x_wconf 91' lang='lat' dir='ltr'><strong>a</strong></span> <span class='ocrx_word' id='word_1_351' title='bbox 753 3367 884 3425; x_wconf 86' lang='lat' dir='ltr'><strong>perpetuo</strong></span> <span class='ocrx_word' id='word_1_352' title='bbox 899 3368 972 3401; x_wconf 88' lang='lat' dir='ltr'><strong>more</strong></span> <span class='ocrx_word' id='word_1_353' title='bbox 984 3349 1059 3400; x_wconf 88' lang='lat' dir='ltr'><strong>Statii</strong></span> <span class='ocrx_word' id='word_1_354' title='bbox 1072 3360 1098 3399; x_wconf 93' lang='lat' dir='ltr'><strong>et</strong></span> <span class='ocrx_word' id='word_1_355' title='bbox 1110 3350 1229 3401; x_wconf 92' lang='lat' dir='ltr'><strong>omnium</strong></span> 
     </span>
     <span class='ocr_line' id='line_1_38' title="bbox 188 3426 1230 3507; baseline 0.002 -28"><span class='ocrx_word' id='word_1_356' title='bbox 188 3426 300 3480; x_wconf 89' lang='lat' dir='ltr'><strong>aliorum</strong></span> <span class='ocrx_word' id='word_1_357' title='bbox 311 3431 485 3502; x_wconf 89' lang='lat' dir='ltr'><strong>scriptorum,</strong></span> <span class='ocrx_word' id='word_1_358' title='bbox 500 3438 545 3507; x_wconf 87' lang='lat' dir='ltr'><strong>qui</strong></span> <span class='ocrx_word' id='word_1_359' title='bbox 558 3453 696 3506; x_wconf 87' lang='lat' dir='ltr'><strong>nunquam</strong></span> <span class='ocrx_word' id='word_1_360' title='bbox 706 3430 795 3504; x_wconf 91' lang='lat' dir='ltr'><strong>(quod</strong></span> <span class='ocrx_word' id='word_1_361' title='bbox 806 3433 901 3496; x_wconf 87' lang='lat' dir='ltr'><strong>eciam,</strong></span> <span class='ocrx_word' id='word_1_362' title='bbox 912 3427 1021 3480; x_wconf 86' lang='lat' dir='ltr'><strong>etnulla</strong></span> <span class='ocrx_word' id='word_1_363' title='bbox 1033 3427 1152 3498; x_wconf 85' lang='lat' dir='ltr'><strong>exempla</strong></span> <span class='ocrx_word' id='word_1_364' title='bbox 1163 3441 1230 3481; x_wconf 89' lang='lat' dir='ltr'><strong>attu-</strong></span> 
     </span>
     <span class='ocr_line' id='line_1_39' title="bbox 187 3504 1229 3584; baseline 0.004 -28"><span class='ocrx_word' id='word_1_365' title='bbox 187 3504 218 3557; x_wconf 91' lang='lat' dir='ltr'><strong>lit</strong></span> <span class='ocrx_word' id='word_1_366' title='bbox 236 3506 394 3581; x_wconf 86' lang='lat' dir='ltr'><strong>Salmasius)</strong></span> <span class='ocrx_word' id='word_1_367' title='bbox 408 3531 464 3579; x_wconf 81' lang='lat' dir='ltr'><strong>sex,</strong></span> <span class='ocrx_word' id='word_1_368' title='bbox 484 3531 587 3584; x_wconf 84' lang='lat' dir='ltr'><strong>semper</strong></span> <span class='ocrx_word' id='word_1_369' title='bbox 601 3521 697 3584; x_wconf 86' lang='lat' dir='ltr'><strong>septem</strong></span> <span class='ocrx_word' id='word_1_370' title='bbox 715 3511 860 3576; x_wconf 89' lang='lat' dir='ltr'><strong>montium,</strong></span> <span class='ocrx_word' id='word_1_371' title='bbox 878 3525 926 3560; x_wconf 87' lang='lat' dir='ltr'><strong>seu</strong></span> <span class='ocrx_word' id='word_1_372' title='bbox 941 3506 1050 3559; x_wconf 90' lang='lat' dir='ltr'><strong>collium</strong></span> <span class='ocrx_word' id='word_1_373' title='bbox 1067 3508 1229 3560; x_wconf 87' lang='lat' dir='ltr'><strong>mentionem</strong></span> 
     </span>
     <span class='ocr_line' id='line_1_40' title="bbox 188 3584 1282 3663; baseline 0.002 -27"><span class='ocrx_word' id='word_1_374' title='bbox 188 3585 298 3639; x_wconf 80' lang='lat' dir='ltr'><strong>laniunt.</strong></span> <span class='ocrx_word' id='word_1_375' title='bbox 307 3587 380 3640; x_wconf 90' lang='lat' dir='ltr'><strong>Sicin</strong></span> <span class='ocrx_word' id='word_1_376' title='bbox 388 3593 463 3663; x_wconf 87' lang='lat' dir='ltr'><strong>Equo</strong></span> <span class='ocrx_word' id='word_1_377' title='bbox 471 3595 540 3644; x_wconf 80' lang='lat' dir='ltr'><strong>Max.</strong></span> <span class='ocrx_word' id='word_1_378' title='bbox 549 3594 743 3662; x_wconf 83' lang='lat' dir='ltr'><strong>exconjectura</strong></span> <span class='ocrx_word' id='word_1_379' title='bbox 750 3607 821 3641; x_wconf 87' lang='lat' dir='ltr'><strong>mea:</strong></span> <span class='ocrx_word' id='word_1_380' title='bbox 833 3587 958 3660; x_wconf 74' lang='lat' dir='ltr'><strong>«Septem</strong></span> <span class='ocrx_word' id='word_1_381' title='bbox 967 3607 1016 3661; x_wconf 90' lang='lat' dir='ltr'><strong>per</strong></span> <span class='ocrx_word' id='word_1_382' title='bbox 1023 3584 1149 3654; x_wconf 85' lang='lat' dir='ltr'><strong>culmina,</strong></span> <span class='ocrx_word' id='word_1_383' title='bbox 1156 3601 1206 3639; x_wconf 89' lang='lat' dir='ltr'><strong>etc.</strong></span> <span class='ocrx_word' id='word_1_384' title='bbox 1216 3610 1227 3632; x_wconf 90' lang='grc' dir='ltr'><strong>ι</strong></span> <span class='ocrx_word' id='word_1_385' title='bbox 1276 3605 1282 3617; x_wconf 95' lang='grc'>·</span> 
     </span>
    </p>
   </div>
   <div class='ocr_carea' id='block_1_6' title="bbox 187 3665 1231 3980">
    <p class='ocr_par' dir='ltr' id='par_1_8' title="bbox 187 3665 1231 3980">
     <span class='ocr_line' id='line_1_41' title="bbox 189 3665 1229 3744; baseline -0.002 -24"><span class='ocrx_word' id='word_1_386' title='bbox 189 3665 248 3718; x_wconf 83' lang='lat' dir='ltr'><strong>Silv.</strong></span> <span class='ocrx_word' id='word_1_387' title='bbox 269 3669 313 3737; x_wconf 89' lang='lat' dir='ltr'><strong>lV,</strong></span> <span class='ocrx_word' id='word_1_388' title='bbox 332 3686 359 3722; x_wconf 89' lang='lat' dir='ltr'><strong>t:</strong></span> <span class='ocrx_word' id='word_1_389' title='bbox 380 3673 434 3724; x_wconf 75' lang='lat' dir='ltr'><strong>«Et</strong></span> <span class='ocrx_word' id='word_1_390' title='bbox 452 3673 658 3744; x_wconf 76' lang='lat' dir='ltr'><strong>septemgemino</strong></span> <span class='ocrx_word' id='word_1_391' title='bbox 672 3675 746 3744; x_wconf 73' lang='lat' dir='ltr'><strong>jugo.</strong></span> <span class='ocrx_word' id='word_1_392' title='bbox 761 3695 772 3718; x_wconf 92' lang='grc' dir='ltr'><strong>ι</strong></span> <span class='ocrx_word' id='word_1_393' title='bbox 791 3672 840 3722; x_wconf 89' lang='lat' dir='ltr'><strong>Via</strong></span> <span class='ocrx_word' id='word_1_394' title='bbox 857 3671 957 3722; x_wconf 87' lang='lat' dir='ltr'><strong>Domit.</strong></span> <span class='ocrx_word' id='word_1_395' title='bbox 974 3689 1012 3722; x_wconf 85' lang='lat' dir='ltr'><strong>vs.</strong></span> <span class='ocrx_word' id='word_1_396' title='bbox 1032 3669 1084 3721; x_wconf 76' lang='lat'><strong>26:</strong></span> <span class='ocrx_word' id='word_1_397' title='bbox 1105 3667 1229 3740; x_wconf 80' lang='lat' dir='ltr'><strong>·seprem</strong></span> 
     </span>
     <span class='ocr_line' id='line_1_42' title="bbox 188 3747 1229 3824; baseline 0.003 -27"><span class='ocrx_word' id='word_1_398' title='bbox 188 3747 333 3802; x_wconf 85' lang='lat' dir='ltr'><strong>montibus.</strong></span> <span class='ocrx_word' id='word_1_399' title='bbox 344 3774 355 3798; x_wconf 89' lang='grc' dir='ltr'><strong>ι</strong></span> <span class='ocrx_word' id='word_1_400' title='bbox 369 3751 481 3805; x_wconf 83' lang='lat' dir='ltr'><strong>Geneth.</strong></span> <span class='ocrx_word' id='word_1_401' title='bbox 491 3755 589 3804; x_wconf 83' lang='lat' dir='ltr'><strong>Lucan.</strong></span> <span class='ocrx_word' id='word_1_402' title='bbox 598 3769 636 3804; x_wconf 82' lang='lat' dir='ltr'><strong>vs.</strong></span> <span class='ocrx_word' id='word_1_403' title='bbox 648 3752 696 3821; x_wconf 67' lang='lat'><strong>45:</strong></span> <span class='ocrx_word' id='word_1_404' title='bbox 711 3777 721 3800; x_wconf 91' lang='grc' dir='ltr'><strong>ιι</strong></span> <span class='ocrx_word' id='word_1_405' title='bbox 732 3753 837 3824; x_wconf 85' lang='lat' dir='ltr'><strong>Septem</strong></span> <span class='ocrx_word' id='word_1_406' title='bbox 843 3753 916 3823; x_wconf 74' lang='lat' dir='ltr'><strong>juga.</strong></span> <span class='ocrx_word' id='word_1_407' title='bbox 926 3776 936 3799; x_wconf 94' lang='grc' dir='ltr'><strong>ι</strong></span> <span class='ocrx_word' id='word_1_408' title='bbox 948 3755 981 3804; x_wconf 84' lang='grc' dir='ltr'><strong>Ει</strong></span> <span class='ocrx_word' id='word_1_409' title='bbox 991 3753 1028 3803; x_wconf 90' lang='lat' dir='ltr'><strong>ita</strong></span> <span class='ocrx_word' id='word_1_410' title='bbox 1037 3769 1141 3822; x_wconf 86' lang='lat' dir='ltr'><strong>semper</strong></span> <span class='ocrx_word' id='word_1_411' title='bbox 1151 3763 1176 3802; x_wconf 90' lang='lat' dir='ltr'><strong>et</strong></span> <span class='ocrx_word' id='word_1_412' title='bbox 1185 3749 1229 3800; x_wconf 88' lang='lat' dir='ltr'><strong>hic</strong></span> 
     </span>
     <span class='ocr_line' id='line_1_43' title="bbox 189 3827 1231 3902; baseline 0.002 -26"><span class='ocrx_word' id='word_1_413' title='bbox 189 3837 216 3877; x_wconf 88' lang='lat' dir='ltr'><strong>et</strong></span> <span class='ocrx_word' id='word_1_414' title='bbox 229 3827 273 3880; x_wconf 91' lang='lat' dir='ltr'><strong>alii</strong></span> <span class='ocrx_word' id='word_1_415' title='bbox 286 3841 384 3900; x_wconf 80' lang='lat' dir='ltr'><strong>poeta,</strong></span> <span class='ocrx_word' id='word_1_416' title='bbox 398 3847 511 3900; x_wconf 86' lang='lat' dir='ltr'><strong>quorum</strong></span> <span class='ocrx_word' id='word_1_417' title='bbox 525 3830 587 3884; x_wconf 84' lang='lat' dir='ltr'><strong>loca</strong></span> <span class='ocrx_word' id='word_1_418' title='bbox 600 3830 733 3885; x_wconf 88' lang='lat' dir='ltr'><strong>adducere</strong></span> <span class='ocrx_word' id='word_1_419' title='bbox 747 3850 802 3884; x_wconf 91' lang='lat' dir='ltr'><strong>non</strong></span> <span class='ocrx_word' id='word_1_420' title='bbox 815 3850 923 3885; x_wconf 88' lang='lat' dir='ltr'><strong>necesse</strong></span> <span class='ocrx_word' id='word_1_421' title='bbox 937 3844 985 3883; x_wconf 88' lang='lat' dir='ltr'><strong>est.</strong></span> <span class='ocrx_word' id='word_1_422' title='bbox 1000 3830 1175 3902; x_wconf 88' lang='lat' dir='ltr'><strong>Septenusque</strong></span> <span class='ocrx_word' id='word_1_423' title='bbox 1188 3846 1231 3878; x_wconf 85' lang='lat' dir='ltr'><strong>or·</strong></span> 
     </span>
     <span class='ocr_line' id='line_1_44' title="bbox 187 3904 1231 3980; baseline 0.001 -25"><span class='ocrx_word' id='word_1_424' title='bbox 187 3904 249 3957; x_wconf 82' lang='lat' dir='ltr'><strong>dine</strong></span> <span class='ocrx_word' id='word_1_425' title='bbox 261 3906 337 3958; x_wconf 85' lang='lat' dir='ltr'><strong>collis</strong></span> <span class='ocrx_word' id='word_1_426' title='bbox 349 3904 411 3957; x_wconf 90' lang='lat' dir='ltr'><strong>huic</strong></span> <span class='ocrx_word' id='word_1_427' title='bbox 425 3906 596 3961; x_wconf 82' lang='lat' dir='ltr'><strong>incommodo</strong></span> <span class='ocrx_word' id='word_1_428' title='bbox 611 3907 779 3972; x_wconf 84' lang='lat' dir='ltr'><strong>mederetur;</strong></span> <span class='ocrx_word' id='word_1_429' title='bbox 794 3909 841 3963; x_wconf 87' lang='lat' dir='ltr'><strong>sed</strong></span> <span class='ocrx_word' id='word_1_430' title='bbox 855 3911 934 3962; x_wconf 88' lang='lat' dir='ltr'><strong>nimis</strong></span> <span class='ocrx_word' id='word_1_431' title='bbox 947 3909 1027 3980; x_wconf 76' lang='lat' dir='ltr'><strong>longe</strong></span> <span class='ocrx_word' id='word_1_432' title='bbox 1039 3907 1137 3960; x_wconf 87' lang='lat' dir='ltr'><strong>recedit</strong></span> <span class='ocrx_word' id='word_1_433' title='bbox 1149 3904 1231 3958; x_wconf 85' lang='lat' dir='ltr'><strong>avul-</strong></span> 
     </span>
    </p>
   </div>
   <div class='ocr_carea' id='block_1_7' title="bbox 185 3983 1229 4064">
    <p class='ocr_par' dir='ltr' id='par_1_9' title="bbox 185 3983 1229 4064">
     <span class='ocr_line' id='line_1_45' title="bbox 185 3983 1229 4064; baseline 0.001 -28"><span class='ocrx_word' id='word_1_434' title='bbox 185 3998 245 4053; x_wconf 69' lang='lat' dir='ltr'><strong>gata</strong></span> <span class='ocrx_word' id='word_1_435' title='bbox 256 3986 400 4057; x_wconf 85' lang='lat' dir='ltr'><strong>scriptura,</strong></span> <span class='ocrx_word' id='word_1_436' title='bbox 410 3999 439 4039; x_wconf 90' lang='lat' dir='ltr'><strong>ut</strong></span> <span class='ocrx_word' id='word_1_437' title='bbox 448 3988 505 4062; x_wconf 87' lang='lat' dir='ltr'><strong>ipse</strong></span> <span class='ocrx_word' id='word_1_438' title='bbox 514 3989 608 4044; x_wconf 80' lang='lat' dir='ltr'><strong>latetur</strong></span> <span class='ocrx_word' id='word_1_439' title='bbox 620 3990 731 4064; x_wconf 84' lang='lat' dir='ltr'><strong>epistola</strong></span> <span class='ocrx_word' id='word_1_440' title='bbox 741 3992 875 4064; x_wconf 80' lang='lat' dir='ltr'><strong>proxima.</strong></span> <span class='ocrx_word' id='word_1_441' title='bbox 886 3991 954 4042; x_wconf 85' lang='lat' dir='ltr'><strong>Nam</strong></span> <span class='ocrx_word' id='word_1_442' title='bbox 965 3987 1036 4061; x_wconf 90' lang='lat' dir='ltr'><strong>quod</strong></span> <span class='ocrx_word' id='word_1_443' title='bbox 1047 3986 1123 4051; x_wconf 84' lang='lat' dir='ltr'><strong>alibi,</strong></span> <span class='ocrx_word' id='word_1_444' title='bbox 1133 4002 1173 4056; x_wconf 90' lang='lat' dir='ltr'><strong>ep.</strong></span> <span class='ocrx_word' id='word_1_445' title='bbox 1185 3983 1229 4052; x_wconf 72' lang='lat'><strong>96,</strong></span> 
     </span>
    </p>
   </div>
   <div class='ocr_carea' id='block_1_8' title="bbox 0 0 1416 4490">
    <p class='ocr_par' dir='ltr' id='par_1_10' title="bbox 0 0 1416 4490">
     <span class='ocr_line' id='line_1_46' title="bbox 0 0 1416 4490; baseline 0 0"><span class='ocrx_word' id='word_1_446' title='bbox 0 0 1416 4490; x_wconf 95' lang='lat' dir='ltr'><strong> </strong></span> 
     </span>
    </p>
   </div>
  </div>
 </body>
</html>
