2776 4484
181 269 221 358 76
280 273 290 281 '
334 267 470 332 NOTAE
494 268 543 332 IN
568 267 766 331 CARMEN
790 267 1058 337 SECUNDUM

178 393 238 462 quia
256 409 309 442 non
327 389 506 462 intelligebant
525 389 587 462 quid
607 405 675 442 esset
691 390 786 444 domus
803 390 890 460 alma,
909 413 957 464 pro
974 413 1005 447 ea
1025 396 1215 452 substituerunt

144 507 153 524 ι
176 470 239 522 alta.
254 470 333 523 Alma
345 483 503 542 perpetuum
516 469 652 541 epitheton
665 472 787 524 Veneris:
802 489 880 542 supra
892 491 916 523 v.
930 473 980 539 52,
993 489 1019 526 et
1032 495 1099 528 mox.
1113 495 1137 530 r.
1154 479 1215 549 159,

177 552 247 602 etita
261 549 333 621 apud
345 553 512 617 Lucretium,
524 550 676 621 Virgilium,
688 550 827 616 Ovidium,
841 570 940 605 omnes.
957 557 1013 607 Nec
1025 555 1161 610 docendus
1174 579 1215 611 es-

175 647 217 758 1⁵55?
231 640 336 699 penates
347 649 397 761 p⁵ro
412 630 555 682 domuisse
571 647 675 701 semper
690 631 768 701 poni,
787 631 837 682 nisi
849 649 929 708 causa
944 633 996 685 loci
1006 635 1108 706 Virgilii
1119 638 1214 707 Georg.

188 709 193 719 '
216 711 348 774 .II,vers.
383 709 428 761 13:

360 807 419 852 IIinc
428 808 483 852 anni
491 805 557 853 labor
562 825 570 862 ;
580 804 634 852 hinc
643 807 739 868 patriam
749 822 878 871 parvosque
887 822 984 872 nepotes

360 878 469 922 Sustinet.
554 931 555 934 Ἰ

175 962 227 1016 Ubi
243 966 331 1018 mirari
346 966 430 1031 subit,
448 983 528 1035 quare
545 977 656 1035 nepotes
670 966 758 1037 potius
776 985 855 1038 quam
871 965 985 1019 liberos?
1002 969 1034 1020 Et
1049 967 1113 1038 quid
1127 970 1214 1022 sinon

174 1040 272 1094 babeat
286 1058 395 1115 nepotes
407 1043 539 1113 agricolai
554 1063 608 1095 non
624 1047 693 1097 enim
710 1048 867 1116 cuicumque
878 1046 968 1102 datum
983 1060 1022 1098 est
1036 1047 1153 1118 agricolae
1165 1047 1214 1100 ha·

174 1121 238 1176 bere
250 1138 366 1195 nepotes.
382 1125 466 1194 Lege,
480 1147 491 1171 ι
504 1163 509 1174 .
520 1163 525 1174 .
536 1164 542 1174 .
553 1126 636 1178 ,Hinc
650 1126 761 1195 patriam
775 1144 924 1199 parvosque
937 1141 1046 1199 penates
1059 1127 1211 1192 Sustinen-

174 1201 226 1334 ppc
239 1204 361 1256 omnibus
375 1204 496 1274 agricolis
510 1222 659 1258 commune.
672 1207 769 1258 Parvos
781 1220 888 1278 penates
900 1221 929 1259 ut
943 1207 1012 1279 apud
1025 1207 1068 1260 Sil.
1081 1207 1213 1275 Italicum,

184 1284 193 1332 i
214 1286 260 1349 .l,
273 1303 341 1336 vers.
355 1285 423 1337 616:

360 1381 394 1426 nd
402 1395 485 1441 parvos
496 1396 566 1427 curru
575 1383 709 1428 remeabant
718 1397 779 1445 steps
789 1396 892 1446 penstet.

173 1465 239 1520 Vide
255 1468 353 1520 alinum
371 1469 551 1540 exemplorum
567 1472 595 1520 in
608 1471 671 1523 Not.
689 1471 789 1522 Ileinsii
803 1470 838 1522 ad
852 1469 927 1523 Ovid.
944 1469 1048 1522 Metam.
1063 1470 1133 1535 VIII,
1147 1469 1210 1539 639.

173 1548 218 1597 Iln
229 1565 290 1598 vero
298 1566 377 1600 voces
387 1557 492 1619 penam
503 1561 529 1599 et
538 1559 642 1618 nepotes
653 1561 782 1620 perpetuo
793 1559 986 1601 commutantur
994 1551 1021 1600 in
1033 1549 1102 1602 MSS.
1114 1548 1147 1600 de
1159 1567 1212 1621 qus

173 1643 201 1677 re
213 1625 290 1696 plene
304 1628 468 1679 Burmannus
483 1626 516 1678 ad
530 1628 588 1680 Val.
600 1628 686 1680 Flacc.
699 1631 759 1693 VII,
775 1626 823 1694 5ο,
838 1627 885 1679 ubi
897 1628 1009 1701 patriam
1023 1641 1049 1678 et
1062 1639 1165 1699 penates
1177 1629 1213 1680 si·

173 1704 268 1756 militer
286 1709 441 1775 conjunctos
455 1709 570 1776 reperies
587 1725 619 1757 ex
635 1705 730 1756 Ovidio
747 1718 772 1757 et
789 1705 906 1758 Lucano.
921 1708 1031 1776 Insuper
1049 1724 1144 1756 moneo
1161 1723 1211 1776 pro

173 1781 243 1833 Hinc
253 1785 319 1834 anni
333 1784 406 1836 labor
418 1786 444 1835 in
459 1786 509 1835 isto
521 1783 622 1852 Virgilii
634 1782 693 1834 loco
707 1783 849 1852 legendum
863 1803 919 1836 esse
935 1785 986 1834 Hic
999 1786 1064 1836 anni
1081 1784 1166 1845 lobon·
1182 1795 1212 1835 ut

173 1859 268 1932 Georg.
281 1863 329 1927 lll,
343 1865 408 1916 2813:
424 1865 493 1914 «Hic
504 1862 594 1913 labor:
608 1862 671 1913 hinc
684 1862 786 1914 laudem
798 1864 879 1914 furtes
892 1877 995 1934 sperate
1007 1865 1102 1917 coloni.
1113 1887 1124 1912 s
1136 1867 1211 1917 Hanc

172 1941 360 2011 digressionem
375 1944 451 1995 facile
466 1941 530 1994 milti
544 1941 722 2010 condonabis,
736 1947 844 2005 Lecton
860 1947 948 1996 sinon
963 1963 1034 2012 mea,
1049 1947 1141 1998 saltem
1154 1946 1211 1997 Vir·

171 2021 226 2088 gilii
238 2039 326 2074 cansa.

212 2162 268 2229 ¹4⁵·
289 2163 386 2215 Pandit
399 2163 494 2216 nitidos
510 2165 595 2217 Venus
609 2166 681 2219 alma
696 2176 810 2237 penates.
828 2165 976 2218 Marklandi
990 2165 1139 2218 emendatio
1154 2167 1212 2238 pls·

173 2243 227 2292 cuit
236 2238 343 2308 Leniio,
356 2262 409 2294 non
422 2246 484 2295 item
497 2244 702 2297 Mitscherlichio
718 2248 744 2298 in
755 2247 874 2298 Teutam.
889 2247 916 2296 in
927 2243 1024 2296 Tibull.
1035 2265 1061 2314 p.
1076 2245 1100 2297 8.
1115 2246 1152 2297 Ea
1163 2245 1211 2296 ad·

172 2320 251 2372 missa
268 2324 357 2372 Venus
376 2324 526 2392 importune
540 2322 635 2375 dicitur
650 2327 720 2394 ipsa,
739 2343 796 2396 qun
814 2326 906 2388 intrat,
924 2323 1039 2393 pandere
1052 2321 1128 2374 aedes.
1141 2324 1210 2374 Nam

172 2398 244 2469 qnod
258 2399 417 2452 Claudianus
429 2403 572 2452 Victoriam
585 2414 675 2452 narrat
691 2403 796 2454 intranti
809 2401 927 2454 Stiliconi
942 2399 1049 2451 'domum
1060 2401 1210 2469 apernisse,

171 2495 225 2529 non
238 2478 351 2532 alienum
362 2495 418 2533 erat
431 2501 444 2532 a
456 2484 561 2533 numine
574 2483 652 2552 hujus
662 2481 732 2534 deae:
745 2502 799 2534 non
811 2485 888 2549 item,
900 2485 921 2534 si
933 2484 990 2553 ipsa
1002 2480 1137 2533 salutanda
1147 2482 1210 2532 iuis·

172 2571 211 2610 set
225 2578 239 2610 a
254 2559 370 2613 domino.
383 2562 439 2614 Neo
452 2561 594 2634 quidquam
608 2567 703 2615 mutari
715 2563 828 2616 debebat
841 2565 866 2614 in
879 2563 984 2634 vulgata
998 2563 1114 2614 omniurn
1127 2561 1211 2614 libro-

172 2653 230 2694 rum
243 2643 380 2713 scriptura.
395 2645 496 2695 Domus
508 2647 577 2696 enim
593 2645 685 2716 pandit
700 2646 781 2698 nitida
794 2665 840 2698 sua
853 2646 1001 2712 conclavia,
1013 2657 1038 2696 et
1049 2647 1158 2697 invitare
1171 2646 1210 2696 vi·

171 2717 249 2772 detur
259 2723 385 2774 Venerem
395 2723 427 2775 ad
438 2742 500 2776 suos
509 2737 626 2794 penates.
637 2726 676 2778 lta
686 2725 783 2781 Statius
794 2746 842 2780 suo
852 2746 924 2784 more
933 2725 1069 2790 dedomo,
1080 2743 1137 2798 quse
1148 2743 1211 2796 pan-

171 2799 251 2854 ditur.
265 2805 357 2876 Neque
369 2807 446 2856 etiam
459 2804 580 2876 displicet
590 2805 731 2858 verborum
745 2810 911 2880 compositio.
923 2807 1014 2878 virgil.
1027 2805 1128 2859 AEneid.
1140 2806 1211 2870 VllI,

172 2879 220 2951 39,
234 2885 369 2954 conjunxit
380 2885 469 2938 domus
481 2899 506 2937 et
515 2898 634 2958 penates,
650 2887 791 2954 Martialis,
806 2890 856 2952 IX,
871 2890 921 2954 6²,
938 2888 967 2951 5,
984 2887 1047 2938 oedes
1059 2899 1085 2937 et
1097 2897 1209 2957 penates.

172 2960 290 3014 Pandere
305 2965 340 3016 ita
357 2967 472 3017 occurrit
490 2961 583 3018 Achitt.
602 2970 626 3027 l,
646 2983 704 3033 τοι,
723 2966 892 3019 connubialis
906 2967 1028 3038 pandunt
1042 2974 1117 3014 antm
1131 2962 1208 3013 sinus.

171 3041 235 3093 Alta
248 3063 308 3095 vero
323 3045 416 3099 domus
430 3059 538 3098 vocatur
550 3047 658 3099 solemni
671 3065 701 3098 ac
715 3049 824 3118 proprio
840 3048 953 3098 nomine.
966 3046 1071 3106 Florus,
1084 3059 1160 3112 quem
1172 3041 1210 3091 ai-

172 3120 222 3168 fert
234 3119 416 3188 Marklandus,
429 3143 459 3176 ea
472 3127 574 3176 ratione
586 3127 690 3195 scripsit
701 3125 727 3174 in
739 3123 875 3194 penatibus
885 3124 1034 3187 domorum,
1047 3137 1098 3189 qua
1108 3119 1210 3184 Quinti·

172 3195 271 3262 liunus,
285 3199 401 3252 Declam.
414 3204 438 3266 l,
454 3220 487 3254 a:
503 3202 606 3254 «filium
622 3222 720 3254 cascum
737 3205 763 3253 in
779 3213 879 3254 semota
892 3200 1025 3269 penatium
1040 3209 1115 3268 parte
1129 3213 1209 3266 sepo·

173 3275 255 3324 suit.»
276 3275 356 3326 Hans.

210 3411 268 3478 146.
288 3414 417 3488 Claraque
425 3419 565 3490 pandentes
573 3419 724 3491 pimenem
734 3415 834 3467 limina.
846 3417 896 3466 Pro
906 3413 977 3466 clara
987 3413 1076 3464 lleins.
1086 3411 1119 3464 ad
1132 3414 1206 3466 Ovid.

172 3494 235 3544 Met.
248 3495 285 3560 ll,
297 3495 358 3564 867,
370 3497 467 3548 mavult
478 3518 547 3552 cara.
558 3499 608 3551 Sed
620 3518 674 3551 non
685 3515 752 3568 opus
765 3509 818 3548 est:
832 3496 911 3546 immo
921 3495 1006 3545 verius
1018 3491 1089 3544 clara
1100 3493 1207 3562 limina,

173 3585 264 3644 utpote
276 3573 308 3626 de
319 3573 398 3627 domo
408 3578 546 3648 magnilica
558 3591 583 3630 et
593 3577 680 3630 nitidis
690 3575 844 3649 penatibus,
857 3591 923 3645 quos
933 3571 975 3624 hic
986 3571 1108 3624 describit
1120 3587 1207 3646 poeta.

211 3714 268 3784 ¹47·
288 3715 386 3768 Nitidis
397 3736 442 3768 nec
453 3719 536 3770 sordet
544 3719 575 3768 alr
584 3717 663 3771 astris.
675 3716 704 3768 ld
716 3725 769 3780 est,
782 3735 829 3767 nec
842 3715 935 3766 Veneri
945 3718 1123 3767 contemnitur
1131 3718 1208 3769 etiam

173 3809 233 3869 post
244 3796 349 3862 culum,
362 3801 463 3850 etiamsi
475 3801 529 3868 ejus
542 3796 670 3849 habitatio
683 3800 716 3849 sit
728 3799 754 3848 in
766 3795 839 3848 caelo.
851 3800 889 3848 Ita
900 3795 984 3847 Theb.
997 3797 1040 3863 tv,
1054 3797 1101 3863 84:

356 3893 390 3937 Ab
399 3892 457 3940 Jove
466 3893 553 3953 primus
562 3889 649 3949 honos,
658 3893 724 3941 bellis
731 3891 801 3940 modo
811 3891 875 3952 laetus
885 3905 979 3940 ovantes

357 3964 468 4026 Accipias.
