<?xml version="1.0" encoding="UTF-8"?>
<!DOCTYPE html PUBLIC "-//W3C//DTD XHTML 1.0 Transitional//EN"
    "http://www.w3.org/TR/xhtml1/DTD/xhtml1-transitional.dtd">
<html xmlns="http://www.w3.org/1999/xhtml" xml:lang="en" lang="en">
 <head>
  <title>
</title>
<meta http-equiv="Content-Type" content="text/html;charset=utf-8" />
  <meta name='ocr-system' content='tesseract 3.04.00' />
  <meta name='ocr-capabilities' content='ocr_page ocr_carea ocr_par ocr_line ocrx_word'/>
</head>
<body>
  <div class='ocr_page' id='page_1' title='image "./quexstantomniao03lemagoog_0257.png"; bbox 0 0 2858 4492; ppageno 0'>
   <div class='ocr_carea' id='block_1_1' title="bbox 403 327 1236 397">
    <p class='ocr_par' dir='ltr' id='par_1_1' title="bbox 403 327 1236 397">
     <span class='ocr_line' id='line_1_1' title="bbox 403 327 1236 397; baseline 0.005 -5"><span class='ocrx_word' id='word_1_1' title='bbox 403 329 531 392; x_wconf 86' lang='lat' dir='ltr'>LIBRI</span> <span class='ocrx_word' id='word_1_2' title='bbox 547 327 769 392; x_wconf 80' lang='lat' dir='ltr'>-sECUNDt</span> <span class='ocrx_word' id='word_1_3' title='bbox 790 328 1040 394; x_wconf 86' lang='lat' dir='ltr'>SlLVARUM.</span> <span class='ocrx_word' id='word_1_4' title='bbox 1178 353 1236 397; x_wconf 79' lang='lat'>221</span> 
     </span>
    </p>
   </div>
   <div class='ocr_carea' id='block_1_2' title="bbox 191 451 1283 4034">
    <p class='ocr_par' dir='ltr' id='par_1_2' title="bbox 191 451 1283 4034">
     <span class='ocr_line' id='line_1_2' title="bbox 197 451 1242 526; baseline 0.001 -17"><span class='ocrx_word' id='word_1_5' title='bbox 197 458 258 509; x_wconf 87' lang='lat' dir='ltr'>dieo</span> <span class='ocrx_word' id='word_1_6' title='bbox 272 455 306 506; x_wconf 86' lang='lat' dir='ltr'>ad</span> <span class='ocrx_word' id='word_1_7' title='bbox 322 453 430 524; x_wconf 86' lang='lat' dir='ltr'>Epiced.</span> <span class='ocrx_word' id='word_1_8' title='bbox 446 456 473 504; x_wconf 93' lang='lat' dir='ltr'>in</span> <span class='ocrx_word' id='word_1_9' title='bbox 486 456 553 505; x_wconf 89' lang='lat' dir='ltr'>Patr.</span> <span class='ocrx_word' id='word_1_10' title='bbox 570 469 607 504; x_wconf 83' lang='lat' dir='ltr'>rs.</span> <span class='ocrx_word' id='word_1_11' title='bbox 624 469 667 522; x_wconf 79' lang='lat'>9²·</span> <span class='ocrx_word' id='word_1_12' title='bbox 683 451 774 505; x_wconf 89' lang='lat' dir='ltr'>Sedet</span> <span class='ocrx_word' id='word_1_13' title='bbox 789 453 811 505; x_wconf 88' lang='lat' dir='ltr'>si</span> <span class='ocrx_word' id='word_1_14' title='bbox 824 452 1001 506; x_wconf 82' lang='lat' dir='ltr'>concedamus</span> <span class='ocrx_word' id='word_1_15' title='bbox 1015 456 1139 526; x_wconf 78' lang='lat' dir='ltr'>phrasin,</span> <span class='ocrx_word' id='word_1_16' title='bbox 1153 462 1242 510; x_wconf 88' lang='lat' dir='ltr'>sensui</span> 
     </span>
     <span class='ocr_line' id='line_1_3' title="bbox 198 532 1242 606; baseline 0.003 -17"><span class='ocrx_word' id='word_1_17' title='bbox 198 553 288 590; x_wconf 86' lang='lat' dir='ltr'>tamen</span> <span class='ocrx_word' id='word_1_18' title='bbox 301 555 355 588; x_wconf 90' lang='lat' dir='ltr'>non</span> <span class='ocrx_word' id='word_1_19' title='bbox 366 535 528 587; x_wconf 82' lang='lat' dir='ltr'>satisfactum</span> <span class='ocrx_word' id='word_1_20' title='bbox 539 535 596 586; x_wconf 88' lang='lat' dir='ltr'>erit.</span> <span class='ocrx_word' id='word_1_21' title='bbox 607 532 722 585; x_wconf 85' lang='lat' dir='ltr'>Stultum</span> <span class='ocrx_word' id='word_1_22' title='bbox 735 537 804 586; x_wconf 88' lang='lat' dir='ltr'>enim</span> <span class='ocrx_word' id='word_1_23' title='bbox 815 547 841 586; x_wconf 91' lang='lat' dir='ltr'>et</span> <span class='ocrx_word' id='word_1_24' title='bbox 853 533 994 586; x_wconf 86' lang='lat' dir='ltr'>ridiculum</span> <span class='ocrx_word' id='word_1_25' title='bbox 1005 537 1105 590; x_wconf 86' lang='lat' dir='ltr'>faceret</span> <span class='ocrx_word' id='word_1_26' title='bbox 1116 538 1242 606; x_wconf 84' lang='lat' dir='ltr'>Polliam,</span> 
     </span>
     <span class='ocr_line' id='line_1_4' title="bbox 200 612 1243 692; baseline 0.003 -23"><span class='ocrx_word' id='word_1_27' title='bbox 200 621 221 669; x_wconf 88' lang='lat' dir='ltr'>si</span> <span class='ocrx_word' id='word_1_28' title='bbox 235 614 396 692; x_wconf 80' lang='lat' dir='ltr'>describeret</span> <span class='ocrx_word' id='word_1_29' title='bbox 410 633 470 666; x_wconf 85' lang='lat' dir='ltr'>eum</span> <span class='ocrx_word' id='word_1_30' title='bbox 485 613 625 688; x_wconf 89' lang='lat' dir='ltr'>superbum</span> <span class='ocrx_word' id='word_1_31' title='bbox 639 631 723 666; x_wconf 87' lang='lat' dir='ltr'>errore</span> <span class='ocrx_word' id='word_1_32' title='bbox 734 612 827 686; x_wconf 79' lang='lat' dir='ltr'><strong><em>plectri</em></strong></span> <span class='ocrx_word' id='word_1_33' title='bbox 838 615 1004 686; x_wconf 86' lang='lat' dir='ltr'>simpliciter:</span> <span class='ocrx_word' id='word_1_34' title='bbox 1020 636 1090 669; x_wconf 86' lang='lat' dir='ltr'>error</span> <span class='ocrx_word' id='word_1_35' title='bbox 1101 620 1170 671; x_wconf 86' lang='lat' dir='ltr'>enim</span> <span class='ocrx_word' id='word_1_36' title='bbox 1183 618 1243 690; x_wconf 86' lang='lat' dir='ltr'>ple-</span> 
     </span>
     <span class='ocr_line' id='line_1_5' title="bbox 200 688 1241 769; baseline 0.002 -21"><span class='ocrx_word' id='word_1_37' title='bbox 200 697 247 748; x_wconf 89' lang='lat' dir='ltr'>ctri</span> <span class='ocrx_word' id='word_1_38' title='bbox 260 696 344 747; x_wconf 88' lang='lat' dir='ltr'>cuivis</span> <span class='ocrx_word' id='word_1_39' title='bbox 358 694 482 764; x_wconf 76' lang='lat' dir='ltr'>contigit,</span> <span class='ocrx_word' id='word_1_40' title='bbox 501 694 578 744; x_wconf 86' lang='lat' dir='ltr'>etiam</span> <span class='ocrx_word' id='word_1_41' title='bbox 593 688 707 759; x_wconf 68' lang='grc' dir='ltr'>ἀμούσῳ,</span> <span class='ocrx_word' id='word_1_42' title='bbox 723 705 748 743; x_wconf 92' lang='lat' dir='ltr'>et</span> <span class='ocrx_word' id='word_1_43' title='bbox 762 693 799 744; x_wconf 89' lang='lat' dir='ltr'>illi</span> <span class='ocrx_word' id='word_1_44' title='bbox 818 695 864 764; x_wconf 91' lang='lat' dir='ltr'>qui</span> <span class='ocrx_word' id='word_1_45' title='bbox 880 693 961 765; x_wconf 74' lang='lat' dir='ltr'>lyram</span> <span class='ocrx_word' id='word_1_46' title='bbox 979 695 1006 746; x_wconf 90' lang='lat' dir='ltr'>in</span> <span class='ocrx_word' id='word_1_47' title='bbox 1022 714 1116 749; x_wconf 88' lang='lat' dir='ltr'>manus</span> <span class='ocrx_word' id='word_1_48' title='bbox 1130 700 1241 769; x_wconf 89' lang='lat' dir='ltr'>primum</span> 
     </span>
     <span class='ocr_line' id='line_1_6' title="bbox 201 771 1243 844; baseline 0.002 -18"><span class='ocrx_word' id='word_1_49' title='bbox 201 776 293 840; x_wconf 88' lang='lat' dir='ltr'>sumit,</span> <span class='ocrx_word' id='word_1_50' title='bbox 306 785 332 824; x_wconf 91' lang='lat' dir='ltr'>et</span> <span class='ocrx_word' id='word_1_51' title='bbox 344 771 457 824; x_wconf 79' lang='lat' dir='ltr'>chordas</span> <span class='ocrx_word' id='word_1_52' title='bbox 466 783 551 823; x_wconf 85' lang='lat' dir='ltr'>tentat</span> <span class='ocrx_word' id='word_1_53' title='bbox 563 783 590 822; x_wconf 88' lang='lat' dir='ltr'>et</span> <span class='ocrx_word' id='word_1_54' title='bbox 601 773 741 841; x_wconf 81' lang='lat' dir='ltr'>percurrit.</span> <span class='ocrx_word' id='word_1_55' title='bbox 757 773 838 844; x_wconf 79' lang='lat' dir='ltr'>Atqui</span> <span class='ocrx_word' id='word_1_56' title='bbox 848 774 954 842; x_wconf 87' lang='lat' dir='ltr'>ineptus</span> <span class='ocrx_word' id='word_1_57' title='bbox 968 791 1051 841; x_wconf 85' lang='lat' dir='ltr'>esses,</span> <span class='ocrx_word' id='word_1_58' title='bbox 1062 777 1084 826; x_wconf 90' lang='lat' dir='ltr'>si</span> <span class='ocrx_word' id='word_1_59' title='bbox 1095 774 1194 829; x_wconf 80' lang='lat' dir='ltr'>diceres</span> <span class='ocrx_word' id='word_1_60' title='bbox 1206 789 1243 828; x_wconf 88' lang='lat' dir='ltr'>ta·</span> 
     </span>
     <span class='ocr_line' id='line_1_7' title="bbox 201 848 1243 924; baseline 0.003 -21"><span class='ocrx_word' id='word_1_61' title='bbox 201 853 251 906; x_wconf 89' lang='lat' dir='ltr'>lem</span> <span class='ocrx_word' id='word_1_62' title='bbox 265 851 409 924; x_wconf 90' lang='lat' dir='ltr'>superbum</span> <span class='ocrx_word' id='word_1_63' title='bbox 423 867 480 902; x_wconf 87' lang='lat' dir='ltr'>esse</span> <span class='ocrx_word' id='word_1_64' title='bbox 494 848 545 901; x_wconf 93' lang='lat' dir='ltr'>boc</span> <span class='ocrx_word' id='word_1_65' title='bbox 558 850 652 922; x_wconf 77' lang='lat' dir='ltr'>plectri</span> <span class='ocrx_word' id='word_1_66' title='bbox 665 867 764 910; x_wconf 71' lang='grc' dir='ltr'>επακ,-</span> <span class='ocrx_word' id='word_1_67' title='bbox 780 864 806 902; x_wconf 87' lang='lat' dir='ltr'>et</span> <span class='ocrx_word' id='word_1_68' title='bbox 821 850 856 902; x_wconf 94' lang='lat' dir='ltr'>ob</span> <span class='ocrx_word' id='word_1_69' title='bbox 871 850 940 903; x_wconf 89' lang='lat' dir='ltr'>banc</span> <span class='ocrx_word' id='word_1_70' title='bbox 953 855 1082 911; x_wconf 80' lang='lat' dir='ltr'>rationem</span> <span class='ocrx_word' id='word_1_71' title='bbox 1096 874 1152 906; x_wconf 89' lang='lat' dir='ltr'>non</span> <span class='ocrx_word' id='word_1_72' title='bbox 1165 857 1243 908; x_wconf 88' lang='lat' dir='ltr'>satis-</span> 
     </span>
     <span class='ocr_line' id='line_1_8' title="bbox 202 930 1244 1008; baseline 0.002 -24"><span class='ocrx_word' id='word_1_73' title='bbox 202 935 265 985; x_wconf 87' lang='lat' dir='ltr'>lacit</span> <span class='ocrx_word' id='word_1_74' title='bbox 277 933 441 991; x_wconf 82' lang='lat' dir='ltr'>Gronovius,</span> <span class='ocrx_word' id='word_1_75' title='bbox 453 933 499 1002; x_wconf 89' lang='lat' dir='ltr'>qui</span> <span class='ocrx_word' id='word_1_76' title='bbox 511 930 621 982; x_wconf 86' lang='lat' dir='ltr'>Elench.</span> <span class='ocrx_word' id='word_1_77' title='bbox 635 930 777 982; x_wconf 79' lang='lat' dir='ltr'>Antidiatr.</span> <span class='ocrx_word' id='word_1_78' title='bbox 791 949 814 982; x_wconf 88' lang='lat' dir='ltr'>c.</span> <span class='ocrx_word' id='word_1_79' title='bbox 832 949 865 997; x_wconf 84' lang='lat'>2,</span> <span class='ocrx_word' id='word_1_80' title='bbox 881 930 945 983; x_wconf 89' lang='lat' dir='ltr'>dicit</span> <span class='ocrx_word' id='word_1_81' title='bbox 958 951 1068 987; x_wconf 81' lang='lat' dir='ltr'>errorem</span> <span class='ocrx_word' id='word_1_82' title='bbox 1083 936 1176 1008; x_wconf 81' lang='lat' dir='ltr'>plectri</span> <span class='ocrx_word' id='word_1_83' title='bbox 1191 953 1244 988; x_wconf 86' lang='lat' dir='ltr'>esse</span> 
     </span>
     <span class='ocr_line' id='line_1_9' title="bbox 202 1009 1245 1088; baseline 0.003 -25"><span class='ocrx_word' id='word_1_84' title='bbox 202 1025 301 1066; x_wconf 84' lang='lat' dir='ltr'>matum</span> <span class='ocrx_word' id='word_1_85' title='bbox 316 1010 418 1083; x_wconf 88' lang='lat' dir='ltr'>plectri.</span> <span class='ocrx_word' id='word_1_86' title='bbox 437 1012 497 1062; x_wconf 81' lang='lat' dir='ltr'>Non</span> <span class='ocrx_word' id='word_1_87' title='bbox 511 1011 580 1062; x_wconf 87' lang='lat' dir='ltr'>enirn</span> <span class='ocrx_word' id='word_1_88' title='bbox 597 1012 659 1063; x_wconf 88' lang='lat' dir='ltr'>satis</span> <span class='ocrx_word' id='word_1_89' title='bbox 674 1024 712 1061; x_wconf 88' lang='lat' dir='ltr'>est</span> <span class='ocrx_word' id='word_1_90' title='bbox 727 1021 811 1064; x_wconf 84' lang='lat' dir='ltr'>motus</span> <span class='ocrx_word' id='word_1_91' title='bbox 825 1009 918 1083; x_wconf 85' lang='lat' dir='ltr'>plectri</span> <span class='ocrx_word' id='word_1_92' title='bbox 924 1035 933 1073; x_wconf 91' lang='lat'>,·</span> <span class='ocrx_word' id='word_1_93' title='bbox 948 1012 995 1066; x_wconf 86' lang='lat' dir='ltr'>aed</span> <span class='ocrx_word' id='word_1_94' title='bbox 1009 1015 1109 1067; x_wconf 86' lang='lat' dir='ltr'>decenti</span> <span class='ocrx_word' id='word_1_95' title='bbox 1122 1029 1148 1068; x_wconf 92' lang='lat' dir='ltr'>et</span> <span class='ocrx_word' id='word_1_96' title='bbox 1161 1013 1245 1088; x_wconf 80' lang='lat' dir='ltr'>artifi-</span> 
     </span>
     <span class='ocr_line' id='line_1_10' title="bbox 202 1089 1242 1166; baseline 0.004 -22"><span class='ocrx_word' id='word_1_97' title='bbox 202 1095 267 1146; x_wconf 86' lang='lat' dir='ltr'>cioso</span> <span class='ocrx_word' id='word_1_98' title='bbox 284 1106 311 1143; x_wconf 92' lang='lat' dir='ltr'>et</span> <span class='ocrx_word' id='word_1_99' title='bbox 322 1091 404 1162; x_wconf 86' lang='lat' dir='ltr'>perita</span> <span class='ocrx_word' id='word_1_100' title='bbox 418 1100 490 1141; x_wconf 85' lang='lat' dir='ltr'>motu</span> <span class='ocrx_word' id='word_1_101' title='bbox 503 1089 599 1160; x_wconf 89' lang='lat' dir='ltr'>plectri</span> <span class='ocrx_word' id='word_1_102' title='bbox 613 1089 744 1160; x_wconf 84' lang='lat' dir='ltr'>superbus</span> <span class='ocrx_word' id='word_1_103' title='bbox 759 1107 816 1142; x_wconf 84' lang='lat' dir='ltr'>esse</span> <span class='ocrx_word' id='word_1_104' title='bbox 831 1090 922 1144; x_wconf 82' lang='lat' dir='ltr'>debuit</span> <span class='ocrx_word' id='word_1_105' title='bbox 937 1107 963 1145; x_wconf 87' lang='lat' dir='ltr'>et</span> <span class='ocrx_word' id='word_1_106' title='bbox 977 1112 1005 1146; x_wconf 85' lang='lat' dir='ltr'>se</span> <span class='ocrx_word' id='word_1_107' title='bbox 1018 1097 1122 1166; x_wconf 86' lang='lat' dir='ltr'>jactare</span> <span class='ocrx_word' id='word_1_108' title='bbox 1135 1095 1242 1148; x_wconf 88' lang='lat' dir='ltr'>Pollius.</span> 
     </span>
     <span class='ocr_line' id='line_1_11' title="bbox 203 1167 1245 1239; baseline 0.004 -15"><span class='ocrx_word' id='word_1_109' title='bbox 203 1173 295 1224; x_wconf 85' lang='lat' dir='ltr'>hliram</span> <span class='ocrx_word' id='word_1_110' title='bbox 305 1185 331 1223; x_wconf 89' lang='lat' dir='ltr'>et</span> <span class='ocrx_word' id='word_1_111' title='bbox 343 1187 478 1222; x_wconf 88' lang='lat' dir='ltr'>enormem</span> <span class='ocrx_word' id='word_1_112' title='bbox 487 1169 598 1238; x_wconf 86' lang='lat' dir='ltr'>hujusce</span> <span class='ocrx_word' id='word_1_113' title='bbox 607 1167 660 1219; x_wconf 91' lang='lat' dir='ltr'>loci</span> <span class='ocrx_word' id='word_1_114' title='bbox 672 1170 914 1239; x_wconf 82' lang='lat' dir='ltr'>interpretationem</span> <span class='ocrx_word' id='word_1_115' title='bbox 927 1188 1092 1226; x_wconf 87' lang='lat' dir='ltr'>commentus</span> <span class='ocrx_word' id='word_1_116' title='bbox 1102 1189 1143 1228; x_wconf 91' lang='lat' dir='ltr'>est</span> <span class='ocrx_word' id='word_1_117' title='bbox 1151 1176 1245 1228; x_wconf 82' lang='lat' dir='ltr'>Gerar·</span> 
     </span>
     <span class='ocr_line' id='line_1_12' title="bbox 204 1246 1245 1326; baseline 0.004 -23"><span class='ocrx_word' id='word_1_118' title='bbox 204 1256 267 1318; x_wconf 87' lang='lat' dir='ltr'>tius,</span> <span class='ocrx_word' id='word_1_119' title='bbox 278 1254 370 1323; x_wconf 87' lang='lat' dir='ltr'>Papin.</span> <span class='ocrx_word' id='word_1_120' title='bbox 383 1249 454 1300; x_wconf 86' lang='lat' dir='ltr'>Lect.</span> <span class='ocrx_word' id='word_1_121' title='bbox 467 1249 504 1314; x_wconf 90' lang='lat' dir='ltr'>ll,</span> <span class='ocrx_word' id='word_1_122' title='bbox 518 1265 559 1315; x_wconf 83' lang='grc' dir='ltr'>ιι,</span> <span class='ocrx_word' id='word_1_123' title='bbox 568 1246 610 1300; x_wconf 88' lang='lat' dir='ltr'>his</span> <span class='ocrx_word' id='word_1_124' title='bbox 620 1247 723 1303; x_wconf 83' lang='lat' dir='ltr'>verbis:</span> <span class='ocrx_word' id='word_1_125' title='bbox 740 1251 886 1301; x_wconf 73' lang='lat' dir='ltr'>«Existimo</span> <span class='ocrx_word' id='word_1_126' title='bbox 899 1265 1005 1322; x_wconf 90' lang='lat' dir='ltr'>poetam</span> <span class='ocrx_word' id='word_1_127' title='bbox 1016 1251 1060 1305; x_wconf 87' lang='lat' dir='ltr'>hic</span> <span class='ocrx_word' id='word_1_128' title='bbox 1070 1274 1181 1307; x_wconf 73' lang='lat' dir='ltr'>enatem</span> <span class='ocrx_word' id='word_1_129' title='bbox 1191 1256 1245 1326; x_wconf 89' lang='lat' dir='ltr'>ple·</span> 
     </span>
     <span class='ocr_line' id='line_1_13' title="bbox 203 1326 1244 1405; baseline 0.004 -23"><span class='ocrx_word' id='word_1_130' title='bbox 203 1333 249 1383; x_wconf 87' lang='lat' dir='ltr'>etri</span> <span class='ocrx_word' id='word_1_131' title='bbox 260 1332 355 1384; x_wconf 84' lang='lat' dir='ltr'>dixisse</span> <span class='ocrx_word' id='word_1_132' title='bbox 366 1328 401 1380; x_wconf 88' lang='lat' dir='ltr'>ob</span> <span class='ocrx_word' id='word_1_133' title='bbox 415 1327 556 1402; x_wconf 68' lang='lat' dir='ltr'>lyricorum</span> <span class='ocrx_word' id='word_1_134' title='bbox 569 1339 673 1397; x_wconf 75' lang='lat' dir='ltr'>gestum</span> <span class='ocrx_word' id='word_1_135' title='bbox 686 1339 711 1377; x_wconf 88' lang='lat' dir='ltr'>et</span> <span class='ocrx_word' id='word_1_136' title='bbox 726 1327 839 1378; x_wconf 89' lang='lat' dir='ltr'>cauendi</span> <span class='ocrx_word' id='word_1_137' title='bbox 853 1326 970 1380; x_wconf 86' lang='lat' dir='ltr'>modum.</span> <span class='ocrx_word' id='word_1_138' title='bbox 987 1334 1055 1384; x_wconf 86' lang='lat' dir='ltr'>Nam</span> <span class='ocrx_word' id='word_1_139' title='bbox 1070 1333 1244 1405; x_wconf 88' lang='lat' dir='ltr'>quemadmo-</span> 
     </span>
     <span class='ocr_line' id='line_1_14' title="bbox 203 1405 1244 1480; baseline -0.001 -16"><span class='ocrx_word' id='word_1_140' title='bbox 203 1411 265 1463; x_wconf 87' lang='lat' dir='ltr'>dum</span> <span class='ocrx_word' id='word_1_141' title='bbox 279 1411 422 1463; x_wconf 80' lang='lat' dir='ltr'>errantium</span> <span class='ocrx_word' id='word_1_142' title='bbox 433 1408 533 1475; x_wconf 66' lang='lat' dir='ltr'>vertigo</span> <span class='ocrx_word' id='word_1_143' title='bbox 548 1420 586 1457; x_wconf 85' lang='lat' dir='ltr'>cst</span> <span class='ocrx_word' id='word_1_144' title='bbox 599 1405 632 1457; x_wconf 89' lang='lat' dir='ltr'>ab</span> <span class='ocrx_word' id='word_1_145' title='bbox 646 1406 751 1457; x_wconf 79' lang='lat' dir='ltr'>Occasu</span> <span class='ocrx_word' id='word_1_146' title='bbox 761 1407 789 1456; x_wconf 93' lang='lat' dir='ltr'>in</span> <span class='ocrx_word' id='word_1_147' title='bbox 803 1408 910 1471; x_wconf 80' lang='lat' dir='ltr'>Ortum,</span> <span class='ocrx_word' id='word_1_148' title='bbox 926 1409 962 1459; x_wconf 89' lang='lat' dir='ltr'>ita</span> <span class='ocrx_word' id='word_1_149' title='bbox 976 1408 1066 1480; x_wconf 71' lang='lat' dir='ltr'>lyrici,</span> <span class='ocrx_word' id='word_1_150' title='bbox 1079 1411 1143 1462; x_wconf 90' lang='lat' dir='ltr'>dum</span> <span class='ocrx_word' id='word_1_151' title='bbox 1155 1431 1169 1463; x_wconf 87' lang='lat' dir='ltr'>a</span> <span class='ocrx_word' id='word_1_152' title='bbox 1182 1412 1244 1464; x_wconf 81' lang='lat' dir='ltr'>laera</span> 
     </span>
     <span class='ocr_line' id='line_1_15' title="bbox 204 1486 1245 1562; baseline -0.001 -18"><span class='ocrx_word' id='word_1_153' title='bbox 204 1496 230 1544; x_wconf 89' lang='lat' dir='ltr'>ia</span> <span class='ocrx_word' id='word_1_154' title='bbox 240 1491 356 1544; x_wconf 82' lang='lat' dir='ltr'>dextram</span> <span class='ocrx_word' id='word_1_155' title='bbox 367 1487 588 1552; x_wconf 81' lang='lat' dir='ltr'>obvertebantur,</span> <span class='ocrx_word' id='word_1_156' title='bbox 597 1487 760 1558; x_wconf 78' lang='lat' dir='ltr'>antistropha</span> <span class='ocrx_word' id='word_1_157' title='bbox 773 1489 810 1538; x_wconf 87' lang='lat' dir='ltr'>uti</span> <span class='ocrx_word' id='word_1_158' title='bbox 820 1486 988 1550; x_wconf 86' lang='lat' dir='ltr'>dicebantur;</span> <span class='ocrx_word' id='word_1_159' title='bbox 999 1489 1103 1562; x_wconf 82' lang='lat' dir='ltr'>stropha</span> <span class='ocrx_word' id='word_1_160' title='bbox 1112 1511 1187 1557; x_wconf 86' lang='lat' dir='ltr'>vero,</span> <span class='ocrx_word' id='word_1_161' title='bbox 1199 1492 1245 1544; x_wconf 88' lang='lat' dir='ltr'>ubi</span> 
     </span>
     <span class='ocr_line' id='line_1_16' title="bbox 205 1567 1245 1641; baseline 0 -17"><span class='ocrx_word' id='word_1_162' title='bbox 205 1573 327 1625; x_wconf 84' lang='lat' dir='ltr'>adextris</span> <span class='ocrx_word' id='word_1_163' title='bbox 339 1574 366 1622; x_wconf 92' lang='lat' dir='ltr'>in</span> <span class='ocrx_word' id='word_1_164' title='bbox 381 1571 471 1623; x_wconf 78' lang='lat' dir='ltr'>lavam</span> <span class='ocrx_word' id='word_1_165' title='bbox 486 1567 566 1620; x_wconf 88' lang='lat' dir='ltr'>liebat</span> <span class='ocrx_word' id='word_1_166' title='bbox 577 1569 723 1620; x_wconf 86' lang='lat' dir='ltr'>conversio.</span> <span class='ocrx_word' id='word_1_167' title='bbox 739 1570 831 1639; x_wconf 86' lang='lat' dir='ltr'>ltaque</span> <span class='ocrx_word' id='word_1_168' title='bbox 845 1568 928 1639; x_wconf 73' lang='lat' dir='ltr'>lyram</span> <span class='ocrx_word' id='word_1_169' title='bbox 942 1568 1077 1641; x_wconf 80' lang='lat' dir='ltr'>pulsantes</span> <span class='ocrx_word' id='word_1_170' title='bbox 1093 1572 1126 1624; x_wconf 88' lang='lat' dir='ltr'>ab</span> <span class='ocrx_word' id='word_1_171' title='bbox 1140 1591 1193 1624; x_wconf 88' lang='lat' dir='ltr'>uno</span> <span class='ocrx_word' id='word_1_172' title='bbox 1205 1572 1245 1624; x_wconf 90' lang='lat' dir='ltr'>la-</span> 
     </span>
     <span class='ocr_line' id='line_1_17' title="bbox 205 1647 1244 1726; baseline 0.002 -22"><span class='ocrx_word' id='word_1_173' title='bbox 205 1669 258 1706; x_wconf 89' lang='lat' dir='ltr'>tere</span> <span class='ocrx_word' id='word_1_174' title='bbox 271 1658 297 1706; x_wconf 90' lang='lat' dir='ltr'>in</span> <span class='ocrx_word' id='word_1_175' title='bbox 313 1653 424 1705; x_wconf 86' lang='lat' dir='ltr'>alterum</span> <span class='ocrx_word' id='word_1_176' title='bbox 438 1669 465 1703; x_wconf 91' lang='lat' dir='ltr'>se</span> <span class='ocrx_word' id='word_1_177' title='bbox 479 1647 614 1702; x_wconf 88' lang='lat' dir='ltr'>vertebant</span> <span class='ocrx_word' id='word_1_178' title='bbox 629 1663 655 1700; x_wconf 89' lang='lat' dir='ltr'>et</span> <span class='ocrx_word' id='word_1_179' title='bbox 669 1651 743 1720; x_wconf 85' lang='lat' dir='ltr'>quasi</span> <span class='ocrx_word' id='word_1_180' title='bbox 758 1651 897 1701; x_wconf 81' lang='lat' dir='ltr'>errabant:</span> <span class='ocrx_word' id='word_1_181' title='bbox 915 1649 985 1701; x_wconf 89' lang='lat' dir='ltr'>unde</span> <span class='ocrx_word' id='word_1_182' title='bbox 999 1655 1151 1704; x_wconf 73' lang='lat' dir='ltr'>suavissime</span> <span class='ocrx_word' id='word_1_183' title='bbox 1164 1668 1244 1726; x_wconf 87' lang='lat' dir='ltr'>poeta</span> 
     </span>
     <span class='ocr_line' id='line_1_18' title="bbox 204 1729 1245 1804; baseline -0.001 -18"><span class='ocrx_word' id='word_1_184' title='bbox 204 1732 294 1804; x_wconf 76' lang='lat' dir='ltr'>plectri</span> <span class='ocrx_word' id='word_1_185' title='bbox 302 1751 412 1786; x_wconf 78' lang='lat' dir='ltr'>morem</span> <span class='ocrx_word' id='word_1_186' title='bbox 422 1732 495 1784; x_wconf 84' lang='lat' dir='ltr'>dixit.</span> <span class='ocrx_word' id='word_1_187' title='bbox 506 1754 516 1778; x_wconf 80' lang='lat' dir='ltr'>r</span> <span class='ocrx_word' id='word_1_188' title='bbox 532 1729 598 1781; x_wconf 88' lang='lat' dir='ltr'>Vide</span> <span class='ocrx_word' id='word_1_189' title='bbox 610 1743 738 1801; x_wconf 86' lang='lat' dir='ltr'>quantum</span> <span class='ocrx_word' id='word_1_190' title='bbox 749 1729 850 1782; x_wconf 85' lang='lat' dir='ltr'>fallitur</span> <span class='ocrx_word' id='word_1_191' title='bbox 859 1732 899 1782; x_wconf 87' lang='lat' dir='ltr'>vir</span> <span class='ocrx_word' id='word_1_192' title='bbox 909 1731 1042 1798; x_wconf 89' lang='lat' dir='ltr'>eruditus,</span> <span class='ocrx_word' id='word_1_193' title='bbox 1054 1731 1117 1784; x_wconf 92' lang='lat' dir='ltr'>dum</span> <span class='ocrx_word' id='word_1_194' title='bbox 1127 1751 1206 1804; x_wconf 76' lang='lat' dir='ltr'>vagas</span> <span class='ocrx_word' id='word_1_195' title='bbox 1219 1748 1245 1785; x_wconf 89' lang='lat' dir='ltr'>et</span> 
     </span>
     <span class='ocr_line' id='line_1_19' title="bbox 205 1809 1245 1885; baseline -0.001 -19"><span class='ocrx_word' id='word_1_196' title='bbox 205 1817 273 1866; x_wconf 84' lang='lat' dir='ltr'>avias</span> <span class='ocrx_word' id='word_1_197' title='bbox 294 1813 482 1885; x_wconf 80' lang='lat' dir='ltr'>explicationes</span> <span class='ocrx_word' id='word_1_198' title='bbox 504 1822 678 1862; x_wconf 85' lang='lat' dir='ltr'>consectatur.</span> <span class='ocrx_word' id='word_1_199' title='bbox 699 1809 759 1862; x_wconf 81' lang='lat' dir='ltr'>Haec</span> <span class='ocrx_word' id='word_1_200' title='bbox 779 1812 849 1861; x_wconf 87' lang='lat' dir='ltr'>enim</span> <span class='ocrx_word' id='word_1_201' title='bbox 863 1812 1009 1878; x_wconf 83' lang='lat' dir='ltr'>conversio,</span> <span class='ocrx_word' id='word_1_202' title='bbox 1028 1814 1075 1863; x_wconf 84' lang='lat' dir='ltr'>seh</span> <span class='ocrx_word' id='word_1_203' title='bbox 1093 1811 1203 1884; x_wconf 86' lang='lat' dir='ltr'>strophe</span> <span class='ocrx_word' id='word_1_204' title='bbox 1219 1826 1245 1865; x_wconf 86' lang='lat' dir='ltr'>et</span> 
     </span>
     <span class='ocr_line' id='line_1_20' title="bbox 204 1891 1244 1968; baseline -0.002 -20"><span class='ocrx_word' id='word_1_205' title='bbox 204 1894 385 1968; x_wconf 84' lang='lat' dir='ltr'>antistrophe,</span> <span class='ocrx_word' id='word_1_206' title='bbox 401 1913 446 1946; x_wconf 86' lang='lat' dir='ltr'>seu</span> <span class='ocrx_word' id='word_1_207' title='bbox 457 1892 550 1967; x_wconf 87' lang='lat' dir='ltr'>plectri</span> <span class='ocrx_word' id='word_1_208' title='bbox 561 1909 633 1944; x_wconf 89' lang='lat' dir='ltr'>error</span> <span class='ocrx_word' id='word_1_209' title='bbox 642 1891 688 1962; x_wconf 88' lang='lat' dir='ltr'>(at</span> <span class='ocrx_word' id='word_1_210' title='bbox 699 1891 753 1944; x_wconf 89' lang='lat' dir='ltr'>vult</span> <span class='ocrx_word' id='word_1_211' title='bbox 767 1891 922 1964; x_wconf 85' lang='lat' dir='ltr'>Gerartias)</span> <span class='ocrx_word' id='word_1_212' title='bbox 935 1893 1023 1944; x_wconf 89' lang='lat' dir='ltr'>locum</span> <span class='ocrx_word' id='word_1_213' title='bbox 1037 1906 1139 1946; x_wconf 87' lang='lat' dir='ltr'>tanturn</span> <span class='ocrx_word' id='word_1_214' title='bbox 1151 1894 1244 1947; x_wconf 91' lang='lat' dir='ltr'>habuit</span> 
     </span>
     <span class='ocr_line' id='line_1_21' title="bbox 204 1970 1244 2048; baseline 0.003 -23"><span class='ocrx_word' id='word_1_215' title='bbox 204 1979 230 2028; x_wconf 93' lang='lat' dir='ltr'>in</span> <span class='ocrx_word' id='word_1_216' title='bbox 242 1975 347 2048; x_wconf 74' lang='lat' dir='ltr'>hymnis</span> <span class='ocrx_word' id='word_1_217' title='bbox 362 1977 443 2026; x_wconf 88' lang='lat' dir='ltr'>sacris</span> <span class='ocrx_word' id='word_1_218' title='bbox 460 1987 485 2025; x_wconf 87' lang='lat' dir='ltr'>et</span> <span class='ocrx_word' id='word_1_219' title='bbox 499 1972 586 2024; x_wconf 85' lang='lat' dir='ltr'>choris</span> <span class='ocrx_word' id='word_1_220' title='bbox 601 1970 778 2043; x_wconf 72' lang='lat' dir='ltr'>tragoedorum</span> <span class='ocrx_word' id='word_1_221' title='bbox 793 1984 820 2024; x_wconf 89' lang='lat' dir='ltr'>et</span> <span class='ocrx_word' id='word_1_222' title='bbox 834 1971 892 2024; x_wconf 87' lang='lat' dir='ltr'>odis</span> <span class='ocrx_word' id='word_1_223' title='bbox 905 1971 1031 2036; x_wconf 59' lang='lat' dir='ltr'>iminium</span> <span class='ocrx_word' id='word_1_224' title='bbox 1047 1993 1101 2025; x_wconf 90' lang='lat' dir='ltr'>non</span> <span class='ocrx_word' id='word_1_225' title='bbox 1114 1976 1141 2025; x_wconf 89' lang='lat' dir='ltr'>in</span> <span class='ocrx_word' id='word_1_226' title='bbox 1156 1977 1244 2046; x_wconf 88' lang='lat' dir='ltr'>quoti-</span> 
     </span>
     <span class='ocr_line' id='line_1_22' title="bbox 205 2052 1242 2126; baseline -0.004 -18"><span class='ocrx_word' id='word_1_227' title='bbox 205 2055 284 2108; x_wconf 89' lang='lat' dir='ltr'>diano</span> <span class='ocrx_word' id='word_1_228' title='bbox 298 2068 380 2108; x_wconf 88' lang='lat' dir='ltr'>cantu</span> <span class='ocrx_word' id='word_1_229' title='bbox 394 2067 421 2106; x_wconf 89' lang='lat' dir='ltr'>et</span> <span class='ocrx_word' id='word_1_230' title='bbox 434 2053 536 2124; x_wconf 71' lang='lat' dir='ltr'>vulgari</span> <span class='ocrx_word' id='word_1_231' title='bbox 550 2071 600 2105; x_wconf 89' lang='lat' dir='ltr'>asu</span> <span class='ocrx_word' id='word_1_232' title='bbox 613 2053 688 2125; x_wconf 74' lang='lat' dir='ltr'>lyrae,</span> <span class='ocrx_word' id='word_1_233' title='bbox 703 2052 800 2126; x_wconf 90' lang='lat' dir='ltr'>dequo</span> <span class='ocrx_word' id='word_1_234' title='bbox 815 2053 872 2104; x_wconf 90' lang='lat' dir='ltr'>solo</span> <span class='ocrx_word' id='word_1_235' title='bbox 886 2053 930 2105; x_wconf 91' lang='lat' dir='ltr'>hic</span> <span class='ocrx_word' id='word_1_236' title='bbox 944 2072 1021 2125; x_wconf 79' lang='lat' dir='ltr'>agere</span> <span class='ocrx_word' id='word_1_237' title='bbox 1034 2067 1123 2125; x_wconf 86' lang='lat' dir='ltr'>potest</span> <span class='ocrx_word' id='word_1_238' title='bbox 1136 2056 1242 2108; x_wconf 84' lang='lat' dir='ltr'>Statius.</span> 
     </span>
     <span class='ocr_line' id='line_1_23' title="bbox 203 2119 1283 2206; baseline -0.002 -18"><span class='ocrx_word' id='word_1_239' title='bbox 203 2138 301 2189; x_wconf 83' lang='lat' dir='ltr'>Marias</span> <span class='ocrx_word' id='word_1_240' title='bbox 312 2136 479 2200; x_wconf 81' lang='lat' dir='ltr'>Victorinus,</span> <span class='ocrx_word' id='word_1_241' title='bbox 494 2136 549 2185; x_wconf 77' lang='lat' dir='ltr'>hrt.</span> <span class='ocrx_word' id='word_1_242' title='bbox 562 2134 705 2185; x_wconf 85' lang='lat' dir='ltr'>Grammat.</span> <span class='ocrx_word' id='word_1_243' title='bbox 716 2132 762 2185; x_wconf 88' lang='lat' dir='ltr'>lib.</span> <span class='ocrx_word' id='word_1_244' title='bbox 776 2135 799 2200; x_wconf 93' lang='lat' dir='ltr'>l,</span> <span class='ocrx_word' id='word_1_245' title='bbox 812 2153 873 2206; x_wconf 75' lang='lat' dir='ltr'>pag.</span> <span class='ocrx_word' id='word_1_246' title='bbox 887 2133 968 2187; x_wconf 79' lang='lat'><strong>2501:</strong></span> <span class='ocrx_word' id='word_1_247' title='bbox 984 2136 1114 2206; x_wconf 75' lang='lat' dir='ltr'>«Antiqui</span> <span class='ocrx_word' id='word_1_248' title='bbox 1127 2137 1243 2188; x_wconf 89' lang='lat' dir='ltr'>Deorum</span> <span class='ocrx_word' id='word_1_249' title='bbox 1279 2119 1283 2135; x_wconf 38' lang='grc' dir='ltr'>ἱ</span> 
     </span>
     <span class='ocr_line' id='line_1_24' title="bbox 206 2212 1242 2284; baseline 0.001 -19"><span class='ocrx_word' id='word_1_250' title='bbox 206 2215 295 2268; x_wconf 88' lang='lat' dir='ltr'>laudes</span> <span class='ocrx_word' id='word_1_251' title='bbox 310 2214 468 2268; x_wconf 86' lang='lat' dir='ltr'>carminibus</span> <span class='ocrx_word' id='word_1_252' title='bbox 483 2212 686 2284; x_wconf 88' lang='lat' dir='ltr'>comprehensas</span> <span class='ocrx_word' id='word_1_253' title='bbox 700 2215 798 2265; x_wconf 80' lang='lat' dir='ltr'>cimam</span> <span class='ocrx_word' id='word_1_254' title='bbox 814 2233 872 2266; x_wconf 89' lang='lat' dir='ltr'>aras</span> <span class='ocrx_word' id='word_1_255' title='bbox 886 2233 978 2266; x_wconf 90' lang='lat' dir='ltr'>eorum</span> <span class='ocrx_word' id='word_1_256' title='bbox 993 2227 1084 2266; x_wconf 88' lang='lat' dir='ltr'>euntes</span> <span class='ocrx_word' id='word_1_257' title='bbox 1099 2213 1242 2276; x_wconf 86' lang='lat' dir='ltr'>canebant;</span> 
     </span>
     <span class='ocr_line' id='line_1_25' title="bbox 205 2292 1243 2367; baseline 0.002 -23"><span class='ocrx_word' id='word_1_258' title='bbox 205 2296 279 2367; x_wconf 86' lang='lat' dir='ltr'>cujus</span> <span class='ocrx_word' id='word_1_259' title='bbox 294 2297 409 2366; x_wconf 89' lang='lat' dir='ltr'>primurn</span> <span class='ocrx_word' id='word_1_260' title='bbox 426 2292 553 2345; x_wconf 87' lang='lat' dir='ltr'>ambitum</span> <span class='ocrx_word' id='word_1_261' title='bbox 569 2310 648 2364; x_wconf 89' lang='lat' dir='ltr'>quem</span> <span class='ocrx_word' id='word_1_262' title='bbox 666 2292 881 2362; x_wconf 79' lang='lat' dir='ltr'>ingrediebantur</span> <span class='ocrx_word' id='word_1_263' title='bbox 892 2313 923 2346; x_wconf 89' lang='lat' dir='ltr'>ex</span> <span class='ocrx_word' id='word_1_264' title='bbox 936 2307 1012 2364; x_wconf 87' lang='lat' dir='ltr'>parte</span> <span class='ocrx_word' id='word_1_265' title='bbox 1025 2295 1130 2358; x_wconf 86' lang='lat' dir='ltr'>dextra,</span> <span class='ocrx_word' id='word_1_266' title='bbox 1147 2292 1243 2364; x_wconf 70' lang='lat' dir='ltr'>rcpsqir</span> 
     </span>
     <span class='ocr_line' id='line_1_26' title="bbox 203 2373 1243 2446; baseline 0.002 -22"><span class='ocrx_word' id='word_1_267' title='bbox 203 2373 351 2428; x_wconf 86' lang='lat' dir='ltr'>vocabant:</span> <span class='ocrx_word' id='word_1_268' title='bbox 372 2373 546 2425; x_wconf 83' lang='lat' dir='ltr'>reversionem</span> <span class='ocrx_word' id='word_1_269' title='bbox 567 2386 655 2424; x_wconf 88' lang='lat' dir='ltr'>autem</span> <span class='ocrx_word' id='word_1_270' title='bbox 677 2373 853 2424; x_wconf 85' lang='lat' dir='ltr'>sinistrorsum</span> <span class='ocrx_word' id='word_1_271' title='bbox 873 2375 986 2440; x_wconf 79' lang='lat' dir='ltr'>factam,</span> <span class='ocrx_word' id='word_1_272' title='bbox 1002 2374 1137 2445; x_wconf 86' lang='lat' dir='ltr'>completo</span> <span class='ocrx_word' id='word_1_273' title='bbox 1155 2378 1243 2446; x_wconf 89' lang='lat' dir='ltr'>priore</span> 
     </span>
     <span class='ocr_line' id='line_1_27' title="bbox 202 2448 1243 2524; baseline -0.001 -19"><span class='ocrx_word' id='word_1_274' title='bbox 202 2453 280 2522; x_wconf 88' lang='lat' dir='ltr'>orbe,</span> <span class='ocrx_word' id='word_1_275' title='bbox 294 2453 474 2524; x_wconf 82' lang='lat' dir='ltr'>antistrophon</span> <span class='ocrx_word' id='word_1_276' title='bbox 490 2450 673 2523; x_wconf 78' lang='lat' dir='ltr'>appellebant3</span> <span class='ocrx_word' id='word_1_277' title='bbox 688 2448 749 2503; x_wconf 88' lang='lat' dir='ltr'>dein</span> <span class='ocrx_word' id='word_1_278' title='bbox 764 2454 791 2504; x_wconf 90' lang='lat' dir='ltr'>in</span> <span class='ocrx_word' id='word_1_279' title='bbox 803 2466 948 2524; x_wconf 86' lang='lat' dir='ltr'>conspectu</span> <span class='ocrx_word' id='word_1_280' title='bbox 961 2454 1077 2507; x_wconf 87' lang='lat' dir='ltr'>Deorum</span> <span class='ocrx_word' id='word_1_281' title='bbox 1091 2453 1162 2507; x_wconf 89' lang='lat' dir='ltr'>soliti</span> <span class='ocrx_word' id='word_1_282' title='bbox 1177 2472 1243 2506; x_wconf 89' lang='lat' dir='ltr'>eon-</span> 
     </span>
     <span class='ocr_line' id='line_1_28' title="bbox 203 2530 1243 2604; baseline -0.002 -18"><span class='ocrx_word' id='word_1_283' title='bbox 203 2535 311 2600; x_wconf 82' lang='lat' dir='ltr'>sistere,</span> <span class='ocrx_word' id='word_1_284' title='bbox 329 2532 425 2585; x_wconf 88' lang='lat' dir='ltr'>cantici</span> <span class='ocrx_word' id='word_1_285' title='bbox 440 2531 541 2602; x_wconf 87' lang='lat' dir='ltr'>reliqua</span> <span class='ocrx_word' id='word_1_286' title='bbox 554 2530 795 2601; x_wconf 83' lang='lat' dir='ltr'>consequebantur,</span> <span class='ocrx_word' id='word_1_287' title='bbox 810 2531 973 2604; x_wconf 83' lang='lat' dir='ltr'>appellantes</span> <span class='ocrx_word' id='word_1_288' title='bbox 988 2532 1014 2584; x_wconf 93' lang='lat' dir='ltr'>id</span> <span class='ocrx_word' id='word_1_289' title='bbox 1029 2533 1168 2604; x_wconf 81' lang='lat' dir='ltr'>epodon·</span> <span class='ocrx_word' id='word_1_290' title='bbox 1185 2536 1243 2586; x_wconf 88' lang='lat' dir='ltr'>lam</span> 
     </span>
     <span class='ocr_line' id='line_1_29' title="bbox 204 2610 1244 2684; baseline 0.001 -19"><span class='ocrx_word' id='word_1_291' title='bbox 204 2613 261 2665; x_wconf 75' lang='lat' dir='ltr'>bac</span> <span class='ocrx_word' id='word_1_292' title='bbox 276 2613 381 2684; x_wconf 85' lang='lat' dir='ltr'>applica</span> <span class='ocrx_word' id='word_1_293' title='bbox 392 2610 427 2663; x_wconf 87' lang='lat' dir='ltr'>ad</span> <span class='ocrx_word' id='word_1_294' title='bbox 440 2610 553 2663; x_wconf 85' lang='lat' dir='ltr'>Gevartii</span> <span class='ocrx_word' id='word_1_295' title='bbox 566 2611 825 2681; x_wconf 84' lang='lat' dir='ltr'>interpretationem,</span> <span class='ocrx_word' id='word_1_296' title='bbox 837 2624 864 2662; x_wconf 89' lang='lat' dir='ltr'>et</span> <span class='ocrx_word' id='word_1_297' title='bbox 875 2611 974 2664; x_wconf 87' lang='lat' dir='ltr'>videbis</span> <span class='ocrx_word' id='word_1_298' title='bbox 987 2632 1066 2684; x_wconf 86' lang='lat' dir='ltr'>quam</span> <span class='ocrx_word' id='word_1_299' title='bbox 1078 2612 1145 2666; x_wconf 90' lang='lat' dir='ltr'>male</span> <span class='ocrx_word' id='word_1_300' title='bbox 1157 2613 1244 2666; x_wconf 73' lang='lat' dir='ltr'>cohu-</span> 
     </span>
     <span class='ocr_line' id='line_1_30' title="bbox 206 2667 1244 2761; baseline 0.002 -18"><span class='ocrx_word' id='word_1_301' title='bbox 206 2705 297 2744; x_wconf 85' lang='lat' dir='ltr'>reant:</span> <span class='ocrx_word' id='word_1_302' title='bbox 309 2691 369 2744; x_wconf 90' lang='lat' dir='ltr'>licet</span> <span class='ocrx_word' id='word_1_303' title='bbox 380 2693 448 2744; x_wconf 88' lang='lat' dir='ltr'>euim</span> <span class='ocrx_word' id='word_1_304' title='bbox 459 2690 500 2743; x_wconf 80' lang='lat' dir='ltr'>ba</span> <span class='ocrx_word' id='word_1_305' title='bbox 512 2688 627 2761; x_wconf 75' lang='lat' dir='ltr'>strophas</span> <span class='ocrx_word' id='word_1_306' title='bbox 640 2701 666 2741; x_wconf 91' lang='lat' dir='ltr'>et</span> <span class='ocrx_word' id='word_1_307' title='bbox 678 2688 842 2760; x_wconf 86' lang='lat' dir='ltr'>antistropha</span> <span class='ocrx_word' id='word_1_308' title='bbox 856 2691 1059 2745; x_wconf 83' lang='lat' dir='ltr'>observarentur</span> <span class='ocrx_word' id='word_1_309' title='bbox 1073 2693 1100 2745; x_wconf 88' lang='lat' dir='ltr'>in</span> <span class='ocrx_word' id='word_1_310' title='bbox 1112 2667 1191 2745; x_wconf 76' lang='lat' dir='ltr'>rebm</span> <span class='ocrx_word' id='word_1_311' title='bbox 1203 2712 1244 2746; x_wconf 86' lang='lat' dir='ltr'>sa-</span> 
     </span>
     <span class='ocr_line' id='line_1_31' title="bbox 208 2768 1244 2841; baseline 0.003 -20"><span class='ocrx_word' id='word_1_312' title='bbox 208 2773 274 2836; x_wconf 88' lang='lat' dir='ltr'>cris,</span> <span class='ocrx_word' id='word_1_313' title='bbox 288 2789 342 2823; x_wconf 90' lang='lat' dir='ltr'>non</span> <span class='ocrx_word' id='word_1_314' title='bbox 355 2785 438 2824; x_wconf 71' lang='lat' dir='ltr'>umen</span> <span class='ocrx_word' id='word_1_315' title='bbox 453 2771 573 2841; x_wconf 90' lang='lat' dir='ltr'>sequitur</span> <span class='ocrx_word' id='word_1_316' title='bbox 585 2782 615 2820; x_wconf 89' lang='lat' dir='ltr'>ut</span> <span class='ocrx_word' id='word_1_317' title='bbox 629 2770 781 2840; x_wconf 86' lang='lat' dir='ltr'>quicunque</span> <span class='ocrx_word' id='word_1_318' title='bbox 793 2768 876 2840; x_wconf 75' lang='lat' dir='ltr'>lyram</span> <span class='ocrx_word' id='word_1_319' title='bbox 887 2770 914 2820; x_wconf 90' lang='lat' dir='ltr'>in</span> <span class='ocrx_word' id='word_1_320' title='bbox 927 2789 1019 2823; x_wconf 86' lang='lat' dir='ltr'>manus</span> <span class='ocrx_word' id='word_1_321' title='bbox 1031 2775 1152 2824; x_wconf 85' lang='lat' dir='ltr'>sumserit</span> <span class='ocrx_word' id='word_1_322' title='bbox 1163 2775 1244 2824; x_wconf 86' lang='lat' dir='ltr'>animi</span> 
     </span>
     <span class='ocr_line' id='line_1_32' title="bbox 207 2848 1245 2923; baseline 0 -21"><span class='ocrx_word' id='word_1_323' title='bbox 207 2848 249 2902; x_wconf 83' lang='lat' dir='ltr'>vel</span> <span class='ocrx_word' id='word_1_324' title='bbox 262 2851 450 2902; x_wconf 87' lang='lat' dir='ltr'>exercitationis</span> <span class='ocrx_word' id='word_1_325' title='bbox 462 2849 561 2920; x_wconf 78' lang='lat' dir='ltr'>gratia,</span> <span class='ocrx_word' id='word_1_326' title='bbox 573 2848 609 2900; x_wconf 86' lang='lat' dir='ltr'>illi</span> <span class='ocrx_word' id='word_1_327' title='bbox 622 2851 749 2900; x_wconf 88' lang='lat' dir='ltr'>continuo</span> <span class='ocrx_word' id='word_1_328' title='bbox 763 2851 910 2919; x_wconf 76' lang='lat' dir='ltr'>assignetur</span> <span class='ocrx_word' id='word_1_329' title='bbox 918 2849 1012 2920; x_wconf 87' lang='lat' dir='ltr'>plectri</span> <span class='ocrx_word' id='word_1_330' title='bbox 1021 2869 1104 2910; x_wconf 87' lang='lat' dir='ltr'>error,·</span> <span class='ocrx_word' id='word_1_331' title='bbox 1119 2864 1146 2902; x_wconf 90' lang='lat' dir='ltr'>et</span> <span class='ocrx_word' id='word_1_332' title='bbox 1157 2853 1179 2904; x_wconf 90' lang='lat' dir='ltr'>si</span> <span class='ocrx_word' id='word_1_333' title='bbox 1188 2852 1245 2923; x_wconf 87' lang='lat' dir='ltr'>ple-</span> 
     </span>
     <span class='ocr_line' id='line_1_33' title="bbox 205 2927 1244 3000; baseline 0.001 -20"><span class='ocrx_word' id='word_1_334' title='bbox 205 2930 256 2982; x_wconf 82' lang='lat' dir='ltr'>ctri</span> <span class='ocrx_word' id='word_1_335' title='bbox 272 2945 343 2982; x_wconf 88' lang='lat' dir='ltr'>error</span> <span class='ocrx_word' id='word_1_336' title='bbox 353 2928 459 2998; x_wconf 82' lang='lat' dir='ltr'>denotet</span> <span class='ocrx_word' id='word_1_337' title='bbox 473 2927 582 3000; x_wconf 80' lang='lat' dir='ltr'>lyricum</span> <span class='ocrx_word' id='word_1_338' title='bbox 597 2941 704 2979; x_wconf 73' lang='lat' dir='ltr'>cumen</span> <span class='ocrx_word' id='word_1_339' title='bbox 717 2945 748 2979; x_wconf 84' lang='lat' dir='ltr'>ex</span> <span class='ocrx_word' id='word_1_340' title='bbox 763 2945 794 2978; x_wconf 88' lang='lat' dir='ltr'>eo</span> <span class='ocrx_word' id='word_1_341' title='bbox 810 2927 883 2999; x_wconf 91' lang='lat' dir='ltr'>quod</span> <span class='ocrx_word' id='word_1_342' title='bbox 901 2929 929 2978; x_wconf 88' lang='lat' dir='ltr'>in</span> <span class='ocrx_word' id='word_1_343' title='bbox 944 2927 995 2979; x_wconf 88' lang='lat' dir='ltr'>hoc</span> <span class='ocrx_word' id='word_1_344' title='bbox 1009 2947 1105 2998; x_wconf 72' lang='lat' dir='ltr'>genere</span> <span class='ocrx_word' id='word_1_345' title='bbox 1121 2931 1244 2981; x_wconf 82' lang='lat' dir='ltr'>carminis</span> 
     </span>
     <span class='ocr_line' id='line_1_34' title="bbox 202 3005 1245 3082; baseline 0.001 -23"><span class='ocrx_word' id='word_1_346' title='bbox 202 3008 284 3082; x_wconf 77' lang='lat' dir='ltr'>lyram</span> <span class='ocrx_word' id='word_1_347' title='bbox 296 3007 431 3080; x_wconf 85' lang='lat' dir='ltr'>pulsantes</span> <span class='ocrx_word' id='word_1_348' title='bbox 445 3025 472 3059; x_wconf 88' lang='lat' dir='ltr'>se</span> <span class='ocrx_word' id='word_1_349' title='bbox 486 3005 624 3058; x_wconf 87' lang='lat' dir='ltr'>vertebant</span> <span class='ocrx_word' id='word_1_350' title='bbox 639 3018 664 3057; x_wconf 90' lang='lat' dir='ltr'>et</span> <span class='ocrx_word' id='word_1_351' title='bbox 679 3007 752 3078; x_wconf 86' lang='lat' dir='ltr'>quasi</span> <span class='ocrx_word' id='word_1_352' title='bbox 765 3007 898 3073; x_wconf 80' lang='lat' dir='ltr'>errabant,</span> <span class='ocrx_word' id='word_1_353' title='bbox 913 3005 1004 3058; x_wconf 82' lang='lat' dir='ltr'>eadem</span> <span class='ocrx_word' id='word_1_354' title='bbox 1018 3009 1245 3078; x_wconf 70' lang='lat' dir='ltr'>argumentatione</span> 
     </span>
     <span class='ocr_line' id='line_1_35' title="bbox 203 3084 1244 3161; baseline -0.002 -19"><span class='ocrx_word' id='word_1_355' title='bbox 203 3089 279 3157; x_wconf 88' lang='lat' dir='ltr'>dica,</span> <span class='ocrx_word' id='word_1_356' title='bbox 291 3090 389 3161; x_wconf 86' lang='lat' dir='ltr'>pedam</span> <span class='ocrx_word' id='word_1_357' title='bbox 403 3105 511 3142; x_wconf 73' lang='lat' dir='ltr'>enatem</span> <span class='ocrx_word' id='word_1_358' title='bbox 527 3085 675 3158; x_wconf 73' lang='lat' dir='ltr'>significare</span> <span class='ocrx_word' id='word_1_359' title='bbox 688 3105 768 3158; x_wconf 89' lang='lat' dir='ltr'>posse</span> <span class='ocrx_word' id='word_1_360' title='bbox 782 3084 893 3157; x_wconf 87' lang='lat' dir='ltr'>lyricum</span> <span class='ocrx_word' id='word_1_361' title='bbox 908 3103 1031 3139; x_wconf 83' lang='lat' dir='ltr'>carmen.-</span> <span class='ocrx_word' id='word_1_362' title='bbox 1044 3088 1121 3158; x_wconf 86' lang='lat' dir='ltr'>pedes</span> <span class='ocrx_word' id='word_1_363' title='bbox 1134 3091 1202 3140; x_wconf 87' lang='lat' dir='ltr'>enim</span> <span class='ocrx_word' id='word_1_364' title='bbox 1217 3090 1244 3140; x_wconf 92' lang='lat' dir='ltr'>in</span> 
     </span>
     <span class='ocr_line' id='line_1_36' title="bbox 202 3163 1242 3240; baseline -0.001 -20"><span class='ocrx_word' id='word_1_365' title='bbox 202 3167 374 3240; x_wconf 84' lang='lat' dir='ltr'>antistrophis</span> <span class='ocrx_word' id='word_1_366' title='bbox 387 3167 558 3220; x_wconf 80' lang='lat' dir='ltr'>vertebantur</span> <span class='ocrx_word' id='word_1_367' title='bbox 569 3179 594 3220; x_wconf 90' lang='lat' dir='ltr'>et</span> <span class='ocrx_word' id='word_1_368' title='bbox 607 3183 692 3218; x_wconf 80' lang='lat' dir='ltr'>recem</span> <span class='ocrx_word' id='word_1_369' title='bbox 704 3167 832 3218; x_wconf 82' lang='lat' dir='ltr'>errabant.</span> <span class='ocrx_word' id='word_1_370' title='bbox 843 3165 894 3218; x_wconf 88' lang='lat' dir='ltr'>Sed</span> <span class='ocrx_word' id='word_1_371' title='bbox 904 3163 993 3217; x_wconf 90' lang='lat' dir='ltr'>nullus</span> <span class='ocrx_word' id='word_1_372' title='bbox 1004 3164 1048 3218; x_wconf 90' lang='lat' dir='ltr'>hic</span> <span class='ocrx_word' id='word_1_373' title='bbox 1059 3185 1129 3219; x_wconf 85' lang='lat' dir='ltr'>error</span> <span class='ocrx_word' id='word_1_374' title='bbox 1137 3167 1242 3238; x_wconf 82' lang='lat' dir='ltr'>pleetn&#39;,</span> 
     </span>
     <span class='ocr_line' id='line_1_37' title="bbox 203 3246 1243 3320; baseline 0 -18"><span class='ocrx_word' id='word_1_375' title='bbox 203 3251 249 3302; x_wconf 86' lang='lat' dir='ltr'>sed</span> <span class='ocrx_word' id='word_1_376' title='bbox 256 3251 388 3304; x_wconf 83' lang='lat' dir='ltr'>Gerartii:</span> <span class='ocrx_word' id='word_1_377' title='bbox 399 3246 471 3300; x_wconf 90' lang='lat' dir='ltr'>aliud</span> <span class='ocrx_word' id='word_1_378' title='bbox 481 3249 550 3300; x_wconf 88' lang='lat' dir='ltr'>enim</span> <span class='ocrx_word' id='word_1_379' title='bbox 560 3249 616 3300; x_wconf 89' lang='lat' dir='ltr'>sine</span> <span class='ocrx_word' id='word_1_380' title='bbox 624 3246 707 3299; x_wconf 89' lang='lat' dir='ltr'>dubio</span> <span class='ocrx_word' id='word_1_381' title='bbox 716 3247 780 3300; x_wconf 80' lang='lat' dir='ltr'>dixit</span> <span class='ocrx_word' id='word_1_382' title='bbox 787 3247 897 3314; x_wconf 85' lang='lat' dir='ltr'>Statius,</span> <span class='ocrx_word' id='word_1_383' title='bbox 908 3260 936 3299; x_wconf 91' lang='lat' dir='ltr'>ut</span> <span class='ocrx_word' id='word_1_384' title='bbox 944 3265 975 3298; x_wconf 85' lang='lat' dir='ltr'>ex</span> <span class='ocrx_word' id='word_1_385' title='bbox 983 3265 1062 3300; x_wconf 86' lang='lat' dir='ltr'>sensu</span> <span class='ocrx_word' id='word_1_386' title='bbox 1069 3262 1151 3320; x_wconf 89' lang='lat' dir='ltr'>patet.</span> <span class='ocrx_word' id='word_1_387' title='bbox 1161 3251 1243 3320; x_wconf 78' lang='lat' dir='ltr'>Lege,</span> 
     </span>
     <span class='ocr_line' id='line_1_38' title="bbox 204 3327 1244 3402; baseline 0 -20"><span class='ocrx_word' id='word_1_388' title='bbox 204 3353 216 3376; x_wconf 82' lang='grc' dir='ltr'>ι</span> <span class='ocrx_word' id='word_1_389' title='bbox 226 3333 265 3384; x_wconf 80' lang='lat' dir='ltr'>Ac</span> <span class='ocrx_word' id='word_1_390' title='bbox 275 3328 393 3400; x_wconf 85' lang='lat' dir='ltr'>juvenile</span> <span class='ocrx_word' id='word_1_391' title='bbox 408 3327 513 3391; x_wconf 86' lang='lat' dir='ltr'>calens,</span> <span class='ocrx_word' id='word_1_392' title='bbox 526 3327 674 3400; x_wconf 87' lang='lat' dir='ltr'>plectrique</span> <span class='ocrx_word' id='word_1_393' title='bbox 689 3328 785 3382; x_wconf 87' lang='lat' dir='ltr'>decore</span> <span class='ocrx_word' id='word_1_394' title='bbox 800 3328 960 3401; x_wconf 75' lang='lat' dir='ltr'>superbus.»</span> <span class='ocrx_word' id='word_1_395' title='bbox 976 3330 1035 3381; x_wconf 86' lang='lat' dir='ltr'>lam</span> <span class='ocrx_word' id='word_1_396' title='bbox 1049 3328 1150 3402; x_wconf 86' lang='lat' dir='ltr'>aliquid</span> <span class='ocrx_word' id='word_1_397' title='bbox 1163 3329 1244 3382; x_wconf 90' lang='lat' dir='ltr'>habet</span> 
     </span>
     <span class='ocr_line' id='line_1_39' title="bbox 200 3404 1243 3479; baseline 0 -18"><span class='ocrx_word' id='word_1_398' title='bbox 200 3408 238 3462; x_wconf 87' lang='lat' dir='ltr'>ch</span> <span class='ocrx_word' id='word_1_399' title='bbox 251 3407 325 3479; x_wconf 91' lang='lat' dir='ltr'>quod</span> <span class='ocrx_word' id='word_1_400' title='bbox 337 3409 432 3459; x_wconf 88' lang='lat' dir='ltr'>merito</span> <span class='ocrx_word' id='word_1_401' title='bbox 447 3404 577 3477; x_wconf 89' lang='lat' dir='ltr'>superbus</span> <span class='ocrx_word' id='word_1_402' title='bbox 590 3424 647 3459; x_wconf 87' lang='lat' dir='ltr'>esse</span> <span class='ocrx_word' id='word_1_403' title='bbox 662 3409 748 3478; x_wconf 86' lang='lat' dir='ltr'>potuit</span> <span class='ocrx_word' id='word_1_404' title='bbox 759 3406 867 3459; x_wconf 88' lang='lat' dir='ltr'>Pollius.</span> <span class='ocrx_word' id='word_1_405' title='bbox 882 3407 971 3460; x_wconf 89' lang='lat' dir='ltr'>Utitur</span> <span class='ocrx_word' id='word_1_406' title='bbox 985 3406 1076 3460; x_wconf 87' lang='lat' dir='ltr'>eadem</span> <span class='ocrx_word' id='word_1_407' title='bbox 1093 3407 1243 3474; x_wconf 85' lang='lat' dir='ltr'>locutione,</span> 
     </span>
     <span class='ocr_line' id='line_1_40' title="bbox 199 3485 1244 3564; baseline 0 -24"><span class='ocrx_word' id='word_1_408' title='bbox 199 3487 311 3564; x_wconf 82' lang='lat' dir='ltr'>Epiced.</span> <span class='ocrx_word' id='word_1_409' title='bbox 322 3490 349 3540; x_wconf 90' lang='lat' dir='ltr'>in</span> <span class='ocrx_word' id='word_1_410' title='bbox 361 3489 430 3538; x_wconf 88' lang='lat' dir='ltr'>Patr.</span> <span class='ocrx_word' id='word_1_411' title='bbox 443 3506 467 3538; x_wconf 83' lang='lat' dir='ltr'>v.</span> <span class='ocrx_word' id='word_1_412' title='bbox 481 3487 545 3540; x_wconf 78' lang='lat'><strong>2¹3:</strong></span> <span class='ocrx_word' id='word_1_413' title='bbox 559 3488 621 3540; x_wconf 77' lang='lat' dir='ltr'>«Tu</span> <span class='ocrx_word' id='word_1_414' title='bbox 630 3485 712 3540; x_wconf 88' lang='lat' dir='ltr'>decus</span> <span class='ocrx_word' id='word_1_415' title='bbox 722 3487 773 3540; x_wconf 91' lang='lat' dir='ltr'>boc</span> <span class='ocrx_word' id='word_1_416' title='bbox 787 3485 966 3560; x_wconf 89' lang='lat' dir='ltr'>quodcunque</span> <span class='ocrx_word' id='word_1_417' title='bbox 975 3488 1045 3560; x_wconf 74' lang='lat' dir='ltr'>lyrae.</span> <span class='ocrx_word' id='word_1_418' title='bbox 1056 3513 1067 3536; x_wconf 77' lang='lat' dir='ltr'>s</span> <span class='ocrx_word' id='word_1_419' title='bbox 1079 3492 1156 3542; x_wconf 89' lang='lat' dir='ltr'>Potes</span> <span class='ocrx_word' id='word_1_420' title='bbox 1166 3491 1244 3542; x_wconf 90' lang='lat' dir='ltr'>etiam</span> 
     </span>
     <span class='ocr_line' id='line_1_41' title="bbox 194 3567 1246 3644; baseline 0 -22"><span class='ocrx_word' id='word_1_421' title='bbox 194 3569 346 3644; x_wconf 84' lang='lat' dir='ltr'>plectrique</span> <span class='ocrx_word' id='word_1_422' title='bbox 357 3585 451 3620; x_wconf 85' lang='lat' dir='ltr'>canore</span> <span class='ocrx_word' id='word_1_423' title='bbox 461 3569 593 3640; x_wconf 79' lang='lat' dir='ltr'>superbus,</span> <span class='ocrx_word' id='word_1_424' title='bbox 607 3587 639 3620; x_wconf 85' lang='lat' dir='ltr'>ex</span> <span class='ocrx_word' id='word_1_425' title='bbox 650 3568 726 3620; x_wconf 91' lang='lat' dir='ltr'>Ovid.</span> <span class='ocrx_word' id='word_1_426' title='bbox 740 3567 846 3621; x_wconf 86' lang='lat' dir='ltr'>Heroid.</span> <span class='ocrx_word' id='word_1_427' title='bbox 859 3568 931 3635; x_wconf 85' lang='lat' dir='ltr'>XVI,</span> <span class='ocrx_word' id='word_1_428' title='bbox 947 3570 1003 3623; x_wconf 83' lang='lat'>180.</span> <span class='ocrx_word' id='word_1_429' title='bbox 1016 3568 1079 3622; x_wconf 86' lang='lat' dir='ltr'>Tale</span> <span class='ocrx_word' id='word_1_430' title='bbox 1091 3569 1191 3640; x_wconf 90' lang='lat' dir='ltr'>aliquid</span> <span class='ocrx_word' id='word_1_431' title='bbox 1203 3569 1246 3622; x_wconf 88' lang='lat' dir='ltr'>de·</span> 
     </span>
     <span class='ocr_line' id='line_1_42' title="bbox 196 3643 1246 3719; baseline -0.001 -19"><span class='ocrx_word' id='word_1_432' title='bbox 196 3645 299 3700; x_wconf 77' lang='lat' dir='ltr'>sidem</span> <span class='ocrx_word' id='word_1_433' title='bbox 311 3663 413 3698; x_wconf 83' lang='lat' dir='ltr'>sensus.</span> <span class='ocrx_word' id='word_1_434' title='bbox 424 3643 489 3697; x_wconf 87' lang='lat' dir='ltr'>Mihi</span> <span class='ocrx_word' id='word_1_435' title='bbox 499 3645 587 3716; x_wconf 85' lang='lat' dir='ltr'>placet</span> <span class='ocrx_word' id='word_1_436' title='bbox 598 3649 671 3718; x_wconf 89' lang='lat' dir='ltr'>prior</span> <span class='ocrx_word' id='word_1_437' title='bbox 680 3649 849 3717; x_wconf 83' lang='lat' dir='ltr'>conjectura:</span> <span class='ocrx_word' id='word_1_438' title='bbox 863 3647 913 3700; x_wconf 88' lang='lat' dir='ltr'>nisi</span> <span class='ocrx_word' id='word_1_439' title='bbox 922 3649 993 3700; x_wconf 83' lang='lat' dir='ltr'>forte</span> <span class='ocrx_word' id='word_1_440' title='bbox 1002 3646 1156 3719; x_wconf 87' lang='lat' dir='ltr'>depravatio</span> <span class='ocrx_word' id='word_1_441' title='bbox 1165 3647 1246 3700; x_wconf 85' lang='lat' dir='ltr'>lateat</span> 
     </span>
     <span class='ocr_line' id='line_1_43' title="bbox 191 3722 1246 3799; baseline -0.002 -19"><span class='ocrx_word' id='word_1_442' title='bbox 191 3731 226 3781; x_wconf 86' lang='lat' dir='ltr'>in</span> <span class='ocrx_word' id='word_1_443' title='bbox 242 3743 308 3779; x_wconf 86' lang='lat' dir='ltr'>vace</span> <span class='ocrx_word' id='word_1_444' title='bbox 320 3722 416 3798; x_wconf 80' lang='lat' dir='ltr'>plectri</span> <span class='ocrx_word' id='word_1_445' title='bbox 428 3743 483 3776; x_wconf 90' lang='lat' dir='ltr'>nou</span> <span class='ocrx_word' id='word_1_446' title='bbox 497 3727 524 3777; x_wconf 91' lang='lat' dir='ltr'>in</span> <span class='ocrx_word' id='word_1_447' title='bbox 538 3745 640 3778; x_wconf 87' lang='lat' dir='ltr'>errore:</span> <span class='ocrx_word' id='word_1_448' title='bbox 657 3745 711 3797; x_wconf 89' lang='lat' dir='ltr'>quc</span> <span class='ocrx_word' id='word_1_449' title='bbox 726 3745 789 3779; x_wconf 87' lang='lat' dir='ltr'>casu</span> <span class='ocrx_word' id='word_1_450' title='bbox 803 3745 859 3778; x_wconf 91' lang='lat' dir='ltr'>non</span> <span class='ocrx_word' id='word_1_451' title='bbox 873 3727 940 3780; x_wconf 89' lang='lat' dir='ltr'>male</span> <span class='ocrx_word' id='word_1_452' title='bbox 954 3727 1040 3798; x_wconf 78' lang='lat' dir='ltr'>legas,</span> <span class='ocrx_word' id='word_1_453' title='bbox 1057 3731 1117 3780; x_wconf 78' lang='lat' dir='ltr'>«Ac</span> <span class='ocrx_word' id='word_1_454' title='bbox 1129 3727 1246 3799; x_wconf 90' lang='lat' dir='ltr'>juvenile</span> 
     </span>
     <span class='ocr_line' id='line_1_44' title="bbox 192 3803 1244 3877; baseline -0.002 -19"><span class='ocrx_word' id='word_1_455' title='bbox 192 3805 305 3872; x_wconf 81' lang='lat' dir='ltr'>calens,</span> <span class='ocrx_word' id='word_1_456' title='bbox 318 3805 417 3875; x_wconf 81' lang='lat' dir='ltr'>aerique</span> <span class='ocrx_word' id='word_1_457' title='bbox 427 3823 515 3861; x_wconf 82' lang='lat' dir='ltr'>errore</span> <span class='ocrx_word' id='word_1_458' title='bbox 525 3803 689 3877; x_wconf 64' lang='lat' dir='ltr'>superbusis</span> <span class='ocrx_word' id='word_1_459' title='bbox 703 3817 732 3856; x_wconf 92' lang='lat' dir='ltr'>ut</span> <span class='ocrx_word' id='word_1_460' title='bbox 741 3804 813 3877; x_wconf 87' lang='lat' dir='ltr'>apud</span> <span class='ocrx_word' id='word_1_461' title='bbox 823 3805 984 3872; x_wconf 80' lang='lat' dir='ltr'>Ausonium,</span> <span class='ocrx_word' id='word_1_462' title='bbox 995 3805 1105 3859; x_wconf 77' lang='lat' dir='ltr'>Proseis.</span> <span class='ocrx_word' id='word_1_463' title='bbox 1116 3805 1181 3857; x_wconf 83' lang='lat' dir='ltr'>vtrt.</span> <span class='ocrx_word' id='word_1_464' title='bbox 1194 3803 1244 3858; x_wconf 88' lang='lat' dir='ltr'>Sed</span> 
     </span>
     <span class='ocr_line' id='line_1_45' title="bbox 193 3884 1244 3958; baseline -0.004 -19"><span class='ocrx_word' id='word_1_465' title='bbox 193 3886 267 3940; x_wconf 84' lang='lat' dir='ltr'>mihi</span> <span class='ocrx_word' id='word_1_466' title='bbox 278 3885 366 3938; x_wconf 86' lang='lat' dir='ltr'>adhuc</span> <span class='ocrx_word' id='word_1_467' title='bbox 379 3885 467 3956; x_wconf 85' lang='lat' dir='ltr'>placet</span> <span class='ocrx_word' id='word_1_468' title='bbox 478 3884 620 3958; x_wconf 83' lang='lat' dir='ltr'>plectrique</span> <span class='ocrx_word' id='word_1_469' title='bbox 632 3885 734 3950; x_wconf 83' lang='lat' dir='ltr'>decore,</span> <span class='ocrx_word' id='word_1_470' title='bbox 751 3899 861 3956; x_wconf 89' lang='lat' dir='ltr'>propter</span> <span class='ocrx_word' id='word_1_471' title='bbox 873 3904 992 3951; x_wconf 88' lang='lat' dir='ltr'>sensum,</span> <span class='ocrx_word' id='word_1_472' title='bbox 1006 3899 1031 3937; x_wconf 90' lang='lat' dir='ltr'>et</span> <span class='ocrx_word' id='word_1_473' title='bbox 1043 3887 1177 3936; x_wconf 89' lang='lat' dir='ltr'>minimam</span> <span class='ocrx_word' id='word_1_474' title='bbox 1190 3902 1244 3935; x_wconf 87' lang='lat' dir='ltr'>mu·</span> 
     </span>
     <span class='ocr_line' id='line_1_46' title="bbox 193 3964 1159 4034; baseline -0.009 -12"><span class='ocrx_word' id='word_1_475' title='bbox 193 3969 343 4034; x_wconf 82' lang='lat' dir='ltr'>tationem,</span> <span class='ocrx_word' id='word_1_476' title='bbox 357 3979 382 4018; x_wconf 85' lang='lat' dir='ltr'>et</span> <span class='ocrx_word' id='word_1_477' title='bbox 395 3964 504 4018; x_wconf 85' lang='lat' dir='ltr'>similem</span> <span class='ocrx_word' id='word_1_478' title='bbox 517 3965 579 4017; x_wconf 88' lang='lat' dir='ltr'>alibi</span> <span class='ocrx_word' id='word_1_479' title='bbox 591 3965 688 4018; x_wconf 88' lang='lat' dir='ltr'>locum.</span> <span class='ocrx_word' id='word_1_480' title='bbox 1154 3977 1159 3986; x_wconf 88' lang='lat'><em>·</em></span> 
     </span>
    </p>
   </div>
   <div class='ocr_carea' id='block_1_3' title="bbox 0 0 1440 4492">
    <p class='ocr_par' dir='ltr' id='par_1_3' title="bbox 0 0 1440 4492">
     <span class='ocr_line' id='line_1_47' title="bbox 0 0 1440 4492; baseline 0 0"><span class='ocrx_word' id='word_1_481' title='bbox 0 0 1440 4492; x_wconf 95' lang='lat' dir='ltr'> </span> 
     </span>
    </p>
   </div>
  </div>
 </body>
</html>
