2782 4486
174 323 240 404 esi
424 327 460 389 r.
486 328 520 389 P.
545 325 697 391 sumu
722 325 986 391 smmnuu

219 448 279 519 llle
291 473 354 542 ego
364 450 540 541 lugentum
551 450 642 516 mitis
654 448 787 530 solator,
800 447 927 516 acerbis
1179 464 1214 529 4ο

218 558 359 628 Auditus
370 560 525 642 tumulis,
537 576 570 626 et
580 557 859 627 descendentibus
870 557 1015 640 umbris,

219 671 357 753 Deficio,
369 669 581 765 medieasque
592 692 728 752 manus,
737 669 956 763 fomentaque
968 691 1083 763 quaero

219 779 437 863 Vulneribus,
450 780 510 849 sed
521 802 667 864 summa,
680 781 764 848 meis
777 805 783 845 :
797 802 888 846 nunc
899 795 1048 871 tempus,
1060 781 1170 858 amici,

219 896 370 978 Quorum
382 915 443 983 ego
454 907 628 958 manantes
642 888 757 959 oculos
770 906 803 958 et
814 894 927 957 saucia
937 893 1018 957 tersi

220 1006 371 1084 rector-a,
383 997 649 1093 reddere‘opem,
662 1023 835 1094 soevasque
846 998 1018 1067 exsolvere
1029 1013 1146 1089 grates.
1175 1009 1211 1076 45

219 1112 385 1178 Nimirum
396 1126 477 1178 tunc
487 1127 597 1178 vestra
608 1110 748 1178 domans
762 1134 823 1202 ego
834 1107 989 1191 vulnere,
1002 1124 1136 1175 moestos

220 1221 376 1311 Increpui
387 1244 395 1283 :
407 1242 499 1286 nunc
510 1218 633 1286 dumne
645 1217 764 1287 dolens
776 1216 921 1300 alterna,
933 1239 1072 1310 reposoo

221 1327 340 1396 Infelix
349 1328 520 1411 lacrimas,
534 1346 568 1396 et
578 1331 672 1395 mitia
683 1331 831 1396 carmina
843 1351 968 1422 quaero.

260 1443 387 1505 Verum
396 1454 482 1521 erat3
495 1437 658 1506 absumtae
669 1442 773 1520 vires,
786 1456 820 1504 et
831 1441 926 1530 copia
938 1437 1029 1506 fandi

222 1546 322 1614 Nulla
332 1546 429 1630 mibi,
442 1547 648 1642 dignumque
659 1547 744 1614 nibil
755 1571 850 1616 mens
861 1547 1002 1616 fiilmine
1012 1565 1110 1616 tanto
1183 1561 1214 1618 50

223 1660 396 1751 Repperit;
408 1659 546 1726 inferior
557 1682 623 1726 vox
633 1661 758 1740 omnis,
772 1675 805 1725 et
816 1659 930 1725 omnio
942 1655 1080 1725 sordent

223 1767 351 1836 Verba:
366 1771 513 1860 ignosce,
526 1793 626 1862 puer;
638 1786 675 1837 tu
687 1793 741 1837 me
753 1767 894 1860 caligine
905 1791 1060 1836 mersum

180 2036 206 2076 et
219 2024 295 2091 alibi3
310 2041 337 2080 et
347 2031 437 2082 Horat.
450 2031 536 2084 Germ.
548 2033 577 2097 1,
590 2031 639 2099 37;
652 2043 679 2082 et
722 2030 848 2093 lectione;
858 2027 1217 2100 sedbunepostul‘etpoetice.

179 2092 262 2174 Epist·¹
271 2106 283 2155 Ι
288 2141 296 2170 ‚
308 2123 347 2176 17,
358 2107 406 2178 57:
420 2109 521 2162 «Nulla
531 2103 595 2162 fides
605 2109 679 2161 lecri-
721 2139 758 2149 -
768 2108 815 2160 Ed.
828 2110 913 2179 princ.
928 2106 1026 2160 reddite
1039 2123 1130 2177 opem:
1143 2121 1219 2157 soeuas

181 2183 230 2232 mis
239 2183 359 2253 verisque
368 2183 504 2239 doloribus
514 2187 614 2240 adsit.»
632 2188 679 2241 Ve·
722 2187 834 2240 exolvite
842 2207 869 2260 9.
889 2186 919 2238 Δ.

180 2259 303 2336 rusfletus
311 2261 389 2315 ovid.
403 2266 467 2317 Met.
477 2267 529 2332 XI,
538 2265 604 2335 6733
619 2286 678 2318 vera
757 2266 800 2334 46.
819 2264 921 2336 Vulgo,
932 2266 1083 2316 «Nimirum
1092 2279 1221 2335 quemve

178 2339 275 2412 yrudia
294 2341 401 2394 Heroid.
425 2345 500 2410 xm,
521 2342 586 2406 108;
607 2363 679 2396 venes
723 2344 889 2397 suademus
907 2362 957 2413 ego
976 2344 1068 2395 bmere
1086 2353 1216 2394 mestus.»

180 2418 247 2494 {quis
259 2422 377 2490 Propert.
393 2424 418 2489 1,
431 2441 456 2493 9.
468 2420 535 2475 Vide
549 2423 678 2475 Burman·
722 2427 773 2476 Pro
792 2442 853 2475 eum
871 2434 965 2489 varra,
981 2423 1093 2484 Veneta,
1113 2437 1165 2469 cur.
1181 2447 1219 2456 -

180 2515 245 2550 num
264 2498 299 2551 ud
315 2501 392 2553 Ovid.
410 2504 467 2555 Art.
487 2503 573 2555 Amet.
588 2505 616 2571 1,
634 2504 677 2556 62.
722 2501 792 2554 Edit.
802 2503 887 2574 prino.
897 2519 957 2552 cum
969 2511 1046 2553 uestra
1056 2496 1218 2569 mauroyo

181 2578 296 2645 Contra,
309 2578 380 2650 apud
394 2583 484 2633 Horat.
494 2585 522 2634 in
535 2587 591 2634 Art.
605 2583 678 2634 Poet.
719 2580 817 2652 filma
828 2589 935 2652 questus.
951 2580 983 2630 A.

182 2675 219 2709 ts.
235 2656 303 2721 318,
320 2677 369 2729 pro
388 2662 458 2714 vivas
476 2679 560 2727 voces,
579 2677 680 2732 suppo-
758 2657 802 2729 47.
817 2656 903 2726 Vulgo
918 2655 1012 2728 (etiem
1024 2652 1098 2725 apud
1112 2652 1220 2706 edition.

183 2748 292 2786 ruerunt
306 2755 383 2790 verus.
395 2736 464 2790 Vide
476 2739 510 2790 ud
520 2738 579 2792 Vel.
592 2737 678 2791 Flere.
723 2737 882 2808 principem.
896 2736 958 2806 A.),
978 2734 1148 2804 decrepito,
1161 2746 1222 2784 tuuc

182 2815 216 2879 V,
228 2813 287 2883 395.
725 2815 824 2868 damna
844 2813 936 2867 dolens
954 2812 1058 2876 aliene,
1080 2829 1180 2882 repono
1190 2833 1198 2874 ς
1208 2834 1220 2856 ι

218 2891 261 2958 43.
280 2893 330 2943 Pro
349 2895 441 2960 amici,
460 2898 543 2948 Pru-m.
557 2897 679 2949 amicam.
726 2908 752 2947 et
764 2896 886 2966 sequenti
900 2911 993 2960 versu,
1013 2891 1094 2943 tristia
1108 2891 1223 2942 amira

184 2967 278 3021 —lid
293 2989 333 3042 pr.
348 2972 435 3025 amici.
454 2975 485 3025 Δ.
725 2991 804 3028 servo.
816 2975 865 3026 Pro
877 2973 1223 3047 repono,Venetu‚repone‚·

221 3047 262 3117 45.
282 3049 388 3104 Reddite
403 3071 491 3123 οροηι,
508 3071 584 3107 sevus
599 3055 682 3106 exsol-
726 3066 752 3105 et
769 3071 840 3107 serva
858 3072 907 3124 pro
926 3071 1004 3106 seno.
1023 3052 1224 3123 corruptissime

185 3128 237 3180 uite
244 3139 336 3204 grater.
346 3129 455 3184 Dudum
467 3131 680 3186 emendaverum:
726 3131 781 3184 bec
794 3145 872 3184 sunt:
885 3131 946 3183 vide
958 3143 1013 3183 not.

188 3225 282 3259 «nune
302 3221 424 3281 tempus,
449 3213 525 3264 amici
547 3211 683 3284 (Quorum
763 3209 805 3262 ⁵0.
825 3212 874 3262 Pro
888 3209 1017 3286 flumine,
1036 3206 1112 3280 quod
1130 3206 1226 3259 babent

187 3302 236 3354 ego
243 3301 381 3340 manentes
389 3288 481 3343 oeulos
489 3303 515 3343 et
522 3293 611 3344 saucio
621 3292 683 3344 tersi
726 3289 816 3362 plures
835 3289 978 3355 editiones,
996 3300 1069 3340 recte
1087 3285 1226 3338 Seriverius

186 3362 310 3434 Pectore)
322 3364 431 3421 reddere
443 3387 536 3440 opem,
551 3387 683 3441 servesque
722 3367 853 3442 filmme,
866 3382 896 3420 ut
906 3366 1014 3439 Epiced.
1024 3365 1118 3418 Glauc.
1129 3385 1168 3417 vs.
1182 3365 1227 3430 30,

188 3441 322 3495 exsolvere
331 3459 431 3515 gratem
442 3471 454 3494 ι
469 3461 498 3499 ut
510 3446 584 3519 apud
594 3451 684 3500 Horat.
733 3465 795 3499 :me
807 3445 918 3500 fulmine
931 3449 960 3500 in
972 3450 1029 3518 ipso
1041 3445 1173 3497 Audieere
1184 3462 1227 3514 pn·

188 3519 215 3583 ¹³
232 3519 284 3589 37:
310 3541 404 3576 *nunc
428 3524 573 3594 Saliaribus
597 3528 685 3579 Orno·
731 3527 911 3590 trem-etita
922 3520 1229 3597 sepe.-Ed.pr.jul-

188 3595 349 3670 repulvinar
362 3603 478 3655 Deorum
504 3607 619 3676 Tempus
632 3618 687 3656 eret
731 3604 810 3655 mine.
829 3606 860 3656 A.

190 3675 464 3749 dapibus‚eodales;·
475 3696 501 3735 et
508 3682 627 3753 exemplu
634 3682 688 3734 ubi
768 3681 810 3733 52.
830 3684 882 3736 Pro
900 3699 1024 3746 mersum,
1043 3679 1122 3749 vulgo
1137 3677 1228 3748 (etiem

191 3775 251 3828 que.
262 3755 313 3808 Sed
323 3775 380 3808 sero
389 3756 466 3811 rideo
477 3761 612 3813 Heinsium
623 3779 689 3830 quo·
733 3756 805 3831 opud
822 3758 883 3811 edit.
899 3761 983 3830 princ.
998 3759 1046 3828 Δ.)
1061 3767 1177 3810 mustum
1183 3778 1192 3816 ,-
1205 3768 1228 3806 et

191 3854 242 3907 que
253 3838 290 3887 ite
302 3837 441 3906 castigasse
456 3836 526 3890 hunc
538 3839 641 3906 locum,
655 3839 689 3892 ed
733 3840 854 3908 sequenti
874 3857 968 3902 versu,
994 3837 1106 3890 obuiis:
1129 3857 1147 3887 u
1169 3835 1228 3886 duro

191 3913 326 3966 Claudian.
342 3911 444 3966 Praeln.
460 3913 505 3967 lib.
520 3919 546 3982 Ι,
561 3919 589 3968 iu
602 3917 687 3969 Rufio.
735 3919 799 3984 viro,
815 3932 864 3970 etc.
882 3916 955 3988 quod
974 3914 1098 3970 erhabet
1111 3913 1172 3966 edit.
1191 3931 1228 3983 pr.
1276 3930 1280 3940 ·

192 4007 216 4040 v.
231 3992 256 4056 4.
271 3993 366 4045 Sensus
386 3993 492 4066 quidem
512 4008 550 4048 est
565 3998 592 4047 in
608 3997 689 4048 altera
735 3997 811 4049 Cous.
826 4011 880 4048 not.
902 4000 931 4049 ll.
