2844 4484
410 303 541 370 LIBRI
564 297 740 386 QUINTI
764 301 1015 368 SILVARUM.
1169 302 1231 393 557

378 428 418 484 Et,
429 430 449 476 si
457 440 532 474 castra
540 426 635 478 darent,
647 424 714 473 vellet
724 437 812 488 gesture
821 425 957 488 pharetras,

377 499 453 546 Vellet
462 501 588 546 Amazonis
595 497 655 544 latus
664 497 820 544 intercludere
830 495 892 560 pelta
900 514 908 553 5

195 625 207 648 ι
217 599 295 653 vellet
307 599 402 653 slurare
415 613 516 665 tecum,
529 597 608 650 vellet
621 610 724 668 gestare
738 597 890 670 pharetras,
902 620 913 644 ι
931 598 952 649 si
970 614 1029 649 mos
1042 597 1160 652 militaris
1175 619 1235 672 per-

193 682 317 734 mitteret.
330 680 420 751 Virgil.
436 677 538 732 AEueid.
550 679 626 744 vni,
641 677 705 748 577:
721 681 829 749 «patiar
844 679 960 749 quemvis
973 676 1068 729 durare
1080 678 1197 732 laborem
1206 704 1233 745 3-

193 759 228 811 ad
240 779 296 833 quse
308 760 425 812 Servius:
441 759 562 810 «Durare
574 769 663 810 autern
673 769 714 809 est
724 759 861 817 atstinem
874 758 1013 809 Horatius:
1027 775 1058 809 ae
1069 759 1238 830 sinefuaibus

193 839 238 890 vir
249 841 341 891 durare
351 841 446 892 earinoe
455 847 562 911 pessunt
572 835 605 906 (l.
617 835 727 907 possint)
741 836 900 908 imperiosius
911 852 1005 906 oeqnor.
1018 837 1052 888 Et
1060 839 1132 908 Virg.
1143 841 1200 892 AEu.
1211 843 1223 892 l
1229 880 1238 908 ,

195 936 259 990 ²⁰7²
272 919 380 986 Durate,
393 931 419 972 et
432 930 527 971 uosmet
541 918 613 970 rebus
622 927 719 969 servate
730 915 874 968 semendis·
885 915 955 966 Alibi
966 917 1058 970 Horat.
1069 917 1150 970 Serru.
1163 922 1198 986 ll,
1212 921 1238 987 3,

193 1021 218 1052 v.
235 999 300 1067 234:
316 1003 378 1052 «Tu
390 1002 448 1052 uiae
464 1000 570 1050 Lucana
583 996 663 1049 duras
678 1010 818 1062 ocreatus,
829 1010 859 1048 ut
871 1015 963 1069 aprum
977 997 1084 1050 Coeuem
1097 1017 1186 1070 egon
1203 1006 1239 1058 ira

195 1079 334 1151 legendum
349 1095 428 1153 put03
441 1078 535 1150 vulgo,
548 1078 644 1132 dennis
657 1089 786 1139 comatae·
798 1075 870 1149 quod
882 1089 954 1129 certe
966 1076 1110 1152 absurdum
1125 1093 1179 1136 es't:
1194 1070 1240 1138 vess

195 1173 302 1212 ustores
316 1162 385 1212 enim
399 1178 454 1210 non
470 1158 556 1210 solent
570 1157 682 1211 donnire
695 1157 723 1207 iu
736 1159 813 1225 nive,
830 1157 876 1209 sed
892 1154 1013 1229 eripiare,
1030 1171 1056 1209 et
1069 1176 1239 1231 pernoctare:

196 1237 270 1311 quod
280 1258 384 1292 manere
393 1250 472 1291 vocat
481 1238 620 1303 Horatius,
630 1234 682 1288 Od.
692 1239 717 1302 1,
732 1258 742 1282 ι
753 1248 841 1288 munet
853 1234 903 1290 sub
912 1237 977 1288 Jove
987 1236 1084 1308 frigido
1093 1255 1214 1293 venator.
1227 1267 1237 1290 ι

196 1319 272 1372 Clare
287 1319 363 1371 Ovid.
379 1321 449 1372 Fast.
467 1319 516 1384 111,
535 1317 602 1386 527:
619 1315 693 1369 ·sub
707 1317 772 1368 Jove
785 1334 847 1387 pars
861 1315 954 1378 durut3
970 1318 1049 1387 pauci
1062 1322 1176 1372 tentorio
1190 1341 1241 1393 po-

197 1410 300 1462 nuut3n
317 1411 344 1450 et
357 1397 481 1465 1v‚505:
500 1394 575 1449 .Sub
588 1398 654 1448 Jove
670 1395 775 1447 duravit
789 1395 877 1448 multis
894 1398 1002 1447 iurmtnu
1016 1395 1147 1462 diebus;·
1164 1404 1241 1454 etita

198 1476 269 1530 alibi.
282 1483 332 1532 Pro
347 1491 433 1546 ashes,
449 1497 504 1529 non
518 1476 587 1528 mule
601 1476 688 1546 legere
703 1494 793 1546 posses
806 1487 892 1537 taetras,⁸
907 1476 954 1528 sed
966 1487 1038 1530 oestus
1050 1493 1155 1550 praestat
1167 1482 1240 1538 locus

197 1555 310 1628 Epithsl.
328 1557 399 1612 Stell.
415 1576 452 1610 vs.
468 1575 518 1626 91:
537 1558 616 1626 alpse
633 1573 683 1625 ego
697 1567 723 1606 te
740 1567 828 1607 mutos
845 1557 935 1625 stupui
950 1554 1058 1608 durasse
1072 1576 1120 1628 per
1130 1575 1238 1615 aeuus.»

197 1635 264 1688 Vide
280 1651 380 1706 autem,
396 1637 488 1703 lector,
506 1653 584 1706 quam
601 1635 779 1686 necessarium
791 1635 843 1686 fuit
857 1635 913 1686 haee
924 1635 1051 1705 intelligi:
1064 1655 1096 1688 ex
1109 1638 1159 1693 hac
1172 1647 1242 1696 euim

197 1713 325 1781 lectione,
336 1715 429 1768 demta
442 1733 491 1785 pro
503 1713 610 1780 durare,
622 1713 650 1764 iu
662 1731 779 1765 errorem
790 1714 972 1784 gravissimum
985 1712 1076 1786 lapsus
1091 1730 1130 1769 est
1142 1719 1181 1770 vir
1194 1722 1242 1774 do·

197 1809 271 1864 etus,
286 1798 344 1867 qui,
357 1794 452 1848 Annal.
467 1795 576 1846 Statiau.
594 1812 653 1864 cup.
672 1791 721 1858 55,
739 1793 831 1846 scribit
845 1793 1009 1846 «Priscillam
1023 1797 1146 1851 comitem
1160 1803 1242 1855 fuisse

197 1873 352 1928 Abaseautii
366 1876 393 1925 in
409 1873 575 1946 expeditione
587 1873 739 1924 Sarmatica.
752 1895 762 1918 r
777 1872 882 1924 Oblitus
894 1887 951 1925 eret
963 1875 1002 1926 vir
1014 1873 1109 1928 doctus
1122 1879 1242 1936 militaris

197 1953 356 2026 discipline,
373 1972 430 2024 quae
444 1973 499 2006 nou
510 1952 680 2025 permittebat
694 1951 827 2004 mulierem
839 1965 920 2006 castra
932 1954 1044 2028 myndi,
1056 1956 1140 2008 multo
1155 1962 1242 2026 rniuus

199 2034 319 2087 comitari
334 2035 458 2088 msritum
471 2053 521 2105 per
532 2045 616 2086 totam
633 2032 834 2105 expeditionem.
850 2035 883 2084 Ni
897 2032 949 2086 hoe
963 2035 1000 2086 ita
1014 2037 1099 2103 iuret,
1115 2057 1243 2110 quorsum

199 2113 267 2178 ista,
281 2113 330 2178 Et,
342 2115 364 2167 si
374 2125 456 2166 castra
467 2115 571 2179 darent,
585 2126 635 2165 etc.
649 2113 665 2164 i.
678 2132 700 2164 e.
712 2113 907 2184 permitterent?
921 2116 1003 2166 Immo
1018 2115 1153 2186 Augustus
1164 2119 1243 2174 disci-

199 2193 298 2264 plinam
309 2208 363 2246 tam
374 2196 551 2261 sevenerunt,
563 2206 594 2246 ut
604 2212 638 2245 ne
650 2191 796 2264 legatorum
809 2191 916 2264 quidem
925 2195 1049 2267 cuiquam
1061 2199 1112 2250 nisi
1122 2215 1242 2270 gravate,

198 2272 370 2346 hibernisque
379 2273 485 2326 deinum
497 2273 644 2341 mensibus,
655 2275 817 2344 permitteret
828 2291 932 2325 morem
941 2275 1101 2344 intervisere,
1113 2281 1243 2334 referente

199 2354 341 2420 Suetonio,
354 2355 422 2426 Aug.
439 2355 462 2406 e'.
479 2355 520 2421 24.
535 2357 592 2407 Nec
608 2351 671 2404 dicit
687 2353 784 2406 Statius
799 2351 989 2405 Abascautium
1001 2355 1082 2408 fuisse
1095 2358 1121 2408 in
1131 2359 1243 2430 'expedi-

201 2434 272 2485 tione
288 2434 445 2498 Saruraticu3
460 2436 547 2486 innuit
560 2436 645 2494 fortes
660 2446 762 2486 tautum
774 2433 850 2498 dicit,
865 2432 1008 2485 Priscillam
1022 2437 1111 2486 animo
1123 2447 1243 2506 paratam

200 2507 282 2563 luisse
300 2514 432 2584 suscipere
447 2513 559 2585 quodvis
577 2511 724 2583 periculum
744 2529 805 2563 cnm
823 2513 933 2578 marito,
950 2512 971 2564 si
990 2531 1051 2584 opus
1063 2512 1143 2583 foret.
1159 2517 1243 2588 AEque

200 2589 269 2642 bene
283 2609 313 2643 ex
327 2591 452 2644 hocloco
469 2591 629 2644 concludere
642 2593 774 2662 potuisset
785 2592 823 2641 vir
836 2589 967 2654 eruditus,
982 2589 1126 2643 Priscillam
1136 2605 1243 2665 pestana

199 2669 333 2741 pharetras
344 2685 370 2724 et
383 2671 482 2742 peltam
495 2671 677 2723 Amazoniam.

241 2821 298 2875 133.
317 2822 466 2896 Divinaqne
481 2823 534 2874 teia
552 2822 711 2877 Vibrantem.
729 2823 858 2893 Loquitur
869 2822 902 2876 de
917 2821 1077 2877 Abascantio
1086 2829 1163 2896 juxta
1176 2828 1243 2884 latus

201 2903 384 2974 imperatoris,
396 2919 457 2968 seu,
468 2914 499 2952 ut
510 2899 608 2952 mavult
620 2901 731 2968 Statius,
744 2899 852 2952 Caesarei
860 2918 941 2971 prope
947 2899 1055 2971 jisimen
1068 2906 1137 2976 equi.
1147 2908 1245 2960 Divina

203 2979 255 3030 teia
269 2993 330 3031 suut
344 2979 451 3032 Caesaris
464 2979 531 3031 tela:
546 2978 681 3050 quomodo
700 2997 762 3030 sero
777 2979 865 3049 potuit
881 2978 924 3030 illa
939 2980 1036 3032 vihrare
1053 2982 1246 3040 Ahasouutius?

201 3059 260 3112 Hoc
276 3072 349 3112 certe
364 3073 405 3112 est
422 3059 529 3113 Caesarb
544 3059 646 3125 solius,
662 3057 759 3111 vibrare
777 3057 830 3110 tela
847 3060 963 3112 Coessris.
980 3061 1067 3131 Lege,
1085 3063 1245 3141 «divinaque

203 3139 255 3192 tela
266 3139 426 3193 Librautem.
439 3164 449 3188 ι
466 3141 597 3193 Nimirum
609 3141 698 3209 magni
710 3137 853 3192 bellatores
866 3138 966 3210 (qualis
978 3137 1022 3192 hie
1034 3139 1140 3214 fingitur
1151 3146 1245 3200 Domi-

203 3221 305 3292 tianus)
318 3220 453 3273 habebant
466 3223 596 3274 ministros
608 3235 634 3272 et
648 3220 787 3293 anniperos
799 3222 845 3291 qui
857 3218 892 3271 ad
904 3220 972 3272 latus
987 3239 1091 3295 semper
1104 3240 1203 3295 esseut,
1218 3241 1246 3280 et

203 3298 256 3351 tela
270 3311 447 3373 nippererent‚·
465 3298 524 3351 tulis
539 3311 579 3351 est
592 3296 646 3350 hoc
660 3297 721 3350 loco
738 3296 928 3365 Abascantius,
943 3297 1040 3352 librans
1053 3315 1079 3354 et
1090 3315 1245 3374 praetentans

204 3377 256 3429 tela
268 3391 409 3450 autequam
422 3382 451 3430 in
466 3378 584 3432 dextram
599 3379 707 3431 Domini
720 3377 849 3430 traderet:
865 3377 965 3431 scilicet
977 3391 1073 3434 utnon
1086 3385 1137 3436 nisi
1147 3386 1245 3458 ponde·

204 3474 259 3510 rosa
270 3459 297 3510 in
308 3477 401 3511 manus
413 3459 480 3511 tanti
489 3457 578 3511 herois
588 3457 626 3528 (si
635 3459 692 3511 Diis
702 3457 804 3529 placet)
816 3455 903 3519 daret;
915 3471 944 3508 ut
953 3460 1054 3526 statim,
1063 3480 1165 3539 mapnoe
1175 3483 1246 3536 spar-

203 3555 260 3590 sum
273 3537 404 3590 sudoribus
416 3538 501 3590 hastae.
515 3540 577 3590 liceo
589 3539 668 3590 tacite
681 3536 798 3590 sublecta
811 3550 873 3590 suat
885 3555 917 3589 ex
928 3537 998 3610 Virg.
1011 3540 1114 3594 AEneid.
1127 3543 1165 3609 X,
1179 3543 1245 3612 333,

203 3615 250 3667 uhi
264 3613 377 3668 Achates
392 3621 506 3688 suggerit
524 3616 576 3669 tela
592 3617 694 3680 AEneae,
710 3617 755 3687 qui
771 3619 859 3669 statim
873 3617 979 3688 corripit
994 3636 1118 3694 inaquam
1136 3622 1243 3675 hastam.

203 3695 243 3746 De
257 3693 298 3747 his
311 3695 420 3748 vocibus
434 3697 518 3750 fusius
531 3696 565 3748 ad
577 3699 707 3768 Protrept.
719 3696 830 3768 Crispiu.
843 3714 869 3748 v.
886 3711 949 3763 roa,
961 3697 1008 3750 ubi
1018 3703 1116 3772 pariter
1125 3719 1245 3756 commu-

204 3787 302 3828 tantur.

244 3915 302 3983 148.
320 3915 426 3989 llapidte
437 3919 472 3970 sio
484 3918 557 3970 obvia
566 3920 650 3993 puppi
661 3917 775 3985 inuidet,
789 3931 814 3971 et
825 3918 887 3974 uelis
897 3921 1032 3975 adnubilat
1043 3941 1106 3975 mera
1120 3923 1242 3979 maan.

206 3991 235 4048 ld
251 4007 304 4064 est,
319 3993 409 4046 nubila
425 3995 486 4048 veiis
501 3998 600 4066 objicit,
616 3997 701 4070 iuquit
712 3997 840 4052 Barthius.
858 4001 890 4051 lit
907 3999 970 4072 quitl
985 4004 1005 4054 si
1021 4000 1112 4052 nahiia
1125 4001 1246 4071 objiciat?
