2858 4492
374 317 504 382 niani
529 315 738 383 1111111111
762 318 1014 384 suvrana.
1152 322 1215 410 267

167 451 291 502 Errorem
303 445 418 498 (11111111
430 463 511 517 supas
521 448 625 507 namsi,
637 463 692 516 qua
704 443 826 498 Phileton
837 445 1018 522 daadeaipinti
1028 465 1114 502 anuos
1126 463 1217 503 natum

167 533 245 597 iacit,
258 545 341 600 quum
352 525 502 599 quindecim
512 538 616 578 tautum
625 525 723 578 Statius
733 525 855 578 soluerit.
868 527 918 580 Sed
929 530 1034 600 gastins
1047 528 1134 582 adbuc
1149 545 1219 584 errat

168 613 208 664 vir
216 609 337 682 polituss
348 605 412 657 dicit
425 607 496 658 enim
509 605 718 658 silbamuusism
728 623 822 658 secum
835 606 966 661 adducere
977 611 1064 662 socias
1076 628 1138 662 suas
1150 613 1218 663 luvi-

169 691 241 743 dism
254 707 286 741 aa
297 687 444 738 Martem·
461 685 548 754 Quidi
561 703 596 738 an
608 687 769 740 Rhamnusia
782 705 873 740 secum
887 687 996 741 adducit
1010 689 1219 742 11111ωῆ1111-

169 771 288 834 11111111,
299 764 405 818 Inuidia
415 764 563 817 Invidiam?
574 763 680 817 easdem
690 766 760 816 enirn
771 783 827 818 asse
836 766 969 818 Invidiam
980 781 1006 820 et
1015 767 1202 821 lilarnnass'am
1208 809 1217 836 ,

170 851 219 903 nisi
228 851 283 919 jam
295 848 378 910 scias,
387 843 462 897 elisas
471 863 502 897 ex
512 843 674 909 Claudiano,
684 843 718 896 de
727 843 791 896 liell.
801 846 860 897 Get.
871 863 937 900 vers.
948 847 1011 914 631,
1020 846 1066 898 ubi
1077 861 1219 920 postquam

169 929 269 982 Alarici
281 943 432 981 successum
447 937 474 976 et
488 925 609 994 conjugis
622 927 679 995 ejus
693 924 790 977 fastum
805 923 957 996 descripsit,
974 926 1063 993 addit,
1080 926 1152 980 used
1164 929 1218 980 Dea

170 1027 228 1084 quse
241 1008 329 1060 nimiis
341 1005 430 1058 obstan
441 1003 603 1057 Rhamnusia
617 1006 686 1057 sctis
700 1005 841 1071 Intumuit,
855 1003 981 1078 flexitque
993 1019 1092 1072 rotam3
1102 1031 1114 1055 ι
1127 1010 1164 1060 ita
1179 1007 1219 1059 le-

169 1087 301 1163 gendum
315 1085 396 1155 vulgo
413 1087 502 1156 inepte
518 1085 660 1158 ingemuit.
675 1084 731 1136 Dea
749 1099 807 1156 que
822 1085 904 1138 obstat
918 1086 1007 1139 nimiis
1021 1088 1085 1140 11111
1098 1105 1218 1159 waram

170 1169 223 1222 alia
239 1179 281 1220 est
295 1177 391 1237 pantes
406 1165 558 1216 Invidiam?
572 1163 717 1235 Apuleius,
732 1164 819 1218 Miles.
836 1165 887 1216 lV=
906 1189 918 1213 a
927 1169 985 1220 Nec
995 1166 1042 1220 ills
1051 1180 1106 1219 tam
1116 1166 1219 1234 clarus,

170 1261 280 1318 tamque
291 1241 446 1316 splendidus
454 1241 569 1314 publicas
577 1241 722 1313 voluptatis
732 1256 890 1315 apparatus,
903 1245 1010 1298 invidia
1021 1246 1114 1299 noxios
1124 1247 1220 1316 affugit

170 1325 274 1378 oeulos.
284 1346 296 1370 ι
309 1323 348 1374 Es
359 1337 413 1394 qua
424 1320 532 1393 Apuleii
545 1320 607 1373 loca
619 1320 774 1392 intelligitur
785 1321 861 1374 Statii
874 1323 1008 1388 Attendit3
1021 1325 1122 1378 scilieet
1132 1329 1219 1400 esaje·

169 1405 206 1458 eit
219 1407 247 1457 in
260 1421 322 1456 eum
334 1403 427 1455 noxios
438 1399 499 1455 illas
510 1399 599 1454 scalas
612 1419 674 1455 suus
686 1401 863 1456 llbamnnsis:
880 1416 911 1454 ut
921 1421 1003 1456 carm.
1019 1404 1053 1457 ad
1063 1407 1143 1458 Usar.
1159 1405 1217 1456 iuit.

172 1510 185 1532 ι
194 1483 294 1538 Audiat
304 1483 401 1536 infesta
412 1483 474 1536 11111
486 1481 539 1536 hoc
550 1481 715 1536 Rhamnusia
725 1482 807 1536 vultu.
819 1507 830 1532 ι
844 1486 878 1552 Q.
890 1485 963 1537 Cart.
978 1487 1015 1552 x,
1027 1501 1059 1556 9,
1071 1487 1103 1539 6:
1121 1485 1219 1539 «Absit

171 1565 251 1618 modu
269 1563 381 1631 insidia,
406 1565 519 1636 excipiet
537 1561 617 1635 bajus
632 1564 721 1617 saculi
735 1576 858 1636 tempora
873 1564 991 1635 ejusdem
1006 1565 1102 1618 domus
1117 1567 1218 1618 utinam

169 1660 316 1718 perpetus,
334 1659 405 1700 certe
420 1645 545 1698 diuturna
561 1647 737 1716 posteritas.»
752 1644 823 1696 Audi
841 1647 969 1698 Nostrum
985 1647 1138 1699 suavissime
1154 1664 1218 1718 qne·

171 1739 287 1793 rentem,
301 1727 393 1778 Pietat.
409 1723 505 1776 Abasa.
521 1743 544 1776 s.
561 1722 624 1794 137:

355 1834 466 1894 Quisnam
475 1832 588 1894 impacata
595 1833 794 1894 consaguinitate
802 1831 881 1896 ligavit

356 1905 483 1951 Fortinum
490 1903 664 1968 Invidiamque,
674 1906 755 1952 Densi
763 1905 804 1966 qui
810 1905 879 1966 jussit
886 1905 977 1969 iniquas

357 1976 474 2020 AEternum
483 1973 571 2022 bellare
580 1974 656 2022 Densi
664 1973 780 2021 nullamne
789 1975 880 2020 1111111

356 2041 397 2090 llla
406 2043 514 2103 domum,
524 2056 591 2091 torvo
600 2061 670 2108 quam
680 2060 729 2091 nou
737 2043 787 2092 lsaec
796 2044 882 2092 lumine
892 2045 954 2108 5911.

358 2117 484 2173 Protenus,
495 2127 519 2163 et
526 2131 585 2162 sess
594 2115 717 2176 perturbet
725 2117 809 2178 gaudia
817 2115 915 2164 dextra?

170 2223 258 2274 Etinm
273 2224 331 2294 ipse
347 2222 501 2288 Gevartiua,
519 2221 582 2275 lacn
597 2241 678 2295 supra
694 2224 793 2290 citato,
809 2222 941 2276 Invidiam
957 2236 984 2276 et
999 2225 1122 2277 Nemesin
1136 2242 1217 2278 unam

171 2303 346 2376 eamdemque
363 2305 444 2356 facit:
461 2305 586 2356 Nemesin
601 2322 664 2356 vero
678 2316 704 2355 et
717 2304 905 2358 Rhamnusiam
918 2303 1038 2358 eamdem
1052 2320 1218 2359 essenorum

171 2402 273 2440 omnes.
287 2382 454 2457 Hesychius:
469 2381 634 2450 venenales,
649 2381 757 2448 Niasass.
777 2383 868 2437 Alibi:
886 2382 999 2452 ninam,
1020 2383 1096 2456 ὕβρις,
1112 2382 1217 2452 pipin,

172 2469 314 2516 ΟΘΟΝΟΣ.
326 2464 394 2516 Mira
405 2461 462 2516 hac
474 2464 524 2515 visi
535 2463 608 2515 docti
620 2461 733 2531 oblivio,
747 2464 775 2516 11
787 2463 878 2516 eadem
890 2465 1020 2517 sententia
1031 2483 1112 2518 unam
1124 2481 1218 2535 persp-

171 2561 233 2594 nsm
243 2542 311 2596 duas
325 2545 456 2596 incientis.
470 2542 521 2596 Sed
533 2545 623 2596 sensui
635 2557 660 2597 et
671 2543 815 2597 verborum
827 2545 1013 2617 significationi
1025 2564 1081 2597 non
1093 2547 1155 2597 satis
1166 2543 1218 2598 hoc

171 2621 235 2677 loco
248 2624 361 2677 attendit
374 2624 511 2678 Gevartius
524 2645 530 2674 :
545 2622 619 2696 quod
634 2625 656 2676 si
670 2623 792 2690 iecisset,
807 2624 886 2676 facile
900 2624 1007 2677 vidisset
1023 2625 1134 2677 Statium
1151 2627 1218 2677 scri-

172 2703 273 2775 psisse,
288 2716 333 2755 set
344 2704 451 2756 invitam
462 2705 575 2756 Mortem
588 2701 741 2780 complexa,
753 2704 850 2772 jacenti
861 2704 955 2771 lnjecit
966 2721 1076 2756 nexus.»
1091 2703 1165 2756 Nihil
1176 2722 1219 2756 ve·

173 2783 281 2836 uastius
290 2781 344 2834 dici
354 2785 454 2855 patuit:
466 2785 553 2849 Mars,
564 2784 666 2836 etiamsi
675 2780 812 2836 blanditiis
824 2784 885 2834 Dea
895 2782 1006 2835 Inuidia
1016 2782 1123 2848 allecta,
1135 2785 1219 2835 invita

173 2875 279 2928 tamen,
290 2875 504 2934 praetermorem,
517 2880 586 2934 opus
595 2880 672 2916 suum
683 2861 801 2934 peregit:
813 2873 885 2913 tanta
895 2855 1043 2914 amabilitas
1054 2860 1147 2913 l’bileti
1156 2860 1217 2912 init.

172 2943 246 2995 Mors
256 2941 340 2994 invita
349 2941 451 3016 aliquid
460 2945 547 2994 facere
558 2942 692 3012 eleganter
699 2941 810 3008 dicitur,
819 2940 927 3014 quaudo
938 2951 1031 2992 contra
1040 2940 1112 3010 leges
1121 2951 1218 2989 naturae

173 3023 224 3075 rim
237 3042 314 3076 suam
330 3026 426 3077 exerit:
443 3023 550 3098 quaudo
563 3022 633 3094 rapit
641 3025 784 3096 javam,
799 3021 846 3094 qui
863 3020 1009 3075 secundum
1023 3021 1081 3072 vitae
1095 3018 1218 3072 humanae

173 3103 339 3157 conditiones
355 3101 454 3156 11111111
469 3105 564 3156 vixisse
578 3119 684 3175 sperare
700 3101 799 3176 potuit.
815 3101 953 3168 Lucanus,
965 3101 1013 3167 Vl,
1029 3097 1094 3171 529,
1108 3097 1143 3152 de
1156 3117 1218 3170 saga

171 3183 315 3240 lbeuaia:
561 3189 566 3194 ’

357 3271 468 3318 Viventes
477 3272 565 3318 1111111
574 3282 599 3319 et
607 3271 683 3320 adlrac
692 3288 733 3320 sna
742 3271 846 3318 membra
856 3281 963 3333 ragentes

357 3341 447 3390 infodit
454 3343 537 3389 busta:
547 3341 600 3390 latis
608 3343 748 3391 debentibus
757 3358 829 3390 nuans

355 3415 421 3462 blora
429 3414 502 3460 insita
510 3412 573 3460 subit
581 3429 587 3458 :

172 3515 268 3644 isim,
281 3526 376 3644 utppte
386 3522 449 3564 ante
461 3523 572 3582 tempus,
586 3524 613 3564 et
624 3528 707 3582 qaam
720 3512 774 3565 iata
789 3509 878 3564 adbuc
891 3528 974 3564 annas
985 3509 1110 3564 deberent.
1126 3503 1216 3562 Manli.

208 3611 298 3660 ,sere
359 3613 366 3643 ι

358 3687 427 3748 Quod
435 3687 521 3734 Decios
529 3702 577 3734 nou
586 3701 656 3734 amne
666 3685 732 3746 tulit,
743 3701 790 3734 nau
799 3701 868 3734 omne
878 3683 987 3734 Camillos

356 3761 469 3822 Tempus,
479 3771 503 3807 et
512 3761 623 3806 invictum
632 3758 723 3805 devicta
732 3771 806 3806 marte
817 3761 928 3805 Catonem
938 3791 945 3812 ,

332 3899 338 3912 .
356 3831 467 3879 Materies
475 3831 500 3877 11
507 3847 558 3880 rem
568 3842 674 3893 superat,
683 3829 725 3877 ssd
732 3829 783 3894 lege
793 3841 916 3894 repugnat.

171 3929 226 3982 Ubi
238 3933 328 3984 amaia
341 3931 406 4002 quid
423 3931 472 3984 sibi
487 3932 555 3995 velit,
563 3930 688 4002 Scaliger,
705 3931 751 4001 qui
766 3930 817 3982 bas
832 3944 886 3983 tres
897 3947 987 3982 veram
997 3930 1035 3980 ita
1049 3939 1079 3978 ut
1089 3925 1133 3978 hic
1145 3924 1218 3975 videa

169 4032 203 4064 ea
219 4015 321 4084 optimo
333 4012 432 4067 Codice
442 4013 627 4068 Gemblaceusi
639 4011 761 4078 adducit,
779 4023 842 4062 nota
854 4023 942 4062 111111
958 4009 1077 4079 proxime
1091 4017 1217 4076 sequente
