2858 4492
367 301 498 364 LIBRI
524 299 733 364 SECUNDI
758 299 1010 366 SILVARUM.
1144 303 1209 366 233

168 425 296 479 restibus:
308 448 319 470 ι
332 425 510 488 Nostra,cum
521 432 593 475 veste.
603 422 712 474 Sueten.
723 421 849 488 Claudio,
859 442 881 474 c.
893 424 942 489 34:
958 447 969 469 a
977 421 1083 477 induxit
1093 439 1118 477 et
1129 445 1211 480 unnm
1268 431 1271 440 ⁴

170 526 197 559 er
213 501 476 558 nomenculatoribus
488 504 556 568 suis,
570 503 639 554 sicut
651 516 706 555 erat
720 515 847 573 togatum.
858 527 870 550 a
886 502 965 555 Plura
976 505 1095 575 exempla
1110 504 1143 558 ad
1157 525 1212 558 ma-

170 605 231 639 num
243 599 319 650 sunt,
331 587 353 636 si
363 582 421 634 hac
431 601 487 634 non
499 582 640 635 sufficiant.

203 749 246 801 38.
265 747 399 798 immitem
415 744 564 811 bromium,
579 756 629 795 etc.
647 744 763 796 Gronov.
780 744 863 796 Diatr.
880 761 939 815 cap.
956 760 1004 796 20:
1021 747 1142 797 «Auctor
1155 763 1213 798 sum

169 827 279 880 edituris
290 827 415 891 Statium,
428 837 457 876 ut
468 825 524 876 sine
534 821 590 874 nlla
599 822 762 876 haesitatione
772 825 800 874 iu
810 837 908 876 textum
919 825 1050 894 recipiant
1059 825 1214 897 palmariam

169 991 289 1057 Propert.
297 986 333 1051 11,
343 1003 368 1049 2,
377 1001 406 1035 tu
417 984 605 1054 :sVirgineum
614 984 702 1034 Brimo
710 985 888 1055 composuisse
896 983 974 1036 latus.
983 1008 994 1032 ι
1004 984 1085 1052 Quod
1091 1004 1154 1036 vero
1161 984 1215 1037 Sta·

170 1068 221 1118 tius
236 1065 349 1116 Dianam
368 1075 445 1114 vocat
457 1063 565 1128 Brimo,
584 1063 610 1112 in
629 1061 760 1116 diversum
781 1061 978 1117 abeuntceteri
993 1066 1152 1136 scriptores,
1169 1067 1216 1135 qui

172 1149 301 1210 Cererem,
316 1162 369 1194 non
382 1144 507 1206 Dianam,
521 1142 611 1195 Brimo
626 1141 774 1213 appellant;
787 1160 894 1196 causam
907 1141 1018 1212 hujusce
1031 1143 1216 1215 appellationis

171 1237 261 1276 narrat
270 1222 419 1286 Arnobius,
433 1220 478 1273 tib.
486 1224 553 1293 V,p.
569 1238 624 1291 ¹7⁰·
637 1223 741 1291 Jupiter
751 1223 821 1273 enim
833 1223 940 1274 incestis
951 1221 1106 1275 libidinibus
1120 1226 1147 1275 iu
1159 1243 1215 1274 rna·

170 1302 371 1355 trem.Cererem
381 1315 507 1366 estuans,
522 1318 604 1372 quum
617 1319 673 1352 non
689 1301 797 1354 auderet
812 1303 837 1352 vi
856 1315 946 1373 petere
961 1304 1034 1374 quod
1047 1305 1154 1375 procaci
1166 1321 1216 1374 ap·

170 1385 300 1455 petitione
316 1394 489 1453 conceperat,
506 1381 534 1432 iit
549 1394 653 1446 taurus,
670 1397 696 1433 et
712 1383 749 1434 ita
764 1383 854 1453 cupita
870 1384 979 1454 potitur,
993 1406 1005 1429 ι
1015 1383 1129 1436 ardescit
1140 1385 1216 1436 furiis

171 1475 250 1534 atque
267 1460 495 1532 indignationibus
511 1473 596 1514 mater
612 1459 706 1530 (verba
723 1475 786 1514 sunt
801 1461 941 1534 Arnobii),
958 1476 1078 1533 spumat,
1095 1463 1216 1529 anhelat,

172 1552 308 1606 eructuat,
325 1559 374 1592 nec
392 1538 523 1592 fremitum
540 1541 679 1592 continere
695 1553 932 1613 tempestatemque
947 1543 1045 1594 irarum
1058 1542 1166 1605 valens,
1185 1560 1216 1592 ex

172 1624 296 1672 continua
309 1621 431 1690 passione
442 1619 532 1672 Brimo
542 1618 670 1688 deinceps
680 1633 709 1672 ut
721 1618 877 1690 appelletur,
890 1623 1042 1674 assumsit.»
1057 1625 1090 1674 Et
1100 1623 1136 1673 ita
1150 1639 1217 1692 quo-

173 1718 224 1771 que
235 1697 315 1750 elem.
328 1695 496 1750 Alexandrin.
510 1697 645 1751 Admonit.
659 1697 692 1750 ad
706 1699 893 1770 Gentes,'psg.
911 1718 951 1765 tt,
961 1700 1002 1754 ed.
1015 1703 1097 1754 Paris.
1111 1702 1182 1755 assic
1193 1689 1218 1750 di

169 1774 286 1846 proripis
299 1774 339 1826 aei
355 1774 404 1833 Attis
419 1775 475 1846 spir
487 1773 579 1846 pulpa
593 1774 712 1846 Arimarpar
725 1776 854 1847 dqpadictot
866 1777 1015 1844 romenei,
1032 1778 1071 1830 ani
1083 1779 1149 1844 μῖνις
1160 1777 1218 1848 (otis

172 1849 218 1908 dr·
230 1853 264 1909 im
276 1857 316 1923 qai
324 1853 416 1923 nstris,
425 1853 511 1926 strepis
521 1856 534 1907 ti
544 1856 669 1928 poscaris)
679 1858 720 1914 riis
732 1859 810 1914 Astis·
822 1853 847 1928 ᾗς
857 1857 883 1913 lii
895 1856 977 1928 χάριν,
990 1867 1087 1912 ΒΡῙΜΟ
1098 1877 1217 1929 spesspe-

172 1939 274 2008 pndiim
290 1937 400 2004 tipum:
421 1938 546 1991 «Cereris
561 1958 625 1991 vero
640 1941 822 2012 mysteria,et
836 1941 909 1993 iovis
925 1960 984 1994 cum
1001 1953 1082 1994 matre
1098 1959 1216 1994 venerea
1305 1968 1312 1982 x

172 2021 387 2089 conjunctiones,
404 2031 430 2070 et
446 2019 486 2070 ira
502 2020 602 2072 Cereris
619 2019 724 2090 (nescio
739 2039 773 2071 an
787 2020 873 2072 dicam
887 2023 978 2074 matris
993 2021 1032 2073 vel
1047 2021 1165 2092 amotis),
1182 2020 1217 2072 ob

173 2117 252 2171 quarn
268 2101 334 2150 iram
350 2100 436 2150 Brimo
455 2099 616 2171 appellatam
633 2117 690 2152 csse
707 2099 834 2152 elicitum
850 2101 895 2153 Est
911 2104 981 2154 enim
993 2103 1131 2172 Βριμοῦσθιι
1147 2101 1218 2153 idem

174 2177 246 2248 quod
255 2177 396 2243 ivpsisdat,
409 2175 554 2246 ὀργίζεσθαι,
561 2179 689 2250 fremere,
703 2179 784 2231 irasci.
799 2177 959 2251 Hesychius:
974 2182 1056 2248 Bplps,
1071 2177 1165 2231 irrisi·
1178 2176 1217 2229 nei

173 2259 295 2322 pereuntia
304 2256 464 2327 diimonatie·
477 2275 534 2327 quse
546 2257 637 2310 ultima
647 2257 726 2310 verba
737 2257 893 2329 explicanda
904 2271 965 2311 sunt
974 2278 1005 2312 ex
1015 2261 1072 2316 istis
1080 2258 1216 2331 Hesychii:

172 2333 293 2405 Βρψὶξιι,
309 2337 369 2405 ὀργᾷ
383 2335 413 2390 sie
430 2339 563 2399 curcurim,
581 2335 682 2406 Κύπριοι.
702 2337 752 2390 Sed
767 2338 823 2391 hac
840 2339 934 2391 obiter.
950 2341 1124 2410 Nequaquam
1140 2339 1219 2409 igitur

172 2418 254 2469 Statio
266 2433 293 2470 et
305 2416 457 2470 auetorihns
469 2420 553 2470 citatis
566 2419 706 2470 convenit:
725 2419 776 2470 nisi
791 2416 863 2469 dicas
875 2420 996 2470 Cererem
1011 2433 1058 2470 seu
1071 2417 1174 2483 Brimo,
1192 2429 1219 2469 et

170 2496 287 2548 Dianam
302 2515 349 2548 seu
360 2497 474 2562 Lunam,
487 2495 594 2549 easdem
606 2515 678 2550 esse:
693 2495 726 2548 de
740 2514 791 2568 qua
803 2515 832 2548 re
845 2497 905 2549 vide
917 2497 1099 2562 Macrobium,
1111 2497 1216 2549 Saturn.

171 2577 197 2640 1,
212 2577 242 2627 18
258 2573 293 2626 ad
308 2575 394 2627 linem.
410 2573 462 2627 Sed
473 2589 529 2628 tota
541 2577 666 2629 Veterum
679 2576 817 2640 Mudatspt'a
830 2577 946 2630 tenebris
962 2591 989 2629 et
1002 2575 1218 2628 contradictioni·

172 2649 225 2703 bus
235 2651 368 2704 obvoluta.
378 2654 513 2706 Memoriae
521 2673 584 2707 vcro
591 2654 674 2707 falsus
682 2655 733 2704 fuit
742 2653 1118 2725 Gronovius,quum1nvitam
1131 2653 1218 2704 Brimo

175 2730 310 2800 scaligero
321 2733 473 2802 imputaret:
487 2735 531 2788 ille
543 2737 612 2788 enim
624 2752 680 2786 non
695 2733 810 2784 invitem
823 2732 870 2785 sed
884 2734 1016 2785 immitem
1031 2735 1136 2797 Brimo,
1151 2734 1219 2784 utin

175 2808 291 2878 vulgatis
305 2825 356 2876 est,
369 2809 481 2882 legebat.

210 2968 255 3034 41.
276 2966 398 3038 Deposuit
407 2971 493 3039 juxta
509 2965 607 3032 idest,
619 2965 769 3037 plantavit:
785 2983 816 3016 ex
827 2965 899 3034 Virg.
914 2963 1011 3034 Georg.
1026 2966 1065 3029 tt,
1081 2964 1129 3016 ²3:
1148 2964 1218 3015 aHic

172 3047 279 3118 plantas
296 3060 386 3098 tenero
403 3045 543 3099 abscidens
558 3044 592 3097 de
604 3063 718 3116 corpore
731 3057 844 3096 matrum
855 3044 986 3114 Deposuit
998 3040 1109 3094 sulcis.»
1126 3043 1217 3094 Seuec.

174 3124 281 3178 Consul.
297 3125 330 3176 ad
344 3127 481 3178 Marciam.
496 3144 555 3195 cap.
572 3124 618 3176 16:
636 3122 797 3194 trigricolu,
810 3125 906 3176 eversis
921 3120 1077 3185 arboribus,
1093 3139 1159 3193 quas
1173 3134 1219 3173 aut

174 3219 266 3257 ventus
281 3204 410 3258 radicitus
423 3205 531 3272 evulsit,
544 3219 591 3256 aut
605 3217 743 3256 contortus
758 3205 898 3275 repentino
913 3205 1014 3275 impetu
1028 3202 1106 3253 turbo
1120 3203 1221 3273 perire·

175 3287 224 3354 git,
239 3285 361 3338 subolem
374 3304 405 3336 ex
419 3285 470 3338 illis
482 3285 613 3338 residuam
627 3286 713 3351 foret,
727 3297 753 3335 et
765 3285 921 3336 amissarum
934 3285 1034 3336 semina
1047 3284 1134 3334 statim
1146 3282 1221 3353 plan-

174 3375 265 3434 tasque
276 3363 421 3434 deponit3·
437 3365 473 3414 ita
484 3363 639 3435 legendum
652 3362 732 3435 vulgo
744 3363 871 3434 disponit,
882 3362 964 3424 male;
979 3381 1059 3435 quum
1072 3362 1104 3414 de
1115 3360 1220 3433 planto-

175 3443 242 3494 tione
256 3462 310 3494 non
325 3443 491 3496 ordinatione
505 3457 530 3496 et
544 3443 709 3516 dispositione
724 3461 756 3494 es
769 3460 849 3494 sensu
862 3444 962 3515 liqueat
976 3463 1037 3496 eum
1051 3461 1139 3513 agere.
1154 3441 1220 3494 Vide

174 3521 336 3574 Gronovium
345 3521 379 3574 atl
387 3525 470 3594 Epist.
480 3523 527 3590 86,
539 3524 586 3575 ubi
594 3521 678 3575 simile
692 3521 816 3574 mendum
829 3523 942 3577 sustulit.
954 3523 1067 3589 Plinius,
1080 3525 1145 3574 Hist.
1158 3523 1219 3574 Nat.

175 3602 248 3667 xrs,
262 3604 293 3668 6,
306 3601 340 3654 de
353 3604 431 3672 capis
444 3625 450 3653 ι
469 3625 481 3648 ι
491 3603 692 3655 Ascaloniamm
705 3604 812 3674 propria
827 3617 937 3656 natura:
954 3606 1049 3656 etenim
1062 3601 1134 3655 velut
1148 3603 1221 3654 steri-

173 3679 212 3733 les
220 3695 279 3734 snnt
290 3683 324 3734 ab
336 3682 438 3745 radten
449 3696 476 3736 et
485 3683 521 3735 ob
530 3682 557 3735 id
564 3685 663 3736 semine
671 3685 722 3735 seri
733 3683 804 3750 illas,
814 3701 868 3735 non
878 3683 990 3757 deponi,
997 3687 1099 3754 jussere
1106 3683 1196 3736 Greci.
1207 3705 1218 3730 s

212 3842 252 3896 5².
271 3845 403 3916 Stupeunt
420 3857 464 3897 tua
479 3845 599 3920 pennino
606 3867 615 3907 ,·
633 3843 661 3896 id
679 3857 732 3909 est,
746 3842 848 3909 colant,
864 3857 1028 3911 venerentur,
1045 3863 1105 3895 cum
1119 3853 1221 3914 stupore

174 3921 288 3992 quodam
300 3943 346 3978 seu
359 3925 542 3978 admiratione.
555 3909 694 3978 Achitssid.
710 3926 734 3988 l,
747 3944 771 3974 v.
789 3924 833 3990 14,
849 3923 883 3975 nd
893 3924 1074 3977 Domitianum
1085 3941 1092 3972 ι
1110 3945 1121 3966 ι
1133 3921 1165 3972 At
1179 3934 1220 3982 tu,

172 4019 251 4072 quem
264 4005 379 4075 primum
391 4003 472 4075 longe
486 4017 576 4074 stupet
590 4001 653 4056 itala
668 4005 786 4064 virtum·
801 4001 939 4054 claudian.
955 4005 983 4054 in
998 4001 1075 4053 Prob.
1090 4011 1115 4050 et
1128 3996 1219 4068 Olybr.
