2782 4486
409 327 539 391 mem
564 328 738 410 Quium
764 331 1013 398 sruvunuu.
1166 307 1234 426 693'

192 450 405 518 babetdomaus,
418 452 537 504 rescribit
550 471 610 504 eum
622 452 831 524 Lindeubrogio‚
847 473 949 527 equum
962 471 1047 512 restra
1060 459 1171 516 domans
1184 482 1234 534 ego

191 533 285 583 funera
304 544 407 584 meetoa
425 534 590 604 increpito·
610 535 781 586 Verissimum
797 533 869 587 istud
881 535 1002 604 domans,
1018 553 1043 591 et
1057 551 1172 604 moertos‚·
1185 561 1235 614 pro

193 629 246 682 quo
260 613 335 663 Rom.
350 621 470 683 questro:
489 631 543 665 non
560 612 636 664 male.
657 611 708 666 Sed
723 613 858 684 quomodo
879 635 959 688 quum
981 618 1124 690 increpito?
1141 620 1235 675 dixisse

192 688 283 742 debuit
295 693 321 741 in
335 690 515 760 subjunctivo,
527 709 608 764 quum
622 692 787 764 increpitent,
800 692 840 744 vei
856 693 1029 766 increpiturim
1045 698 1072 747 in
1085 701 1235 768 praeterito,

192 781 221 819 ut
233 787 314 839 supra
327 770 392 824 terri.
406 771 440 821 Et
450 767 515 840 quid
527 783 567 820 ert
578 768 808 839 domarefunera?
819 769 860 822 vei
871 773 929 843 quis
941 772 1021 844 hujus
1034 773 1087 826 ioci
1098 793 1190 828 sensus
1198 815 1206 842 ‚
1215 779 1236 827 ai

192 851 220 900 in
231 867 338 919 protam
350 851 496 902 orationem
508 849 623 902 resolvas
635 849 731 915 rerba,
747 873 758 896 ι
769 869 850 922 quum
860 865 944 904 vestra
957 852 1069 906 dornone
1080 873 1129 928 ego
1142 857 1237 908 funera

192 943 295 982 mestos
312 932 485 1002 increpitoin
504 930 574 1001 Lege
593 931 702 983 minima
718 934 865 984 mutatione
881 955 886 982 r
906 933 1055 986 «Nimirum
1075 949 1138 988 tune
1152 951 1237 988 restra

192 1007 303 1059 domant
323 1027 372 1079 ego
386 1007 510 1074 vulnera,
533 1023 636 1060 mestos
660 1009 789 1078 iucrepui.
801 1033 812 1055 ι
838 1009 929 1075 Tunc,
949 1030 980 1062 eo
1000 1025 1134 1083 tempore,
1156 1031 1237 1084 quum

192 1105 239 1138 voe
251 1086 382 1140 doluistis.
394 1088 512 1140 Domana
524 1086 645 1151 uulnera,
657 1086 685 1137 id
695 1099 747 1154 est,
757 1106 891 1158 superous,
903 1091 1006 1143 vincens
1016 1090 1131 1143 dolorem
1142 1106 1239 1144 vestro-

193 1185 252 1218 rum
264 1166 401 1220 vulnerum
420 1168 587 1220 carminibus.
607 1163 650 1218 sic
664 1167 757 1220 Giaue.
773 1169 875 1220 Melior.
894 1188 930 1221 vs.
950 1172 996 1238 td,
1017 1174 1132 1224 esetiare
1147 1172 1237 1238 melis,

192 1265 340 1320 agnumque
353 1247 473 1300 dolorem
485 1248 617 1300 Libertate
628 1246 724 1309 doma;
735 1272 746 1294 ι
767 1247 894 1300 Thebaid.
913 1251 952 1315 11,
972 1254 1034 1321 176,
1054 1253 1099 1302 ,0
1115 1271 1192 1323 quam
1213 1267 1238 1304 te

192 1345 302 1398 percum
314 1329 340 1379 in
353 1330 484 1399 preconia
497 1328 572 1378 famer
584 1327 660 1378 Mens
676 1327 757 1397 agitat
769 1339 871 1378 matura
885 1332 948 1378 tuae!
961 1343 1142 1401 quantumque
1155 1332 1239 1382 fereu-

192 1417 246 1460 tem
259 1408 401 1458 Fortunam
418 1409 514 1458 virtute
531 1404 662 1456 domnii»
680 1403 707 1454 id
724 1417 782 1470 est,
798 1421 897 1475 superer
913 1407 1053 1458 Fortunam
1072 1410 1180 1469 uirtute;
1196 1411 1237 1460 Se-

193 1499 274 1548 neca„
285 1483 382 1536 Troad.
393 1503 430 1536 vs.
442 1482 508 1552 349,
523 1495 549 1534 et
563 1501 622 1558 sqq.

376 1591 525 1651 Compescere
535 1589 643 1652 equidem
654 1589 736 1644 rerba,
747 1601 771 1634 et
780 1587 891 1634 audacem
901 1591 961 1636 maio

377 1663 484 1708 Poteram
493 1660 600 1716 domare3
611 1660 652 1706 sed
663 1675 727 1706 meur
738 1661 809 1721 capris
819 1676 913 1722 quoque

376 1735 423 1779 Scir
433 1749 529 1796 parcere
539 1735 615 1786 emitt

193 1831 277 1895 idem,
292 1830 399 1904 Hippoi.
413 1851 449 1884 ve.
464 1831 531 1904 438,

378 1941 482 2004 Namque
492 1942 582 1988 anxiam
592 1956 629 1986 me
639 1958 696 1988 cura
704 1939 811 1988 eodieitat
821 1945 868 1994 tui,

378 2010 447 2070 Quod
457 2024 479 2056 te
488 2013 537 2074 ipre
547 2014 623 2072 poeuir
633 2013 741 2074 gravibus
750 2013 846 2059 infestus
856 2013 948 2064 domam

194 2122 220 2160 et
232 2108 341 2176 Medea,
352 2128 389 2160 ve.
402 2109 469 2176 506,
485 2133 496 2155 ιι
506 2109 577 2176 Quin
592 2113 681 2182 potius
696 2112 734 2162 ira
750 2113 884 2162 concitum
902 2122 995 2182 peetus
1012 2109 1128 2170 doma;»
1147 2110 1237 2162 l‘iroen.

195 2206 231 2240 ιι.
245 2205 292 2257 77,
308 2212 319 2234 ι
329 2204 422 2260 peetus
441 2191 578 2260 antiquum
595 2189 712 2254 advoca,
727 2191 870 2262 vietusque
888 2209 984 2262 magno
1001 2189 1096 2242 robore
1110 2209 1238 2244 erumnas

193 2267 271 2322 doma
281 2290 310 2332 ς·
327 2268 375 2320 ubi
385 2287 512 2322 remmom
521 2271 615 2336 doma,
629 2284 659 2323 ut
670 2270 713 2324 bic
726 2271 833 2324 uulnera
843 2272 965 2334 domans,
979 2283 1005 2320 et
1018 2270 1133 2324 dolorem
1146 2271 1238 2334 doma,

193 2346 253 2398 ioco
264 2347 338 2400 Statii
349 2366 428 2420 supra
440 2351 531 2402 citato.
549 2351 575 2403 V
574 2350 665 2402 uiueru
676 2369 737 2404 vero
751 2369 800 2424 pro
807 2351 919 2422 funera,
931 2349 1005 2420 quod
1019 2367 1124 2408 sensum
1138 2348 1238 2400 nulium

193 2425 281 2480 behet.
295 2429 335 2480 De
347 2430 552 2481 commutatione
564 2428 659 2482 harum
671 2449 767 2481 vocum
783 2432 810 2480 in
826 2431 897 2481 MSS.
915 2427 974 2478 vide
992 2427 1239 2480 Drakenborcirium

192 2509 227 2560 od
242 2508 554 2578 sil.1ulicum‚1,399,
572 2521 598 2559 et
613 2511 750 2562 Heinsium
763 2508 796 2560 ad
807 2507 931 2560 Ovidium
947 2510 1053 2578 passim.
1068 2507 1126 2560 Dixi
1142 2506 1240 2578 aliquid

193 2585 228 2636 ed
242 2587 334 2636 Pietat.
350 2585 444 2636 Abasc.
462 2606 487 2636 v.
507 2588 546 2637 18.
560 2584 677 2650 Deinde,
694 2597 793 2640 mustos
810 2586 939 2657 increpui,
956 2585 985 2637 id
1001 2600 1055 2651 est,
1073 2587 1200 2658 corripui,
1215 2599 1240 2636 et

194 2667 286 2716 monui
298 2683 344 2716 voe
357 2683 410 2716 non
422 2667 531 2717 nimium
544 2666 680 2736 indulgere
692 2667 778 2718 dolori
788 2681 890 2718 vestro:
904 2666 981 2720 Orid.
994 2667 1064 2718 Faet.
1078 2669 1127 2730 vl,
1140 2666 1205 2726 385,

380 2770 430 2814 Jam
439 2769 538 2816 ducibus
547 2785 651 2816 somnum
661 2770 758 2817 dederat
767 2768 848 2816 inber:
859 2772 965 2832 increpat
973 2769 1024 2817 iiior

410 2842 531 2902 iuppiter,
542 2853 565 2887 et
574 2857 652 2897 sacro,
664 2841 721 2904 quid
730 2841 799 2898 volit,
811 2857 851 2888 ore
861 2842 944 2896 docet;

195 2947 278 3000 Tacit.
290 2947 386 2999 Annei.
397 2949 436 3014 ΙΙ,
447 2947 495 3014 87,
514 2947 631 3019 «Neque
645 2962 733 2999 tamen
750 2948 784 2999 ob
798 2967 829 2998 en
843 2949 960 2999 Parentis
976 2950 1066 2999 Patria
1081 2946 1196 2999 delatum
1216 2963 1241 3000 et

196 3039 273 3079 antea
286 3025 445 3079 vocabulum
460 3025 623 3099 adsumpsit3
637 3028 776 3100 acerbeque
790 3027 995 3098 increpatum,
1010 3029 1054 3098 qui
1068 3027 1175 3078 Divinas
1187 3029 1241 3080 Oe-

196 3107 365 3179 cupationes‚
383 3108 522 3178 ipsumque
538 3109 682 3158 Dominum
701 3107 850 3158 dixerant·
871 3105 912 3160 Sic
932 3107 1096 3158 vehementer
1112 3106 1242 3178 inerepare

197 3185 269 3258 apud
281 3185 347 3240 Piin.
364 3187 447 3258 Epist.
461 3187 513 3252 Vi,
528 3186 551 3238 5.
566 3186 597 3238 ’ri
611 3188 749 3260 increpare
763 3186 930 3258 simpliciter,
948 3187 1053 3240 lenioris
1062 3198 1100 3237 est
1110 3187 1242 3250 notionis,

196 3278 226 3318 ιιι
240 3268 266 3318 in
279 3265 332 3318 boe
348 3265 416 3318 ioco.
432 3265 574 3337 Sequitur:
594 3290 605 3312 ι
621 3279 683 3318 tunc
699 3269 795 3318 damna
810 3265 904 3317 dolens
919 3265 1019 3331 aliena,
1033 3284 1134 3337 repono
1149 3264 1240 3317 infelix

196 3347 337 3414 lacrimae,
356 3361 382 3399 et
396 3348 477 3398 tristia
493 3348 610 3399 carmine
625 3366 739 3411 servom
762 3349 789 3398 in
804 3345 900 3417 quibus
915 3347 1013 3398 fnestra
1028 3365 1134 3398 sensum
1148 3347 1245 3418 quusi·

197 3427 272 3478 veria.
287 3427 385 3479 Totum
400 3426 488 3477 iocum
503 3427 539 3477 ita
554 3445 585 3478 ex
599 3430 752 3498 conjectura
766 3427 906 3477 constitui:

382 3533 495 3579 Nimirum
506 3544 559 3578 tunc
569 3545 644 3578 vestra
655 3532 751 3578 domant
762 3548 805 3595 eqo
814 3531 924 3586 vulnera,
936 3543 1026 3577 maeror

385 3605 507 3666 Increpui3
518 3619 580 3648 nunc
590 3604 673 3650 damna
683 3603 765 3649 dolens
775 3602 877 3658 aiterna,
887 3617 984 3664 reporto

382 3674 464 3721 infelix
473 3675 589 3730 lacrimat,
601 3688 623 3720 et
634 3677 696 3721 mitia
706 3675 806 3720 earmina
816 3689 903 3738 quaero.

198 3779 293 3831 Omnia
305 3779 359 3845 jam
375 3775 505 3829 cohaerent
520 3789 546 3828 et
561 3776 612 3828 eibi
627 3777 805 3849 respondent,
820 3778 928 3828 minime
940 3787 965 3827 et
978 3776 1146 3828 usitatissima
1158 3785 1243 3823 muta-

199 3859 280 3910 tione.
296 3856 425 3908 «Aiterna
442 3857 538 3910 damna
555 3857 685 3922 dolena‚·
704 3856 731 3908 id
743 3870 796 3922 eet,
816 3881 826 3902 ι
838 3855 959 3920 alteruis,
972 3857 1103 3918 vicissim,
1115 3871 1173 3904 mea
1185 3853 1242 3903 vice

199 3955 305 4001 nunc,=
322 3949 351 3986 ut
365 3947 448 3988 vestra
467 3947 541 4002 tunc,
559 3955 605 3988 seu
619 3933 689 3988 olim.
705 3936 804 4006 Supra,
818 3953 856 3989 vs.
871 3952 918 4000 ιι,
937 3933 1060 3986 utiteruo
1073 3949 1177 3983 meeum
1189 3929 1241 3981 cia-

199 4033 273 4068 more
286 4017 398 4068 fatiscat.
410 4041 421 4062 ι
437 4017 478 4068 sic
491 4016 593 4068 aitema
607 4026 711 4086 pectora
724 4015 808 4067 Theb.
822 4019 857 4078 V,
874 4031 920 4084 7²¹
937 4036 944 4064 ι
962 4027 1145 4082 nmatremque
1161 4011 1242 4062 uvidis
