2804 4490
263 282 304 343 r.
328 283 363 344 r.
382 281 534 346 srurn
555 281 670 350 stur.
690 285 778 350 nro.
800 286 833 366 1,
854 285 1076 352 01111111.
1131 315 1192 384 129

184 413 277 494 Quae
290 425 352 476 tuo
363 406 555 505 longinquis
567 409 749 503 implorant
757 410 836 504 jura
847 413 1007 506 querelis,

73 513 83 527 “
184 505 334 587 Certent
345 519 479 603 laetitia3
492 545 661 617 nosseque
673 546 714 590 ex
726 522 843 590 ordine
854 523 948 592 collis

183 629 452 711 Confremut‚et
463 629 583 698 sileant
595 629 718 724 pejoris
729 623 905 700 muimura
916 633 1030 702 iamae:

184 743 330 833 Quippe
341 757 473 824 manet,
486 739 694 836 longumque
705 765 777 810 tero
789 741 950 812 redeunte
960 745 1123 830 monebit,
1164 763 1193 814 15

184 855 302 936 Quem
313 873 420 944 penes
432 850 606 943 intrepidae
619 853 709 920 mitis
721 851 872 920 custodia
882 857 1009 922 Romae.

187 965 258 1028 Nec
270 976 410 1028 tantum
420 959 593 1033 induerint
604 962 681 1026 fatis
693 986 781 1030 nore
793 961 916 1030 saecula
928 967 1072 1050 crimen,

187 1077 255 1137 Aut
267 1070 447 1136 instaurati
459 1070 646 1160 peccaverit
657 1093 714 1136 ara
725 1073 871 1138 Terenti.

235 1178 1180 1274 AstegonecPhoebum(quanquemmihisurdesineillo

189 1287 345 1374 Plectra)
358 1313 421 1358 neo
432 1290 554 1356 Aonius
566 1287 786 1370 decimanum
797 1288 1050 1378 Palladedivns,
1162 1328 1195 1362 πο

189 1405 256 1468 Aut
267 1403 389 1468 mitem
401 1403 539 1492 Tegeae,
553 1401 710 1469 Dircesve
721 1398 881 1470 hortabor
892 1401 1088 1488 alumnum3

190 1517 268 1606 lpse
279 1515 379 1595 veni,
392 1514 547 1605 viresque
558 1534 663 1580 noves
674 1513 892 1606 animumque
903 1517 1073 1600 ministra,

189 1625 254 1708 Qui
267 1625 418 1692 ueneris:
430 1621 548 1690 dextro
560 1645 623 1690 nec
634 1624 723 1689 enim
735 1622 808 1688 sine
819 1623 958 1690 numine
969 1640 1082 1695 tentus

190 1737 352 1813 Ausoniae
364 1734 485 1803 decora
496 1733 610 1826 amplo
620 1750 722 1826 togae,
736 1749 941 1830 centumque
952 1735 1073 1805 dedisti

190 1847 367 1916 iudicium
377 1862 593 1940 mentemque
604 1848 695 1916 viris.
709 1848 802 1914 Licet
813 1843 935 1914 enthea
946 1851 1030 1916 vetis
1160 1863 1192 1914 25

192 1957 362 2027 Excludut
373 1958 521 2053 Pimplea
532 1961 638 2044 sitim,
651 1983 714 2027 neo
725 1962 859 2027 conscia
870 1958 970 2028 detur

194 2071 329 2153 Pirene,
346 2068 457 2162 largos
467 2074 578 2163 potior
589 2068 674 2138 mihi
686 2093 807 2162 gurges
818 2073 855 2138 in
865 2068 1007 2140 haustus

194 2186 260 2268 Qui
270 2185 401 2276 rapitur
412 2182 455 2250 de
466 2183 559 2252 fonte
570 2199 646 2252 tuo:
660 2207 720 2251 seu
732 2182 832 2275 plena
843 2182 961 2252 solutis

194 2296 310 2378 Quum
320 2297 422 2362 struis
434 2304 511 2362 orsa
521 2293 647 2379 modis,
657 2317 717 2362 seu
728 2318 836 2388 quum
846 2294 908 2364 tibi
917 2293 1024 2362 dulcis
1036 2299 1190 2364 inertem

154 2475 288 2530 durando
306 2478 394 2551 legum
413 2479 522 2548 auxilio,
539 2501 596 2555 qne
607 2485 646 2548 vi,
730 2499 768 2550 ¹9·
788 2481 850 2533 Sine
862 2479 934 2546 ulio,
948 2477 991 2531 ed.
1004 2483 1137 2554 princeps.
1156 2482 1189 2535 A.

152 2553 262 2624 ambitu,
277 2573 413 2630 postremo
428 2562 542 2631 pecunie
552 2561 646 2614 turbu·
728 2575 769 2610 ur.
787 2559 855 2611 Edit.
866 2559 951 2630 princ.
960 2571 1084 2610 mentem.
1096 2597 1120 2610 ..
1136 2559 1190 2612 hor·

45 2621 53 2638 '
151 2629 405 2690 uentura-cod.
418 2640 499 2692 Puris.
512 2652 538 2691 et
550 2639 591 2693 ed.
604 2660 645 2712 pr.
692 2637 801 2690 taiawr·
819 2639 851 2688 A·

154 2711 278 2764 omittunt
289 2733 339 2786 que
350 2731 412 2787 poet
427 2716 502 2790 ieqes.
516 2717 573 2771 Viri.
588 2733 644 2772 not.
727 2716 768 2768 23.
789 2717 885 2769 Dextro
894 2734 921 2765 n.
932 2733 954 2765 e.
966 2735 984 2768 s.
996 2716 1112 2768 numine.
1122 2717 1188 2770 Cod.

154 2787 211 2837 crit·
233 2791 263 2840 Δ.
691 2796 771 2846 Pario.
785 2795 846 2848 edd.
857 2815 898 2866 pr.
909 2808 935 2846 et
944 2793 1032 2845 uldin.
1044 2793 1119 2847 docto
1129 2815 1156 2848 n.
1167 2817 1188 2848 e.

193 2883 233 2918 12.
254 2869 405 2941 implorent,
418 2873 480 2927 edit.
493 2893 534 2946 pr.
548 2888 575 2928 et
585 2894 646 2927 mox
690 2891 709 2924 s.
722 2874 845 2925 camnine.
859 2871 927 2924 Vide
940 2884 997 2922 not.
1011 2873 1068 2924 orit.
1082 2873 1114 2923 A.

151 2958 260 3000 certant.
634 2963 636 2973 ’
728 2951 769 3002 ao.
788 2949 927 3004 Excludot.
945 2949 987 3001 Sic
1004 2948 1190 3003 cuneatim

188 3025 227 3077 13.
248 3027 297 3078 Pro
306 3046 439 3102 nouoque,
449 3031 513 3084 edit.
524 3032 608 3102 princ.
620 3046 645 3084 et
690 3030 776 3100 prima
787 3047 883 3094 manu,
897 3039 929 3080 et'
938 3026 1042 3078 excidat
1055 3047 1087 3080 ex
1100 3045 1189 3081 emen·

149 3101 241 3158 Vener.
253 3126 300 3161 nos
307 3120 390 3180 teque.
402 3110 490 3163 Aldin.
501 3121 645 3183 nosterque.
690 3105 806 3160 datione.
818 3101 879 3159 vid.
893 3119 949 3158 not.
964 3105 1023 3157 crit.
1043 3105 1074 3157 Δ.

149 3179 232 3236 locun
252 3185 496 3258 desperatissimum
520 3191 548 3241 in
568 3209 646 3262 quem
727 3203 769 3257 ²7·
789 3188 888 3238 Potior.
901 3187 952 3237 Pro
960 3185 1056 3256 potior,
1066 3185 1189 3259 quodve-

147 3259 197 3312 vid.
218 3277 276 3316 not.
300 3263 367 3317 Cod.
388 3267 469 3319 Poris.
494 3279 644 3340 nosterque,
689 3283 749 3316 rum
770 3279 826 3331 eet,
851 3259 915 3317 olim
929 3263 1066 3334 legebatur
1089 3268 1188 3340 potius3
1262 3263 1263 3266 ’

149 3351 173 3389 et
191 3342 228 3392 eie
244 3341 388 3396 edidemut
404 3347 535 3398 Domitius
551 3359 577 3397 et
593 3346 646 3398 Ge-
690 3343 839 3396 emendavit
863 3342 990 3398 Nieoleue
1013 3343 1105 3396 Faber.
1129 3345 1187 3398 Nu-

149 3421 251 3473 nnius.
272 3425 304 3474 Δ.
688 3437 786 3493 gantur
798 3424 843 3494 qni
854 3439 904 3493 pro
916 3433 1017 3486 antus,
1037 3422 1110 3494 quod
1121 3439 1148 3476 et
1158 3427 1186 3476 in

185 3513 222 3567 ¹7.
241 3499 340 3574 Edpr.
352 3503 481 3565 induerit5
491 3516 517 3556 et
526 3521 586 3556 mox
599 3504 645 3555 cri-
690 3505 773 3556 Parm.
795 3505 955 3568 invenimus,
978 3503 1070 3573 legunt
1087 3517 1184 3558 contus.

147 3591 217 3643 nan,
228 3598 280 3652 pro
291 3580 400 3633 crimen.
419 3583 451 3632 A.
689 3583 798 3635 Domitii
812 3583 934 3653 suspicor
951 3581 1020 3633 hano
1035 3599 1092 3634 eree
1106 3585 1187 3637 inten-

183 3655 220 3709 ¹8.
242 3658 356 3712 Terenti.
369 3660 576 3715 sichabetcod.
587 3661 643 3714 Pur.
688 3661 860 3734 polationem.
880 3692 916 3702 —
932 3661 1039 3730 [egitur
1056 3663 1142 3732 potito
1158 3666 1186 3716 in

146 3751 161 3784 ³
178 3753 260 3791 manu
279 3742 382 3812 prime,
405 3756 431 3795 et
447 3743 555 3797 Tarenti
570 3763 586 3796 a
602 3762 644 3797 se-
689 3740 754 3795 cod.
765 3743 842 3792 Puris.
858 3742 889 3791 Δ.

145 3813 237 3868 tunde.
260 3819 400 3872 Ger-artius
421 3819 504 3872 edidit
523 3822 643 3887 Tarenti,
726 3819 1186 3889 29.Cumstmisorsamodisseoeum

145 3903 169 3942 et
185 3895 290 3950 exhibet
308 3899 417 3952 Terenti
433 3902 460 3951 io
476 3900 536 3953 leet.
552 3902 643 3972 Papio.
691 3899 743 3950 tibi.
756 3900 878 3951 Heinsius
890 3896 989 3950 edVal.
1004 3898 1139 3966 Flaccum,
1151 3903 1185 3962 V,

145 3987 202 4043 cap,
215 3975 259 4028 31.
274 3977 322 4030 Ed.
335 3998 375 4052 pr.
388 3979 505 4032 Terenti.
525 3980 556 4031 Δ.
691 3978 734 4042 85,
745 3995 776 4029 ex
785 3989 887 4030 vetuste
895 3977 1028 4030 Parmensi
1037 3976 1098 4029 edit.
1110 3977 1184 4048 legit:

234 4067 264 4131 Ι·
1027 4091 1047 4156 9
