2824 4488
190 309 253 393 372
340 353 345 364 .
438 297 475 358 r.
500 294 535 357 P.
560 284 713 354 sriru
737 277 993 378 stnvrnnn,

234 433 320 500 Huic
331 444 366 496 et
376 421 537 519 purpurei
549 415 645 486 cedet
655 435 751 482 coma
762 410 875 478 saucia
886 407 973 484 nisi,

235 547 278 610 Et
289 560 392 634 quum
403 527 560 625 Sperchio
571 521 722 593 tumidus
735 516 888 587 servabat
898 511 1053 582 Achilles.
1195 519 1228 573 85

282 652 368 743 Ipsi,
379 666 484 741 quum
496 641 643 733 primum
653 635 786 701 niveam
795 647 1004 722 praecerpere
1015 623 1160 712 frontem

235 769 416 832 Decretum
427 751 493 833 est,
506 748 734 838 humerosque
744 763 849 808 manu
860 734 989 804 nudare
1000 736 1160 810 nitentes,

238 878 426 950 decurrunt
435 860 541 929 teneri
551 855 677 948 Paphia
688 873 767 918 cum
778 863 884 915 matre
896 844 1065 924 volucres,

237 977 494 1073 Expediuntque
505 987 635 1048 comas,
648 979 682 1029 et
693 962 799 1030 serice
810 973 943 1051 pectore
955 970 1085 1048 ponunt

237 1091 455 1163 Pelliaztunc
462 1080 589 1175 junctis
600 1077 726 1143 crinem
738 1068 884 1138 incidere
896 1068 1040 1160 sagittis,
1194 1087 1231 1143 9⁰

238 1207 346 1294 Atque
357 1218 454 1276 auro,
467 1190 675 1283 gemmisque
685 1181 816 1252 locant:
830 1181 918 1271 rapit
928 1180 1002 1269 ipsa
1013 1169 1169 1241 cudentes

238 1316 363 1388 Meter,
376 1321 410 1372 et
420 1322 560 1371 meanos
571 1300 672 1364 iterat
681 1293 846 1386 Cytherea
856 1288 1014 1383 liquores.

284 1423 382 1484 tune
393 1436 477 1508 puer
488 1434 506 1478 e
518 1406 634 1487 turba,
645 1402 800 1471 menibus
813 1403 871 1495 qui
883 1399 968 1465 forte
981 1394 1110 1486 supinis

240 1525 357 1598 Nobile
369 1535 535 1618 gemmato
547 1513 723 1608 speculum
734 1523 925 1604 portaverat
936 1528 1032 1585 auro,

246 1671 259 1701 a
275 1643 347 1706 Hoc
359 1655 494 1730 quoque
504 1627 641 1708 demus,
653 1625 714 1706 nit3
726 1621 842 1714 patriis
854 1639 915 1685 nec
927 1615 1053 1708 patius
1065 1610 1174 1680 ullum
1197 1621 1234 1692 95

241 1753 369 1817 Munus
381 1745 445 1811 erit
455 1735 605 1828 templis,
617 1735 758 1826 ipsoque
769 1729 938 1823 potentius
949 1746 1042 1792 euro.

242 1863 296 1925 Tu
305 1854 408 1925 modo
419 1853 484 1946 fige
496 1851 620 1928 aciem,
633 1859 667 1913 et
672 1841 789 1935 uultus
801 1840 863 1908 hos
876 1860 982 1934 usque
994 1833 1157 1928 relinque.
1169 1862 1183 1892 ι

232 2083 275 2153 84.
295 2085 345 2135 Pro
359 2081 445 2149 cedat,
459 2083 592 2133 Pssmeus.
607 2077 692 2130 cedet:
737 2066 1149 2140 reteret,Qussrebst;sedesuts
1156 2079 1236 2116 mauu

197 2164 331 2220 mendose.
343 2161 451 2215 -Cod
464 2163 521 2212 Per.
534 2157 596 2211 edit.
609 2158 693 2228 princ.
739 2153 899 2208 subduxerat
916 2167 992 2202 enses
1009 2149 1179 2218 Antigonen
1199 2144 1235 2194 its

198 2243 280 2299 cedat.
300 2244 331 2294 A.
739 2232 895 2304 legendum
906 2229 1002 2298 vulgo,
1014 2237 1083 2279 easta
1092 2225 1238 2293 Antigone,

235 2325 276 2393 87.
296 2320 472 2389 Humesosque
497 2314 573 2366 modo
598 2312 697 2363 nudare
741 2313 858 2384 epitheto
868 2311 931 2363 huic
942 2308 1003 2362 loco
1015 2305 1108 2359 alieno.
1120 2299 1239 2355 Claudiu-

198 2402 315 2454 nitentes.
335 2399 403 2449 Dan.
421 2394 559 2459 Heinsius,
577 2390 697 2461 Crepuu-
741 2411 805 2458 nus,
815 2391 847 2442 de
858 2389 921 2441 Bell.
930 2389 1013 2442 Getic.
1024 2404 1047 2436 v.
1061 2383 1127 2455 274,
1138 2381 1240 2431 «Nune

199 2467 698 2542 diisSilianisstV,674,exeoqnod
741 2473 837 2523 instare
856 2485 952 2534 maun,
974 2477 1030 2518 toto
1049 2479 1119 2514 nune
1139 2457 1241 2511 robore

200 2570 256 2610 erut
274 2559 301 2608 in
320 2552 480 2607 editionibus
501 2549 697 2619 «humerosque
742 2551 791 2602 niti
804 2547 945 2600 Communi
957 2563 1007 2617 pro
1018 2559 1109 2615 puppe
1121 2537 1215 2599 decet3
1225 2557 1239 2584 ι

200 2633 281 2687 modo
291 2629 390 2685 undere
399 2632 522 2694 nitentes,
530 2651 542 2675 ι
551 2628 699 2698 transponit
743 2629 779 2680 itu
790 2625 930 2696 legendum
941 2641 999 2676 esse
1009 2631 1118 2694 uppsret
1130 2636 1162 2670 ex
1174 2635 1243 2688 prse-

202 2727 228 2766 et
236 2712 300 2782 legit
312 2709 456 2780 «nodoque
465 2705 588 2763 humeros
597 2703 698 2759 nudare
744 2704 898 2760 cedentibus
909 2717 935 2755 et
946 2699 1120 2773 sequentibus
1127 2689 1138 2749 :¹
1148 2696 1243 2766 vulgo,

201 2794 346 2845 nitentes.»
365 2787 418 2840 Sed
432 2805 487 2840 nou
504 2803 572 2857 opus
587 2797 641 2846 est;
655 2801 700 2836 ve·
743 2773 1245 2854 communiproluee,iripide:videlo·

202 2891 259 2925 reus
270 2871 339 2922 enim
351 2866 492 2919 lectionem
503 2878 606 2917 servant
615 2867 698 2915 Parm.
745 2881 813 2916 eum.
823 2863 935 2916 Niveum
943 2860 1062 2931 frontem
1074 2869 1102 2908 ut
1115 2853 1186 2926 apud
1198 2851 1245 2905 Sil.

201 2953 278 3003 Rom.
287 2949 411 3001 etVeuet.
419 2942 492 2996 editt.
504 2941 700 3011 «humerosque
745 2942 827 2994 ltrlic.
839 2941 903 3004 Vll,
917 2938 983 3005 446:
1000 2960 1012 2983 «
1021 2937 1067 2988 Ast
1082 2931 1148 2986 slius
1166 2933 1247 2983 niven

203 3046 284 3080 manu
298 3024 434 3085 nudare;«
454 3024 491 3074 ite
504 3039 583 3073 essm.
602 3037 701 3091 prece·
746 3019 867 3072 comebat
879 3020 967 3070 fronte
981 3015 1088 3087 capillos
1097 3032 1105 3072 ς
1115 3035 1127 3058 ι
1143 3009 1192 3062 nbi
1206 3023 1249 3062 ts-

203 3104 296 3168 dente,
305 3122 329 3154 v.
342 3117 402 3169 127:
417 3099 612 3170 «florentesque
621 3115 702 3149 msnu
746 3117 821 3163 rnen,
836 3099 887 3150 nisi
900 3097 987 3148 omnin
1001 3112 1042 3145 me
1053 3091 1165 3156 fallunt,
1179 3089 1250 3141 seri·

203 3177 279 3233 scidit
290 3181 405 3250 Atropos
418 3195 501 3228 annos
511 3197 538 3238 ,a
550 3174 608 3228 vide
617 3173 700 3226 Theb.
745 3179 799 3247 psit
808 3175 884 3228 Silius
895 3177 969 3227 niveo
978 3166 1175 3226 dente-Cod-
1185 3168 1248 3218 Per.

203 3258 424 3327 sv,v.189;111,
443 3257 508 3323 2482
527 3259 606 3326 «lpse
621 3273 702 3306 msnu
747 3250 789 3304 ed.
802 3271 842 3323 pr.
856 3271 944 3305 manse.
963 3256 995 3305 A.

203 3335 308 3388 Thebas
322 3348 496 3405 correptaque
509 3331 701 3385 moeniafnudo
783 3330 825 3383 88.
852 3329 967 3382 reneri«
981 3330 1059 3380 Forte
1085 3322 1250 3395 legendum,

203 3413 357 3478 Excutiam,
380 3429 520 3481 versusque
543 3408 600 3461 solo
624 3427 703 3481 super
746 3409 829 3478 pueri.
845 3437 880 3448 -
896 3407 962 3460 God.
978 3410 1035 3459 Psr.
1052 3405 1095 3458 ed.
1112 3422 1151 3475 pr.
1166 3401 1249 3452 Crue.

202 3492 299 3544 luscha
316 3504 385 3543 tectu
398 3488 541 3540 Effundam
555 3501 656 3556 turres,
671 3507 702 3542 se
747 3490 863 3542 Gronov.
878 3488 966 3539 teneri.
979 3485 1047 3538 Vide
1058 3496 1114 3536 not.
1132 3482 1165 3532 Δ.

204 3585 298 3642 stagna
316 3571 343 3620 iu
364 3567 460 3620 eaerulu
477 3579 593 3633 vertam,
611 3580 699 3631 ete.;·
782 3584 826 3638 9⁰·
844 3566 1020 3642 Prosopittis,
1032 3568 1117 3617 Purus.
1130 3561 1253 3620 lacertis,-

204 3649 251 3701 ubi
258 3647 380 3720 displicet
387 3663 467 3698 versos
475 3659 500 3698 et
509 3657 621 3709 vertum,·
631 3645 702 3717 lege,
747 3660 773 3701 et
786 3665 836 3719 pro
848 3658 925 3713 tunc,
940 3665 1001 3700 enm
1008 3666 1019 3706 ‚-
1032 3644 1120 3695 verior
1133 3638 1252 3709 vulgate.

203 3737 294 3801 stuqne
306 3728 334 3777 in
346 3725 442 3778 cerula
454 3745 581 3800 merqam,
595 3737 624 3776 ut
635 3727 704 3778 iufra
747 3757 783 3766 —
794 3724 858 3778 God.
872 3727 953 3779 Puris.
969 3723 1032 3777 edit.
1046 3723 1131 3794 princ.
1147 3730 1218 3772 tunc.
1227 3755 1253 3769 ..

205 3805 426 3870 eodemlibro,v.
438 3807 504 3859 302:
519 3807 613 3877 «prius
624 3808 650 3856 iu
660 3825 705 3877 pa·
748 3805 852 3876 saqittis.
872 3806 903 3857 A.
1212 3797 1215 3803 ¹

206 3887 257 3938 trui
274 3885 339 3937 deus
353 3883 437 3936 infera
453 3901 554 3955 mergur
567 3884 700 3954 siagna„
783 3899 826 3953 97.
848 3883 942 3936 Vultus
963 3883 1008 3935 los
1025 3897 1104 3952 usqne
1125 3873 1255 3946 relinque.

206 3965 256 4032 Xl,
265 3965 331 4018 6¹28:
347 3961 469 4016 «occulte
479 3962 574 4029 telum,
586 3962 703 4014 nisiuets
748 3961 848 4032 Vulgo,
862 3961 912 4015 linc
922 3979 1015 4044 usque)
1027 3973 1053 4012 et
1065 3961 1102 4010 sie
1114 3957 1194 4008 etism
1207 3952 1257 4006 ed.
