2784 4484
184 261 217 328 xl
418 258 710 324 MARKLANDI
735 259 987 324 PRAEFATIO.

184 389 283 465 guida,
296 387 391 456 exilia,
407 387 566 462 nugatoria,
582 386 681 460 spiritu
693 396 721 441 et
731 390 873 461 majestate
883 389 1018 443 Carminis
1030 391 1136 444 Hernici
1149 389 1227 446 defc-

184 497 242 540 cta:
255 503 316 560 que
328 486 350 537 si
364 480 481 559 perfecti
493 481 591 555 Operis
603 481 681 554 signa
693 491 775 548 sunt,
790 483 825 534 sit
835 498 885 555 per
899 501 943 535 me
954 480 1155 557 quantumlibet
1165 503 1227 559 pet-

94 567 97 573 ’
184 575 256 631 fecta
270 573 378 650 Virgilii
392 574 490 627 AEneis.
508 576 540 625 Et
554 571 588 626 de
601 573 739 646 Georgicis
751 570 864 647 quidem
877 583 1011 648 quamum
1022 573 1083 629 vult
1094 575 1228 639 concedo;

185 667 220 724 de
234 667 346 724 AEneide
357 685 438 734 vero,
457 682 545 720 renuo
562 665 714 739 negitoque.
731 668 791 719 Non
809 663 884 722 solus
898 667 935 720 ita
951 685 1064 722 censeo=
1079 670 1166 723 immo
1178 649 1231 724 boc

186 764 302 817 sensisse
318 759 427 815 videtur
446 760 505 833 ipse
519 754 666 830 Virgilius,
686 759 806 834 optimus
820 769 893 812 certe
911 761 954 814 stii
964 759 1064 834 judex;
1083 773 1132 816 aut
1145 780 1230 838 quare

182 857 298 932 flammis
309 853 407 906 aboleri
410 851 488 924 jussit
498 847 551 902 hoc
565 853 651 924 opus?
665 849 717 904 Sed
731 861 758 912 et
770 847 861 920 solus,
873 852 909 905 ita
922 851 1055 922 censebo,
1067 852 1155 910 donec
1166 873 1231 910 sen·

186 966 232 1002 sus
247 948 402 1002 communis
415 955 442 998 et
455 961 548 998 rerum
562 944 688 997 notiones
703 944 796 998 animo
808 942 958 999 herebunt.
971 945 1172 1022 Impudentiam
1186 947 1231 1003 vel

186 1041 354 1096 dementiam
366 1057 462 1094 meam
480 1038 604 1092 miraris?
617 1035 693 1112 quod
706 1037 775 1106 dixi,
794 1050 920 1113 prestare
936 1052 1046 1114 paratus
1061 1058 1137 1106 sum;
1156 1053 1183 1095 et
1201 1043 1230 1097 in

186 1135 257 1190 banc
271 1153 345 1202 rem,
358 1153 414 1188 non
427 1131 594 1187 mediocrem
606 1128 715 1206 Sylvam
724 1134 782 1205 jam
797 1133 825 1186 in
837 1129 944 1186 mundo
955 1131 1059 1198 habeo;
1077 1137 1154 1209 cujus
1167 1154 1230 1212 spe-

187 1231 276 1283 cimen
290 1230 317 1281 in
329 1228 407 1282 Notis
419 1227 522 1302 passim
534 1223 650 1278 videbis.
664 1229 689 1280 O
699 1221 812 1298 Virgili,
824 1223 904 1300 quale
919 1237 945 1280 te
958 1245 1062 1282 numen
1073 1227 1175 1283 habere
1188 1228 1230 1284 di·

188 1339 295 1388 cerem,
314 1320 337 1374 si
354 1320 392 1373 sic
407 1319 500 1372 omnia
518 1318 673 1391 scripsisses
688 1315 922 1390 quemadmodum
941 1315 1028 1373 multa
1044 1322 1073 1374 in
1092 1319 1230 1389 secundo,

187 1426 302 1490 quarto,
316 1425 343 1468 et
357 1421 432 1468 sexto
448 1411 552 1466 Libris!
571 1416 604 1465 Et
619 1421 649 1464 tu
665 1409 777 1485 quidem
794 1414 833 1466 sic
849 1415 941 1468 omnia
957 1416 1128 1490 scripsisses,
1144 1418 1166 1471 si
1180 1415 1232 1470 tibi

187 1509 377 1584 permisissent
390 1518 498 1583 tempus
511 1516 538 1558 et
552 1502 724 1558 malefecisti
740 1504 881 1561 homines:
897 1506 945 1561 sed
956 1527 1030 1563 nunc
1043 1527 1106 1584 pars
1117 1510 1231 1564 minime

188 1619 217 1656 es
231 1603 290 1677 ipse
309 1602 359 1654 tui.
376 1597 458 1668 Vale,
474 1603 580 1668 Lector,
600 1607 643 1667 et,
659 1599 790 1652 siminus
808 1609 880 1654 recte
894 1597 929 1652 de
944 1599 987 1654 his
1001 1598 1083 1656 rebus
1099 1601 1231 1670 sentiam,

189 1693 288 1750 docere
300 1713 345 1749 me
356 1691 401 1749 vel
414 1691 595 1766 redarguere,
607 1691 630 1746 si
642 1691 711 1746 tenti
722 1691 770 1760 sit,
782 1710 816 1746 ne
827 1691 992 1767 dedigneris.

958 1825 988 1888 l.
1013 1827 1058 1888 M.

252 1953 350 1998 londini
358 1983 365 2007 ,
373 1950 452 1996 Idibus
461 1945 533 2012 April.
544 1951 571 1995 Δ.
582 1951 611 1994 D.
625 1948 690 2012 1728.

225 2188 260 2239 N.
282 2187 312 2238 B.
331 2189 361 2238 ln
378 2185 429 2238 hac
443 2183 591 2238 Marklandi
609 2186 763 2258 praelatione
781 2185 894 2258 plurima
907 2197 968 2238 sunt
986 2196 1062 2237 acute
1081 2197 1107 2236 et
1120 2184 1234 2237 feliciter

191 2277 320 2345 cogitata,
337 2293 395 2346 quas
408 2277 510 2328 sincere
525 2287 612 2327 mente
625 2275 758 2329 laudanda
769 2275 910 2348 profiteor:
924 2293 1006 2326 unum
1021 2287 1110 2326 tamen
1120 2280 1236 2344 graviter
1282 2315 1286 2327 .

191 2361 318 2428 offendit,
334 2361 407 2433 quod
422 2361 525 2414 silentio
538 2366 685 2434 preterire,
700 2366 775 2435 qussi
786 2366 908 2416 conscius
920 2362 1062 2430 adsentiar,
1076 2382 1162 2436 neque
1176 2366 1234 2414 ani-

191 2469 264 2516 rnus,
276 2469 362 2522 neque
375 2469 461 2503 rerum
474 2451 603 2504 evidentia
615 2454 724 2525 patitur.
736 2453 775 2503 De
785 2451 888 2522 Virgilii
898 2451 999 2504 scilicet
1009 2451 1117 2505 AEneide
1129 2451 1235 2506 liberius

191 2557 272 2612 quam
285 2559 340 2594 mos
350 2552 398 2606 est,
414 2542 513 2592 latetur
528 2560 556 2593 se
572 2543 758 2613 pronuntiare;
773 2539 875 2592 inertas
888 2543 1026 2612 proiecto,
1040 2561 1074 2594 ne
1085 2541 1172 2594 dicam
1186 2559 1234 2593 eu·

192 2628 283 2680 dacter
298 2640 324 2679 et
337 2628 431 2698 impie,
450 2627 484 2680 de
498 2628 595 2681 Dtvtuo
608 2628 668 2693 illo,
682 2639 712 2678 ut
725 2639 802 2681 vocet
814 2627 926 2693 Statius,
943 2641 1074 2700 poemate.
1089 2629 1235 2693 Ceterum,

191 2714 294 2767 erudite
304 2717 408 2782 Lector,
421 2717 545 2788 quoniam
557 2735 585 2768 se
596 2716 746 2790 redarguere
754 2714 924 2768 Marllandus
934 2718 991 2787 ipse
1000 2735 1050 2768 nos
1059 2717 1165 2784 invitat,
1174 2714 1234 2767 ride

192 2804 310 2856 Maeonis
326 2801 469 2856 editionem
482 2818 599 2856 nostram
613 2804 726 2874 passim,
740 2804 787 2856 sed
800 2806 826 2856 in
841 2806 933 2875 primis
944 2804 1004 2858 Vol.
1018 2805 1078 2871 Vll,
1094 2823 1155 2875 pag.
1171 2820 1235 2873 279,

193 2893 257 2962 289,
272 2890 337 2960 328,
352 2891 419 2960 333,
435 2891 485 2964 357
500 2907 526 2945 et
539 2912 612 2966 seqq.
627 2907 708 2964 etque
722 2892 783 2963 659.

226 2980 346 3032 Invenies
359 2982 436 3033 etiam
450 2984 477 3033 in
489 2993 557 3034 nost.
573 2979 641 3032 Edit.
658 2982 798 3034 Porrsuuu
809 2982 899 3033 Lsrtu.
914 3000 1005 3034 ursos.
1019 2980 1076 3032 Vol.
1092 2983 1127 3046 Π,
1141 2999 1168 3050 p.
1182 2980 1235 3049 4¹7

193 3082 218 3120 et
230 3086 305 3140 seqq.
317 3069 370 3121 duo
381 3072 503 3123 Carmina
515 3072 606 3143 Lyrice
619 3068 698 3140 hujus
710 3073 737 3122 P.
752 3073 813 3141 Pup.
825 3070 912 3134 Statii,
925 3087 982 3138 quae
994 3067 1047 3120 illic
1057 3085 1181 3138 expressa
1193 3089 1236 3120 re-

192 3155 330 3228 liquimus,
344 3177 377 3210 ne
389 3161 575 3212 Wearsnouru
587 3177 645 3210 rara
657 3155 784 3210 Collectio
797 3155 874 3207 nobis
886 3168 1061 3222 truncaretur,
1074 3155 1182 3227 adjectis
1194 3159 1236 3208 in-

193 3265 273 3317 super
284 3263 378 3302 nostro
388 3251 455 3300 Duri
463 3247 585 3320 pluribus
597 3250 666 3299 notis
679 3261 705 3298 et
713 3247 789 3297 variis
802 3244 982 3310 Lectionibus,
994 3259 1024 3296 ut
1033 3243 1143 3316 plenum
1155 3247 1238 3314 foret,

194 3339 296 3406 quoties
309 3338 483 3390 lilarlrlandus
497 3337 596 3407 ingenii
610 3339 712 3406 impetu
724 3354 750 3387 se
764 3347 939 3385 transversum
955 3333 1041 3405 abripi
1051 3347 1195 3406 pateretur,
1211 3349 1238 3388 et

195 3423 325 3495 vulgatam
340 3425 493 3490 lectionem,
509 3427 569 3495 quin
583 3441 688 3474 sensum
704 3433 773 3473 recte
786 3441 838 3472 non
851 3421 1028 3488 intellexerat,
1042 3434 1139 3474 temere
1151 3435 1237 3475 muta-

195 3523 247 3564 tam
260 3513 438 3585 repudiavisse
449 3532 503 3564 non
514 3515 650 3564 timuisset.

557 3645 564 3664 ,
650 3600 729 3665 Vive,
741 3599 799 3651 vale
812 3609 838 3650 et
849 3597 985 3651 laboribus
996 3601 1094 3651 nostris
1107 3601 1174 3652 lave.

940 3713 973 3763 N.
986 3713 1015 3764 E.
1028 3711 1057 3762 L.
