2804 4490
211 282 276 358 214
372 278 507 342 NOTAE
531 280 579 341 ΙΝ
602 279 800 342 CARMEN
824 279 1091 344 SECUNDUM

210 402 293 458 Miles.
302 404 352 455 XI:
364 425 376 448 ι
384 403 582 474 Confestimque
591 402 708 456 discussa
717 407 791 475 pigra
802 406 903 474 quiete,
912 404 998 456 alacer
1007 421 1129 474 exsurgo.
1141 429 1151 452 ι
1162 407 1246 474 Quare

210 480 287 551 igitur
296 482 372 556 pipra
383 481 417 534 de
429 481 530 534 stadio?
545 483 588 535 vel
599 482 713 554 denique
726 481 859 555 quodnam
873 502 941 554 opus
952 483 1008 535 ullo
1021 482 1154 555 epitheto,
1168 503 1245 555 quum

210 565 273 616 satis
279 563 372 616 fuisset
378 563 486 631 dixisse,
494 583 572 636 quum
582 565 723 638 stediojasu
731 564 974 636 quiesessetilege,
985 589 996 612 a
1006 565 1096 632 Quum
1105 565 1189 617 stadio
1193 569 1246 637 jam

209 656 285 714 parta
298 646 409 714 quiesp·
429 645 519 716 virgil.
535 643 637 698 AEneid.
656 643 702 697 lih.
715 647 764 706 ΙΙΙ,
781 664 847 697 vers.
865 644 935 714 495:
952 646 1055 698 «Vobis
1073 661 1149 718 parta
1163 648 1249 717 quises

211 720 313 774 nullum
328 726 406 776 maris
420 742 509 796 equor
522 725 687 789 arandum;··
704 739 730 776 et
743 724 788 776 lib.
801 725 860 792 Vll,
874 744 939 777 vers.
953 725 1020 796 5983
1040 739 1115 778 «tarn
1129 725 1192 777 diro'
1202 726 1248 778 ioe·

210 801 279 856 deris
293 805 348 856 ictu
362 805 438 858 Parte
452 807 562 876 quiem
583 819 609 858 et
622 822 688 858 vers.
702 803 770 858 5052
788 807 887 858 «Parta
900 806 975 878 quies
994 806 1130 866 miserisss
1146 805 1248 872 Quinti-

209 881 308 946 lianus,
319 885 402 935 instit.
416 883 461 934 lib.
474 883 501 950 l,
518 902 576 954 cap.
592 901 601 935 1
618 905 623 934 :
640 905 651 928 a
662 885 722 936 Post
735 885 900 954 impetratam
912 883 1005 936 studiis
1018 887 1083 936 meis
1095 885 1208 955 quietem
1217 904 1244 946 ς·

209 960 346 1014 Claudisn.
361 963 394 1015 de
406 964 485 1015 Cons.
497 963 569 1014 Mall.
583 963 685 1016 Theoti.
698 982 765 1015 vers.
777 963 808 1014 61
820 987 826 1013 :

395 1069 518 1132 Postquam
526 1082 591 1132 parta
601 1069 680 1132 quies,
690 1081 714 1116 et
722 1083 837 1116 summurn
846 1081 911 1116 nacta
921 1086 1031 1117 cacumen

395 1140 445 1184 Jam
454 1155 533 1186 secura
543 1141 602 1201 petit
611 1142 725 1202 privatum
735 1138 806 1202 gloria
816 1152 919 1203 portum.

210 1233 395 1301 Germanicus,
407 1235 522 1314 Arateis:
539 1258 549 1282 s
561 1235 649 1287 Sinon
661 1248 735 1306 perta
743 1239 831 1308 quies,
843 1250 868 1288 te
877 1237 1002 1308 preside,
1014 1238 1150 1309 puppibus
1160 1257 1250 1309 equor

210 1313 363 1385 Cultorique
380 1314 455 1366 daret
471 1328 590 1377 terraw
606 1315 695 1386 virgil.
710 1319 772 1380 Vll,
794 1317 862 1386 598:
881 1319 970 1368 «Nam
987 1317 1052 1369 mihi
1065 1332 1140 1389 parta
1151 1321 1248 1389 ⁸quies,

211 1393 348 1464 omnisque
364 1395 391 1444 in
407 1393 496 1446 limine
511 1408 614 1465 portus.
631 1397 734 1445 Funere
751 1393 821 1446 felici
839 1393 973 1466 spolior„
990 1396 1037 1447 nbi
1053 1397 1135 1448 obiter
1153 1414 1249 1448 moneo

210 1472 402 1543 ineptissimum
421 1472 491 1525 istud
510 1487 536 1526 et
554 1476 610 1526 sine
629 1489 708 1525 sensu
726 1471 919 1540 hemistichon,
941 1477 1097 1548 somnisque
1115 1477 1143 1528 in
1160 1475 1249 1527 limine

211 1564 339 1622 portus,·
354 1552 418 1603 mihi
430 1553 654 1624 corruptissimum
666 1550 757 1602 videri.
769 1553 873 1604 Servius
886 1566 988 1618 tamen,
1005 1573 1052 1606 suo
1065 1573 1152 1620 more,
1167 1557 1249 1606 inter·

210 1643 337 1700 pretatur,
356 1631 430 1704 qnasi
446 1629 628 1683 intellexisset:
648 1629 802 1683 «Securitas
816 1633 915 1700 omnis,
929 1632 1027 1705 inquit,
1042 1635 1068 1684 in
1081 1647 1159 1704 portu
1178 1647 1247 1686 est.»

211 1708 360 1762 Secundum
372 1712 442 1763 hnnc
456 1712 536 1780 igitur
544 1721 634 1782 portus
645 1721 685 1760 est
693 1711 827 1774 securitas,
841 1724 867 1762 et
879 1711 960 1762 limen
972 1725 1011 1763 est
1020 1719 1122 1782 portus,-
1137 1713 1200 1783 quid
1212 1712 1250 1764 fa·

211 1793 264 1844 eins
276 1791 338 1844 hnic
350 1794 501 1863 interpreti,
513 1806 558 1843 sut
572 1809 624 1862 qno
637 1789 710 1841 nodo
722 1793 831 1842 tenensi
841 1791 911 1842 Alibi
923 1790 956 1843 de
968 1791 1092 1845 hocloco
1104 1793 1200 1846 dicam.

249 1971 288 2024 15.
311 1971 398 2022 Unum
411 1971 490 2022 litus.
504 1973 543 2020 lta
555 1969 674 2041 plurimes
684 1969 821 2024 editiones.
832 1971 948 2024 Gronov.
959 1973 1041 2024 Diatr.
1053 1992 1111 2044 cnp.
1126 1975 1171 2040 15,
1180 1974 1250 2044 frigi·

211 2047 292 2100 ditate
306 2048 414 2118 epitheti
427 2067 509 2100 unum
523 2049 656 2114 offensus,
671 2049 757 2119 primo
770 2045 872 2120 legebat
885 2069 981 2101 uncum
993 2051 1080 2118 Litus,
1091 2071 1141 2122 pro
1152 2072 1249 2104 unum:

211 2146 291 2200 quem
307 2131 464 2182 sententiam
476 2143 570 2200 postea
584 2133 707 2192 mutavit;
724 2144 750 2182 et
767 2131 880 2184 affirmat
893 2131 1003 2184 Statium
1017 2136 1153 2205 scripsisse
1171 2137 1250 2188 imum

210 2209 294 2260 Litusr
308 2210 449 2280 presertim
462 2227 544 2282 quum
556 2211 591 2260 ita
604 2207 703 2266 haheat
715 2213 794 2262 etiam
805 2209 859 2261 MS.
875 2209 1004 2262 Senensis.
1018 2211 1068 2263 Sed
1081 2211 1144 2264 mihi
1157 2231 1250 2284 nequa·

211 2307 289 2364 quarn
304 2288 463 2362 persuadet:
483 2289 543 2340 licet
556 2288 609 2340 hoc
624 2309 731 2364 quoque
751 2294 850 2362 ingerat
868 2289 974 2344 Elenclr.
989 2289 1130 2344 Antidiatr.
1150 2313 1211 2365 cap.
1227 2295 1250 2346 3.

210 2367 306 2422 Adhuc
322 2373 390 2424 enim
405 2369 465 2422 dico
482 2366 621 2444 epitheton
633 2372 714 2424 imum
726 2369 849 2444 frigidum
862 2389 918 2423 esse
933 2384 959 2422 et
973 2373 1100 2432 otiosum;
1119 2375 1221 2447 quippe
1233 2378 1254 2428 si

211 2449 319 2526 aliquod
331 2464 370 2502 est
387 2450 469 2504 imum
481 2449 557 2512 litus,
574 2469 662 2522 querno
676 2449 739 2521 quid
755 2447 789 2504 sit
803 2470 931 2504 summum
946 2451 1024 2503 litus?
1039 2450 1136 2503 adhoc
1149 2453 1196 2506 ille
1211 2475 1253 2508 re·

211 2531 336 2610 spondet,
351 2555 362 2578 ι
373 2551 503 2584 summum
515 2532 576 2584 litus
588 2546 649 2584 sunt
661 2532 762 2605 scopuli
775 2533 928 2606 pendentes.
940 2555 951 2579 ε
965 2535 1023 2583 lion
1035 2534 1115 2604 igitur
1126 2537 1148 2586 si
1160 2555 1253 2589 verum

210 2617 258 2682 sit,
268 2616 322 2686 jam
335 2631 426 2665 sensus
439 2611 583 2665 secundum
593 2611 758 2666 Gronovium
768 2613 812 2668 hic
825 2628 878 2667 est:
893 2613 1003 2687 iuferior
1010 2631 1070 2684 pars
1081 2613 1165 2668 litoris
1176 2621 1254 2670 inter-

210 2696 281 2748 venit
295 2693 391 2754 monti;
407 2693 523 2764 superior
535 2711 595 2765 pars
607 2691 691 2746 litoris
705 2693 738 2766 (i.
755 2713 778 2747 e.
794 2694 909 2767 scopuli)
923 2692 1075 2766 impendent
1092 2691 1172 2747 litori.
1186 2697 1252 2750 Ilinc

212 2773 359 2828 necessario
374 2773 503 2844 sequitur,
519 2785 548 2824 ut
563 2785 607 2822 nut
618 2773 669 2823 duo
683 2773 760 2825 litora
777 2771 902 2844 lingenda
919 2775 984 2840 sint,
1000 2786 1046 2824 aut
1061 2785 1090 2824 ut
1105 2771 1175 2825 idem
1193 2775 1253 2827 litus

211 2851 360 2925 impendeat
371 2853 419 2906 sibi
430 2853 478 2923 ipsi
483 2876 492 2915 ;
506 2871 618 2926 quorum
632 2855 760 2920 utrumvis
774 2856 860 2928 primo
874 2855 969 2905 intuitu
982 2851 1124 2905 absurdum
1139 2868 1188 2908 est.
1202 2857 1252 2907 lte-

211 2953 268 2984 rum
285 2933 346 2984 dico
360 2929 430 2985 istud
445 2933 525 2985 imum
543 2934 657 2984 otiosum
672 2951 744 2985 esse:
759 2952 814 2984 non
831 2935 900 2984 enim
917 2931 1059 2984 verendum
1075 2945 1129 2984 erat
1146 2935 1252 3004 nequis

210 3025 314 3082 putaret
325 3029 453 3064 summum
466 3011 526 3062 litus
541 3011 749 3061 interventurum
763 3029 820 3063 esse
834 3013 933 3064 irrorati:
950 3011 1002 3062 hoc
1014 3011 1083 3063 enirn
1095 3025 1165 3063 essct
1177 3031 1253 3064 mon·

211 3103 262 3143 tem
274 3091 431 3143 intervenire
443 3109 489 3142 seu
501 3093 599 3142 intrare
611 3100 636 3143 et
651 3089 740 3142 subire
751 3090 801 3143 sibi
814 3092 876 3164 ipsi,
890 3110 936 3142 seu
948 3093 1040 3150 monti.
1052 3090 1141 3141 Voluit
1156 3092 1252 3143 Statius

210 3168 297 3221 dicere
316 3170 377 3224 litus
391 3171 543 3243 simpliciter
555 3171 626 3241 (sine
642 3171 809 3226 distinctione
827 3173 933 3224 minime
951 3174 1100 3226 necessaria
1113 3177 1211 3225 summi
1228 3187 1253 3225 et

210 3245 274 3316 imi)
288 3247 368 3300 nebire
381 3261 504 3301 montem.
519 3249 612 3301 Noluit
626 3269 687 3302 vero
701 3249 771 3304 hanc
785 3245 877 3302 vocem
892 3249 953 3304 linis
966 3249 1085 3322 epitheto
1099 3249 1198 3302 nudam
1212 3271 1253 3304 re-

210 3325 346 3397 linquere:
361 3330 479 3398 scripsit,
493 3352 504 3374 ι
516 3333 650 3403 montique
663 3331 892 3384 interveniendum
903 3332 1011 3394 Litus„
1028 3342 1054 3382 et
1065 3327 1116 3383 hoc
1131 3351 1188 3382 non
1198 3335 1253 3384 ine·

209 3405 300 3477 legans
314 3419 353 3458 est
367 3420 393 3458 et
404 3424 478 3478 paene
494 3412 669 3463 necessarium
683 3433 689 3463 ε
707 3412 816 3464 affectat
830 3413 900 3463 enirn
915 3411 1078 3476 antitheton,
1089 3411 1251 3482 opponendo

209 3494 323 3534 montem
335 3497 361 3536 et
373 3483 434 3537 litus
445 3485 525 3536 udum
532 3509 541 3548 ‚·
556 3501 583 3540 et
596 3500 667 3541 recte
680 3489 754 3542 addit
766 3491 862 3556 udum,
876 3503 906 3542 ut
920 3487 1042 3543 ostendat
1054 3493 1167 3561 spatium
1183 3489 1252 3542 istud

209 3561 281 3636 quod
294 3561 389 3616 fluetus
399 3565 477 3616 maris
487 3565 619 3622 interdurn
631 3585 780 3642 occupant,
794 3591 875 3644 quum
885 3589 935 3623 vox
949 3571 1008 3622 litus
1020 3569 1162 3644 aliquando
1176 3573 1252 3644 signi-

208 3641 268 3694 licet
277 3641 363 3695 solum
374 3643 445 3714 quod
456 3644 570 3696 uicinum
580 3647 649 3698 mari
656 3662 708 3715 cst,
719 3669 773 3702 non
781 3665 884 3702 tantum
892 3649 964 3724 quod
974 3669 989 3700 a
999 3649 1123 3702 fluctibus
1131 3649 1251 3702 alluitur:

208 3719 267 3773 vide
276 3724 349 3792 Virg.
360 3723 461 3775 AEncid.
473 3725 516 3791 IV,
529 3743 594 3790 ntn,
604 3739 630 3776 et
642 3727 772 3797 Servium,
785 3742 810 3781 et
821 3731 911 3782 Horat.
928 3748 1007 3780 curm.
1021 3733 1067 3796 ΙΙΙ,
1080 3729 1110 3796 l:
1127 3753 1137 3776 s
1149 3745 1252 3782 arentes

208 3821 300 3855 arenas
315 3803 409 3854 Litoris
422 3805 553 3878 Assyrii3·
572 3825 653 3880 quum
671 3822 759 3860 tamen
776 3812 880 3882 Assyria
897 3828 950 3861 non
968 3811 1001 3862 sit
1018 3813 1089 3881 regio
1104 3811 1251 3870 maritima‚·

209 3879 267 3936 vide
276 3883 421 3938 Bentleium
432 3885 465 3937 ad
475 3884 577 3954 locum,
590 3899 615 3939 et
623 3887 693 3959 Virg.
706 3891 763 3942 AEn.
773 3889 819 3955 ΠΙ,
831 3889 888 3942 135.
899 3891 969 3942 liene
980 3893 1072 3960 igitur,
1083 3891 1144 3944 litus
1155 3893 1233 3944 uduns
1244 3913 1250 3940 .·

206 3975 232 4012 ct
246 3962 298 4014 hoc
312 3978 468 4035 perpetuum
484 3977 521 4018 cst
536 3965 619 4019 litdris
633 3968 729 4020 murini
741 3966 885 4038 epitheton.
902 3969 1013 4034 Noster,
1026 3970 1086 4020 Sile.
1101 3971 1148 4034 ΙΙΙ,
1165 3990 1186 4036 r,
1200 3969 1233 4021 68
1246 3993 1249 4001 ·
