2824 4488
398 351 528 416 LIBRI
552 352 723 415 TERTII
747 350 998 415 SILVARUM.
1154 351 1218 415 363

178 487 287 548 dixisse,
298 481 361 556 quid
372 481 404 553 (i.
416 501 439 534 e.
449 479 593 555 quantum)
602 479 724 532 Ausonioe
732 489 842 532 monete
851 483 974 552 seriptum
985 493 1085 552 crepet,
1098 499 1150 532 non
1161 461 1220 556 ipne

177 565 316 636 seriptum:
332 563 455 634 scriptum
469 563 537 613 enirn
553 573 592 611 eet
606 561 750 634 sipnntum,
768 559 935 632 inscriptione
949 571 1077 611 notatum.
1094 560 1218 611 Prudent.

178 642 339 714 peristeph.
353 646 389 708 u,
403 659 464 713 ¹¹7²

455 739 478 785 is
486 739 535 800 ipse
545 748 634 783 tantum
643 753 688 784 non
698 737 768 784 habet

454 812 618 872 Argenteomm
628 810 775 870 unigmatum

455 884 583 941 Augustus,
593 895 669 925 arcem
679 879 814 941 possidens,

454 952 497 996 Cui
506 965 612 996 nummus
621 952 695 996 omnis
705 951 825 996 scribitur:

177 1059 193 1108 i.
208 1075 229 1106 c.
243 1055 368 1126 sinuatur,
380 1047 537 1119 χαράσσεται.
550 1051 673 1121 Scripsit,
685 1051 791 1120 opinor,
803 1049 913 1104 Statius:
929 1073 939 1094 o
951 1047 1015 1120 quid
1027 1049 1148 1100 Ausoniae
1158 1051 1219 1098 scri·

177 1149 252 1207 ptum
266 1147 357 1204 crepet
373 1151 418 1184 orc
432 1129 582 1192 Monetae31·
601 1130 687 1202 «quid
699 1132 826 1202 scriptum
839 1148 884 1181 ore
898 1130 1021 1180 Ausoniae
1035 1129 1148 1180 Monetae
1162 1146 1220 1178 cre·

178 1227 238 1286 pet,
249 1237 260 1258 n
274 1211 302 1262 id
316 1225 372 1278 est,
384 1221 512 1281 quantum
526 1228 710 1274 nummorum,
724 1211 842 1260 Romanu
855 1222 919 1260 nota
934 1209 1111 1278 signatorum,
1124 1208 1149 1257 in
1162 1225 1219 1256 ruo·

178 1294 244 1344 netis
255 1305 280 1342 et
291 1289 403 1341 officinis
412 1289 580 1359 Imperatoris
589 1307 744 1358 percussum
754 1289 795 1340 sit.
806 1287 913 1340 Moneta
924 1301 964 1341 est
973 1289 1027 1339 Dea
1037 1297 1219 1346 emmonem,-

176 1367 246 1422 unde
259 1369 338 1436 benc,
351 1382 380 1420 ut
391 1368 424 1420 de
435 1387 562 1440 persona,
576 1367 649 1420 addit
663 1387 713 1420 ore.
727 1367 837 1439 Insignis
851 1368 884 1421 de
895 1368 946 1420 hae
957 1367 1013 1420 Dea
1024 1365 1099 1418 iocus
1110 1365 1218 1416 Martia-

176 1449 224 1514 lis,
239 1452 283 1522 qui
298 1449 448 1501 criticorum
463 1449 568 1519 ingenia
581 1466 748 1518 summopere
760 1449 890 1515 excreuit,
905 1450 986 1520 epigr.
1002 1452 1029 1516 1,
1044 1465 1087 1517 ῃ,
1101 1445 1147 1496 ubi
1162 1444 1217 1494 vat.

177 1531 299 1582 Flaccum
312 1549 326 1581 a
340 1528 428 1582 studio
440 1531 558 1600 poetices
571 1525 741 1580 dehortaturi

361 1635 449 1681 Pierios
458 1633 529 1680 disier
537 1645 665 1696 cautusque
675 1633 807 1695 chorosque
817 1649 938 1688 sororum

392 1706 428 1750 AEs
438 1704 501 1750 dabit
511 1721 538 1751 ex
548 1703 593 1750 illis
602 1703 664 1752 nuile
674 1703 751 1766 puelia
761 1705 809 1750 tibi.

361 1774 421 1836 Quid
429 1776 489 1837 petis
499 1792 512 1820 a
520 1773 608 1821 Phoebo
616 1777 626 1820 i
635 1789 741 1820 nummos
752 1773 821 1820 habet
830 1791 883 1820 arca
891 1775 1001 1820 Minerva:
1011 1789 1016 1817 ι

391 1847 525 1910 trecepti,
536 1846 585 1892 lucc
596 1863 677 1893 omnes
686 1846 785 1892 ioenerat
794 1862 839 1891 une
849 1847 920 1892 Deos.

176 1951 235 2001 Hac
251 1949 369 1998 omnium
384 1945 456 1998 MSS.
475 1959 501 1997 et
517 1944 589 1998 editt.
605 1946 699 2014 lectio,
719 1958 831 1997 testante
850 1945 995 2005 Scriverio;
1009 1956 1050 2010 et,
1065 1943 1140 2014 quasi
1155 1945 1217 1995 satis

175 2028 245 2082 saiva
260 2029 366 2093 omnia,
379 2045 466 2077 orcam
479 2026 605 2078 Mineruae
618 2039 664 2078 aut
680 2039 837 2097 praetereunt
849 2028 1022 2096 interpretes,
1037 2035 1083 2074 aut
1091 2024 1218 2093 jurispru-

175 2108 289 2160 dentiam
302 2106 499 2177 intelligendam
511 2125 568 2158 esse
580 2095 680 2158 dicuni.
694 2107 775 2178 Atqui
787 2109 918 2176 primum,
931 2107 990 2175 quia
1002 2123 1048 2156 eos
1060 2103 1152 2156 docuit
1163 2104 1217 2153 Mi·

175 2206 282 2239 nerum
301 2205 355 2240 esse
369 2187 528 2258 peculiarem
540 2185 780 2258 jurisconsultorum
799 2186 956 2257 presidem?
975 2184 1091 2236 omnium
1111 2181 1216 2254 quidem

176 2265 322 2318 liberalium
335 2279 359 2317 et
370 2267 567 2335 ingeniosorum
579 2267 673 2317 artium
687 2267 783 2316 fautrix
795 2265 838 2316 iiia
851 2267 920 2326 Dea3
934 2265 978 2316 sed
991 2284 1045 2316 non
1057 2262 1119 2315 iude
1131 2264 1218 2334 sequi·

175 2362 220 2399 tur
230 2365 317 2398 arcam
328 2347 454 2398 Minervoe
465 2345 592 2397 denotare
597 2347 829 2418 jurisprudentiarn
839 2347 921 2415 magis
934 2364 1013 2416 quom
1026 2345 1178 2404 textrinum
1190 2357 1216 2394 et

175 2445 255 2498 quare
267 2445 328 2478 arco
340 2427 479 2492 Minerua,
492 2428 514 2477 si
525 2425 558 2476 de
564 2425 721 2496 jurisperitis
732 2443 817 2478 sermo
829 2426 881 2478 sit?
892 2424 953 2491 sed,
967 2423 1040 2496 quod
1052 2423 1216 2494 precipuum

175 2521 229 2572 cst,
243 2506 379 2578 quomodo
391 2508 509 2558 Minerva
516 2507 632 2576 foerrerot
643 2524 730 2558 onmes
742 2507 825 2560 Deos?
836 2505 888 2558 hoc
897 2507 1047 2575 βιρβαρίζιι,
1060 2506 1145 2574 iuquit
1158 2503 1216 2553 Sea·

175 2587 247 2656 liger,
261 2601 288 2638 et
299 2585 361 2657 legit
376 2585 450 2653 Deis,
466 2588 578 2638 mirante
593 2587 738 2651 Seriverio,
755 2588 801 2656 qui
815 2586 923 2656 vulgatu
935 2585 1049 2638 adhaeret
1063 2597 1088 2635 et
1103 2581 1215 2652 explicat

171 2665 286 2736 funerat
298 2684 349 2736 pro
363 2665 506 2736 defenerut
518 2667 572 2717 sive
582 2665 687 2735 foenone
703 2665 822 2716 exhaurit
832 2665 907 2716 Deos.
926 2667 1022 2716 lterum
1037 2680 1142 2734 quaem,
1161 2680 1214 2732 quo

177 2763 254 2797 senon
265 2746 396 2813 Minerva,
406 2745 614 2818 jurisprudentite
625 2739 771 2796 secundum
785 2763 829 2796 eos
840 2745 894 2795 Dea
902 2783 910 2812 7
918 2744 1021 2815 foenone
1031 2743 1151 2794 exhaurit
1160 2761 1215 2792 otn-

177 2841 222 2876 nes
233 2825 320 2876 Deos?
333 2827 495 2896 ineptissima
508 2823 564 2875 haec
576 2821 640 2874 mihi
652 2822 782 2874 videntur.
792 2824 833 2874 Tu
847 2821 922 2895 lege,

359 2931 420 2990 Quid
428 2932 489 2992 petis
498 2947 511 2975 a
521 2928 608 2976 Phoebo
616 2931 627 2974 i
635 2943 742 2974 nummos
750 2927 821 2974 habet
829 2943 883 2974 erca
891 2929 991 2976 Moneta
1000 2945 1006 2981 ;

389 3003 443 3047 Huc
452 3003 525 3064 sapit,
535 3000 584 3046 haec
594 3012 676 3046 omnes
685 3011 797 3060 temperat
806 3016 852 3045 una
861 3002 935 3046 Deos:

175 3119 251 3154 sensu
264 3103 423 3173 perspicuo:
438 3103 547 3170 sQuare
559 3102 626 3171 petie
643 3119 657 3152 a
674 3098 794 3151 Phoebo?
809 3101 917 3151 Moneta
933 3099 1020 3168 potius
1035 3094 1083 3148 tibi
1097 3095 1214 3165 roganda

174 3179 236 3230 fuit:
249 3177 307 3232 hee
317 3181 403 3246 onim,
413 3195 467 3232 non
477 3179 606 3244 Phoebus,
618 3181 773 3250 sapientiem
783 3178 882 3230 donat:
896 3177 965 3240 hac,
977 3175 1039 3228 licet
1049 3194 1103 3226 una
1112 3189 1214 3227 tantum

174 3259 501 3325 sit‚tamenomnes1)eos
513 3259 667 3312 moderatur
680 3271 706 3311 et
719 3261 783 3332 repit
789 3281 799 3320 ‚·
809 3282 820 3304 ι
835 3256 887 3310 hoc
902 3258 972 3310 enirn
984 3269 1024 3308 eet
1035 3265 1174 3328 temperat,
1185 3269 1214 3307 ut

175 3355 249 3410 sepe.
265 3339 398 3409 Scriptum
413 3355 469 3392 erat
483 3343 597 3411 riporum·
615 3340 701 3405 unde,
714 3341 848 3410 frequenti
860 3340 917 3390 sice
932 3337 1066 3390 literarum
1081 3348 1130 3388 tet
1142 3336 1178 3407 f,
1195 3355 1214 3406 p

174 3431 200 3468 et
214 3433 246 3482 n,
255 3417 377 3488 fenerat,·
393 3421 468 3491 quod
484 3423 604 3473 Lauuum
619 3439 674 3472 non
689 3434 744 3486 est,
757 3440 818 3473 cum
831 3419 866 3486 uqi
883 3421 950 3472 Deos
965 3420 1146 3487 conjunctum.
1164 3415 1214 3468 sect

174 3493 227 3547 inec
242 3496 343 3561 obiter3
358 3497 420 3549 licet
432 3517 485 3550 non
500 3517 610 3570 prorsus
626 3499 711 3550 aliena
723 3499 786 3551 huic
798 3500 871 3552 Statii
886 3499 956 3551 loco.
972 3499 1060 3550 Heius.
1075 3496 1109 3548 ad
1120 3493 1213 3548 Claud.

174 3574 250 3646 Rapt.
265 3579 340 3628 Pros.
354 3579 406 3643 111,
421 3577 488 3645 386,
501 3581 537 3630 ita
549 3580 627 3630 citat:
646 3579 732 3645 «Quae
744 3580 839 3631 Divum
853 3580 879 3629 in
893 3579 982 3631 vultus
994 3578 1049 3647 igni
1060 3577 1172 3628 formata
1186 3572 1214 3623 li-

175 3671 282 3724 quescat
294 3657 433 3712 Machina:
446 3683 457 3707 ι
472 3663 604 3712 memorie
618 3660 702 3730 lapsu.

210 3832 266 3885 107.
287 3819 323 3870 Et
335 3837 466 3890 nunquam
482 3818 540 3872 leto
550 3818 685 3893 profundo
699 3821 764 3870 Cura
776 3837 854 3870 mero.
867 3819 968 3870 Merum
984 3817 1144 3889 profundum
1160 3833 1213 3865 nnn

171 3894 223 3946 diei
239 3908 330 3967 potest
343 3896 434 3949 indere
449 3916 541 3962 curam
557 3901 657 3970 quippe
671 3898 784 3969 Dissipat
801 3901 880 3952 Euius
892 3917 964 3950 curos
976 3899 1062 3949 celoces
1067 3919 1077 3958 ,·
1091 3910 1132 3960 et,
1148 3898 1214 3945 Cura

166 3975 240 4047 fuqit
251 3976 336 4030 multo
347 3977 507 4050 diluiturque
518 3997 603 4044 mero,
617 3992 645 4030 ut
659 3980 730 4029 canit
744 3979 820 4030 Ovid.
837 3980 893 4030 Art.
907 3979 992 4030 Amat.
1005 3980 1032 4041 1,
1046 3977 1105 4028 238.
1119 3975 1215 4041 Gonje-

171 4073 274 4122 ceram‚
287 4075 422 4128 nunquam
436 4056 494 4110 teu
504 4057 637 4130 profundo
648 4061 713 4110 cura
724 4075 807 4124 mero,
820 4057 845 4108 iri
857 4070 909 4119 ost,
924 4055 1011 4108 letata
1022 4067 1046 4106 et
1060 4055 1118 4106 ieta
1124 4054 1215 4126 facta,-
