2850 4488
405 324 535 390 LIBRI
560 324 743 408 QUARTl
768 325 1017 392 SILVARUM.
1159 329 1223 408 465

197 469 241 504 sus
256 448 395 504 verborum
404 447 524 519 proavita
535 463 595 498 ntra
606 447 708 508 abiisse,-
721 445 767 500 sed
780 437 990 519 quia'erplicabit
1002 451 1066 518 ista,
1079 465 1132 506 toto
1143 455 1227 508 mari?

197 529 270 603 quod
287 530 355 582 enim
373 529 409 580 ait
421 525 585 591 Gronovius,
604 528 672 578 mati
691 527 848 598 Vemoioqtte
865 527 1022 600 afferentia,
1040 542 1065 582 et
1082 528 1122 584 bie
1139 533 1225 586 verbis

196 626 333 680 nunquam
344 606 413 658 ellici
424 617 520 677 potest.
530 606 585 656 Hoc
594 623 702 659 monere
713 623 762 658 neo
774 605 889 676 neglexi3
902 605 966 658 nihil
978 609 1045 659 enim
1058 606 1131 660 aliud
1142 615 1225 682 potui.

197 688 400 760 Corruptissime
414 703 470 738 aeae
483 685 612 756 auspicor.

233 867 275 920 ⁸5.
294 864 390 920 Procul
401 865 449 918 ista
461 866 509 917 tuis
522 863 624 936 Tifata,
642 863 734 928 Teate,
747 864 803 916 Nec
817 863 978 915 Marrucinos
988 875 1051 937 aqut
1062 861 1116 917 hoec
1128 866 1229 920 insania

163 979 165 986 ·
195 959 303 1002 montes.
320 949 360 999 lta
374 945 506 1018 pleraeque
520 942 664 997 editiones:
681 961 731 995 nec
748 941 892 1014 quidquam
906 944 1061 996 mutandum
1075 961 1164 1000 censet
1178 949 1230 1002 Ge-

197 1030 310 1094 tertius,
318 1028 381 1097 Pap.
391 1027 463 1076 leot.
476 1027 518 1089 tv,
532 1041 555 1093 7.
565 1022 707 1075 Videamus
717 1040 770 1094 quo
779 1025 838 1093 jure
849 1021 905 1075 heo
917 1041 944 1075 se
954 1037 1083 1077 tueantur.
1097 1029 1167 1080 alata
1176 1041 1230 1082 tam

198 1108 288 1178 gravia
301 1105 394 1177 procul
408 1106 461 1156 sint
478 1106 545 1172 tuis,
566 1121 583 1154 o
596 1104 698 1169 Tifata,
719 1122 735 1155 o
748 1104 862 1155 Teate·
881 1102 969 1171 Quid?
985 1107 1051 1157 tuit?
1062 1107 1143 1160 immo
1160 1123 1233 1163 certe

198 1186 298 1246 vestrisr
313 1187 350 1237 ita
363 1186 432 1237 enim
443 1183 578 1256 postulant
591 1182 644 1235 duo
658 1184 768 1235 nomina
783 1181 873 1253 Tifata
885 1195 911 1235 et
924 1183 1010 1237 Teate.
1022 1183 1064 1237 Ob
1078 1186 1161 1256 hanc,
1175 1192 1233 1261 opi·

198 1283 257 1330 nor,
275 1267 404 1316 rationem
420 1262 464 1316 alii
479 1263 582 1335 legunt,
598 1262 712 1334 eprooul
728 1263 780 1315 ista
795 1264 846 1315 tuit
862 1263 915 1315 sint
928 1264 997 1330 fata,
1008 1267 1103 1331 Teate3
1113 1290 1125 1314 ι
1139 1267 1233 1322 melius
1333 1315 1337 1322 .

198 1343 250 1396 hoc
264 1363 344 1415 quam
357 1342 437 1408 illud;
451 1361 500 1396 nee
514 1357 602 1394 tamen
616 1361 648 1394 ex
661 1353 718 1394 toto
732 1339 860 1413 probum3
875 1343 974 1413 quippe
986 1339 1014 1394 ed
1024 1341 1084 1396 ariri
1098 1344 1139 1397 bis
1152 1345 1230 1400 dicit:

201 1445 213 1468 a
221 1424 270 1476 ista
281 1423 382 1476 insania
394 1425 428 1475 sit
439 1419 533 1493 procul
544 1439 560 1472 a
571 1422 623 1472 tuis
633 1420 781 1484 montibus,
794 1438 810 1470 o
820 1422 915 1483 Teate;
933 1438 983 1472 nec
996 1434 1057 1492 agat
1067 1423 1231 1478 Marrucinos

200 1513 336 1564 montes-,n
349 1503 422 1574 atqui
432 1501 511 1554 Teate
520 1512 574 1552 erat
585 1497 714 1571 oppidum
723 1500 949 1560 Marrucinorum
961 1499 1005 1552 sit.
1017 1499 1072 1552 ltal.
1083 1503 1155 1568 Vlll,
1168 1502 1231 1575 519:

380 1603 514 1650 Marrucina
522 1601 591 1650 timul
599 1602 719 1649 Frentanis
729 1600 809 1648 emula
818 1600 893 1663 pubes

384 1675 470 1721 Corfini
478 1673 591 1736 pupulos,
601 1688 755 1736 magnumque
764 1675 835 1719 Teate
845 1670 962 1718 trahebat:

201 1771 267 1826 adeo
278 1787 309 1825 ut
319 1771 385 1825 nihil
396 1784 550 1843 promoveat
562 1787 669 1824 sensum
679 1769 777 1841 duplex
791 1769 907 1840 ejusdem
919 1771 958 1822 rei
969 1773 1076 1823 mentio.
1087 1774 1117 1825 ln
1126 1776 1233 1828 Domitii

200 1853 335 1906 codicibus
350 1865 405 1905 erat
417 1850 545 1922 tumfata,
559 1850 632 1903 unde
645 1849 689 1903 ille
702 1851 766 1903 fecit
780 1849 884 1922 Tifata3
897 1853 925 1902 in
938 1851 1071 1905 Parmensi
1082 1867 1135 1921 est,
1151 1870 1233 1912 «tttos

199 1934 281 1986 inlata
293 1932 401 1994 theanc;
411 1955 422 1978 ι
431 1933 523 1982 Venet.
540 1930 652 2002 ·procut
667 1932 719 1983 ista
732 1943 792 1981 tuos
805 1929 888 1981 inlata
904 1942 984 1981 reate.
993 1953 1005 1977 ι
1020 1931 1102 2002 Lege,
1121 1936 1234 2006 «procul

199 2013 250 2064 ista
262 2011 308 2064 tibi
322 2013 374 2064 sint
388 2011 456 2076 lata,
472 2009 562 2062 Teate.
573 2033 585 2056 a
604 2007 702 2064 Procul
717 2008 763 2062 tihi
778 2022 809 2060 ut
821 2007 906 2060 Theb.
920 2007 967 2060 lib.
978 2011 1027 2076 lll,
1039 2030 1063 2063 v.
1075 2009 1140 2079 666,
1155 2036 1166 2060 ι
1174 2033 1235 2086 pro·

199 2091 242 2143 cul
257 2090 312 2144 haec
324 2090 372 2142 tihi
385 2088 470 2142 mollis
484 2089 585 2154 lnhrle,
599 2087 762 2162 terrificique
774 2089 857 2141 aberit
867 2086 997 2141 dementia
1008 2089 1111 2154 Phoebi;
1122 2117 1134 2141 ι
1147 2095 1233 2147 Auso-

198 2169 276 2236 nius,
294 2168 377 2239 Epist.
396 2167 490 2232 XXIV,
511 2167 559 2235 60,
580 2169 719 2220 «Romana
738 2164 833 2239 procul
851 2167 899 2218 tibi
913 2168 1020 2219 nomine
1038 2183 1125 2222 sunto.
1136 2195 1148 2218 a
1163 2174 1233 2226 Rene

199 2259 288 2298 autem
302 2247 424 2299 observet
435 2246 587 2312 Getartius,
601 2245 711 2299 Statium
727 2259 818 2318 optare
830 2257 860 2297 ut
872 2264 888 2296 a
898 2241 1055 2300 Manum‘ttis
1069 2251 1233 2320 potissimum

200 2329 299 2400 campis
317 2327 373 2380 hee
386 2329 468 2400 pestis
486 2341 632 2395 avertatur,
652 2325 712 2398 quia
727 2327 764 2380 ibi
777 2327 917 2380 Marcellus
934 2332 1114 2399 possessiones
1131 2329 1232 2386 habuit.

199 2407 303 2479 Colligit
316 2407 369 2459 hoc
384 2425 414 2460 ex
427 2407 525 2474 Plinio,
545 2409 611 2459 llist.
626 2407 687 2459 Nat.
704 2407 791 2474 xvfl,
806 2404 855 2473 25,
872 2405 919 2458 nbi
932 2409 1026 2458 miram
1039 2406 1174 2462 historiam
1192 2429 1235 2464 re-

199 2488 265 2555 fert,
279 2505 358 2560 quam
375 2489 453 2541 etiam
466 2501 554 2540 namet
566 2486 612 2539 lib.
626 2487 665 2554 ll,
679 2505 703 2538 c.
717 2487 767 2554 83,
781 2485 821 2539 hia
832 2485 935 2554 verbisr
948 2487 1031 2538 nNon
1042 2490 1128 2541 minus
1139 2491 1233 2542 mirum

201 2578 331 2618 ostentum
347 2579 372 2618 et
382 2578 473 2617 nostre
484 2567 608 2637 cognovit
619 2576 695 2632 etas,
709 2580 779 2616 anno
791 2563 904 2614 Neronis
916 2563 1042 2634 principis
1054 2583 1176 2637 supremo
1186 2567 1235 2638 (si-

201 2653 246 2694 cut
263 2645 290 2694 in
307 2640 386 2693 rebus
404 2644 460 2711 ejus
480 2641 677 2713 exposuimus),
697 2642 780 2713 pratis
795 2639 927 2710 oleisque,
940 2640 1116 2696 intercedente
1129 2647 1169 2696 via
1184 2663 1235 2716 pu·

199 2721 287 2784 blica,
299 2723 327 2771 in
341 2722 486 2774 contrarias
500 2720 576 2774 tedes
590 2721 771 2790 transgressis,
782 2723 810 2772 in
822 2738 885 2790 agro
897 2719 1059 2789 Marrucino,
1069 2722 1174 2793 praediis
1183 2727 1235 2777 Ve-

201 2801 248 2851 ctii
261 2797 394 2861 Marcelli,
408 2798 509 2870 liquida
519 2799 649 2863 Romani,
661 2815 702 2849 rea
717 2799 830 2849 Neronis
842 2797 1015 2869 procurantis.
1026 2820 1037 2844 ιι
1053 2800 1112 2850 lem
1124 2801 1235 2853 alterum

199 2877 291 2930 locum
302 2876 435 2928 videamus
445 2875 490 2928 lib.
500 2877 584 2942 XVll,
595 2875 641 2942 25,
654 2875 856 2947 «superomnia
867 2893 925 2946 que
935 2891 1051 2945 unquam
1062 2876 1152 2931 audita
1160 2892 1236 2946 aunt,

202 2959 252 3010 erit
263 2955 414 3029 prodigium
428 2957 454 3008 in
468 2967 559 3008 nostro
577 2973 631 3008 evo
649 2956 761 3008 Neronia
780 2956 905 3027 principie
920 2955 995 3006 ruina
1012 2955 1111 3007 factum
1125 2959 1151 3010 in
1171 2975 1235 3029 agro

202 3035 369 3096 Marrucino;
382 3035 466 3087 Vectii
481 3031 601 3086 Marcelli
615 3052 629 3084 e
643 3034 733 3104 primis
748 3035 875 3103 equestria
889 3029 988 3084 ordinis
1004 3032 1100 3086 oliveto
1114 3037 1236 3088 universo

203 3115 270 3166 viam
281 3111 415 3185 publicam
430 3125 607 3186 transgresso,
622 3115 741 3184 nmisque
755 3112 816 3166 inde
833 3131 847 3164 e
861 3113 994 3163 contrario
1006 3113 1033 3163 iu
1047 3110 1135 3166 locum
1149 3113 1237 3169 oliveti

203 3194 336 3265 proiectis.
347 3215 359 3240 ι
372 3196 519 3265 Utrumque
532 3193 620 3246 locum
632 3190 746 3258 adduxi,
760 3204 789 3244 nt
801 3191 867 3244 ulter
878 3191 1101 3263 inquinatissimus
1113 3213 1144 3247 ex
1155 3193 1237 3249 altero

205 3270 400 3326 emendaretur:
416 3275 517 3344 quippe
533 3291 599 3344 pro,
616 3275 663 3324 ain
676 3283 768 3324 nostro
781 3290 835 3324 aevo
849 3272 960 3324 Neronis
974 3272 1099 3343 principis
1110 3277 1184 3328 ruina
1197 3278 1238 3329 fa-

206 3367 311 3419 otum,·
325 3351 397 3424 quod
405 3353 482 3405 nihili
491 3366 543 3419 est,
552 3353 631 3425 plane
640 3351 794 3422 legendum,
808 3353 856 3403 ain
865 3365 956 3404 nostro
966 3371 1034 3418 sevo,
1045 3371 1115 3405 enno
1125 3356 1237 3410 Neronis

205 3433 329 3504 principia
343 3451 480 3504 supremo,
493 3431 593 3486 lactum
605 3433 633 3484 in
644 3449 708 3503 affro
721 3433 880 3485 Marrucino.
893 3454 904 3477 ι
917 3433 991 3483 Patet
1002 3430 1054 3483 hoc
1066 3451 1097 3485 ex
1108 3453 1200 3502 sensu,
1213 3450 1239 3488 et

206 3511 266 3564 loco
278 3513 353 3583 priua
367 3510 498 3575 adducto,
517 3513 640 3564 nimirum
654 3530 705 3563 voa
718 3531 787 3565 anteo
802 3508 934 3563 exciderat
945 3509 988 3563 tel
1001 3509 1126 3582 absorpta
1140 3527 1195 3565 erat
1211 3517 1239 3567 in

205 3588 371 3660 precedente
383 3607 450 3651 oeuo;
463 3604 488 3642 et
500 3592 585 3662 prima
597 3589 670 3644 litera
678 3589 722 3641 eet
733 3607 849 3661 reprenso
861 3588 1028 3642 emittebatur
1040 3592 1066 3642 in
1077 3592 1241 3662 precedente

205 3669 342 3741 principia
361 3668 431 3722 unde
446 3688 476 3722 ex
490 3687 596 3742 apremo
615 3667 735 3722 fecerunt
751 3667 892 3722 absurdum
912 3668 982 3721 istud
999 3671 1083 3721 mina.
1099 3673 1158 3722 Non
1174 3672 1241 3724 bene

206 3765 283 3813 vero,
296 3748 401 3818 opinor,
413 3747 486 3800 huuc
496 3749 617 3801 Vectium
630 3746 784 3800 Marcellum
796 3760 897 3820 patrem
910 3751 1019 3802 Victorii
1029 3749 1148 3802 Marcelli
1161 3753 1244 3803 nostri

207 3826 272 3878 lacit
281 3827 435 3880 Getartiua:
450 3831 548 3900 quippe
561 3840 636 3900 pater
646 3829 756 3880 Victorii
767 3826 885 3879 Marcelli
891 3829 999 3900 juvenis
1009 3839 1064 3879 erat
1076 3829 1180 3898 quando
1193 3829 1244 3879 hoc

209 3923 315 3960 carmen
329 3907 454 3978 scripturn
471 3907 536 3968 fuit3
555 3927 578 3960 v.
595 3900 763 3977 74,“«Surge
784 3905 909 3978 agedum,
926 3909 1101 3977 juvenemque
1119 3924 1185 3976 puer
1200 3906 1247 3957 de-

205 3984 308 4058 prende
321 3999 496 4058 perentemm·
512 3989 585 4060 atqui
596 3989 619 4044 ai
629 3989 741 4044 Neronis
753 3999 909 4058 procurator
920 3987 1025 4052 fuisset,
1041 3987 1165 4055 temporis
1180 3988 1248 4038 ratio

301 4058 330 4122 Ι.
1063 4059 1103 4122 3ο
