2804 4490
187 279 245 344 ω,
359 337 362 349 ,
430 283 465 346 r.
491 285 527 378 ¹3·
553 281 705 346 sumu
730 281 974 349 sumnum

226 407 404 493 Nobilites3
417 432 480 477 nee
491 411 585 500 origo
596 405 692 490 latet,
703 407 763 476 sed
772 409 848 476 luce
860 427 1021 505 sequente
1117 481 1121 490 ,

225 520 390 600 Vincitur,
401 534 437 585 et
448 542 570 610 magno
582 517 706 609 gaudet
716 521 856 587 cessisse
867 523 993 613 nepoti.
1190 552 1225 606 7⁰

225 632 336 696 Prima
346 645 433 720 togae
444 631 568 696 virtus:
582 626 639 696 illa
649 652 786 725 quoque
797 629 924 714 clerus,
937 648 971 699 et
980 634 1100 725 ingens

224 739 367 834 Eloquio
379 767 386 805 ε
400 763 478 808 mox
490 742 676 808 innumeris
690 743 833 810 exercite
845 745 981 828 castris,

224 849 404 933 Occidens,
417 853 609 945 primasque
621 849 754 934 domos,
767 868 801 919 et
811 851 882 921 soie
894 843 959 921 sub
969 858 1062 922 omni

225 963 412 1029 Promeruit
419 959 532 1053 jurata
542 984 663 1029 manus
674 989 683 1044 3
696 964 806 1031 necin
819 965 887 1031 otia
897 966 991 1057 pacis

224 1073 428 1139 Permissum
439 1068 552 1138 laxare
563 1073 710 1153 animos,
723 1072 921 1167 ferrumque
932 1077 1075 1167 recingi:
1189 1087 1223 1160 75

223 1185 322 1248 Hunc
332 1178 461 1248 Galatia
472 1183 588 1271 vigens
598 1203 683 1248 ausa
693 1197 745 1248 est
755 1185 923 1251 incessere
934 1183 1040 1254 bello:
1139 1227 1144 1240 ·

222 1297 322 1360 Hunc
334 1316 469 1386 quoque
479 1297 608 1386 p'erque
619 1315 742 1359 novem
753 1295 866 1362 timuit
877 1295 1074 1389 Pamphylia
1083 1319 1221 1379 messes,

222 1402 484 1494 Pannoniusque
495 1399 763 1494 ferox‚arcuque
773 1399 943 1470 horrenda
954 1403 1064 1496 fugaci

222 1514 440 1595 Armenia,et
450 1513 580 1604 patiens
592 1507 758 1602 Latiijam
770 1515 883 1605 pontis
894 1520 1028 1581 Araxes.

222 1621 311 1708 Quid
323 1624 472 1714 geminos
485 1622 609 1703 fasces,
622 1644 820 1715 magnaeque
833 1624 950 1692 iterata
961 1621 1130 1693 revolvam
1185 1637 1221 1692 80

220 1737 241 1800 J
244 1757 303 1800 ura
315 1736 422 1802 Asiae?
432 1729 514 1799 velit
523 1729 581 1798 illa
593 1730 730 1823 quidem
741 1747 793 1800 ter
804 1731 943 1815 habers,
956 1749 1140 1829 quaterque

222 1847 321 1910 Hunc
332 1842 395 1910 sibi
401 1869 413 1926 5
427 1839 487 1909 sed
497 1857 658 1908 revocent
668 1840 746 1910 fusti
757 1840 933 1938 majorque
944 1843 1086 1928 curulis,

223 1957 291 2020 Nec
301 1955 468 2045 promissa
479 1951 594 2019 semel.
608 1951 725 2046 Libyci
737 1953 818 2048 quid
828 1956 913 2022 mira
923 1945 1041 2024 tributi

220 2061 405 2157 Obsequio,
419 2080 453 2131 et
463 2066 606 2132 missum
618 2064 728 2133 media
740 2064 783 2133 de
793 2089 876 2158 pace
887 2066 1099 2160 triumphum

221 2172 384 2255 Laudem,
397 2190 431 2242 et
441 2199 522 2267 opes
535 2191 678 2270 quantes
690 2199 754 2244 nec
764 2179 823 2270 qui
834 2176 1052 2247 mundaverat
1062 2202 1165 2247 ausus
1176 2191 1220 2248 ,85

221 2291 423 2378 Exspectare
435 2287 521 2354 fuit?
532 2287 664 2355 Gaudet
674 2291 892 2355 Trasimenus
905 2304 939 2356 et
950 2286 1050 2380 Alpes

221 2400 481 2494 Cannensesque
492 2399 630 2465 animae:
645 2400 842 2492 primusque
853 2399 985 2490 insigne
995 2397 1159 2466 tributum

223 2509 299 2597 Ipse
311 2505 421 2598 palam
433 2505 543 2574 lacera
555 2507 715 2600 poscebat
725 2504 874 2600 Regulus
885 2508 1013 2575 umbre.

209 2703 254 2772 69.
275 2704 351 2755 Luce.
365 2703 413 2756 Ed.
425 2706 564 2776 princeps,
576 2704 659 2758 dulce.
718 2707 790 2776 gitur
806 2707 834 2758 in
851 2719 944 2759 nostro
957 2705 1023 2759 cod.
1037 2703 1162 2759 Gatattta
1175 2706 1218 2759 in·

212 2801 255 2852 70.
276 2784 387 2837 Gaudet.
400 2783 449 2836 Ed.
461 2805 502 2856 pr.
513 2787 637 2858 yaudent.
716 2803 780 2857 qens
792 2806 818 2837 α.
828 2804 850 2837 e.
864 2802 994 2839 accessere.
1010 2783 1079 2838 Edit.
1093 2804 1133 2856 pr.
1148 2803 1219 2838 nuuc

213 2881 255 2935 7¹·
277 2863 304 2918 V
302 2865 380 2918 irtus.-
393 2862 674 2936 iiquuoque.1nPar·
717 2863 841 2936 qulathea
854 2866 952 2940 inqens.
970 2866 1002 2917 A.

177 2945 262 2996 mensi
275 2957 315 2996 est
327 2943 374 2998 ille
383 2961 486 3016 quoque
495 2941 593 3004 οἱαηεες
611 2942 675 2995 latet
756 2961 799 3017 77.
816 2944 925 2998 Timuit.
938 2943 1005 2998 Edd.
1015 2947 1101 2997 Parni.
1109 2958 1135 2997 et
1141 2943 1216 2996 Rom.

176 3021 284 3096 aliquid.
304 3023 370 3076 Ven.
389 3041 491 3096 quoque
509 3020 567 3085 ittt,·
586 3023 675 3074 nescio
720 3025 812 3076 tenuit.
828 3053 861 3065 -
881 3025 923 3077 Sic
936 3023 1003 3076 cod.
1019 3025 1099 3076 Paris.
1114 3023 1162 3078 nd.
1176 3043 1217 3096 pr.

177 3100 241 3173 quid
257 3101 347 3154 velint.
363 3131 399 3141 —
416 3101 481 3153 God.
500 3103 580 3153 Paris.
594 3113 620 3152 et
632 3099 673 3152 ed.
719 3121 761 3153 me
772 3121 822 3172 pro
835 3102 914 3155 hunt.
934 3103 965 3152 A.

177 3198 217 3249 pr.
228 3181 307 3231 virtus
315 3179 374 3232 itti:
386 3198 495 3251 quoque.
506 3179 566 3231 vid.
577 3193 632 3232 not.
641 3183 673 3232 A.
755 3197 798 3250 79.
816 3179 894 3232 Areu.
910 3179 959 3231 Ed.
972 3198 1012 3248 pr.
1024 3197 1123 3230 areum.
1142 3180 1174 3230 Δ.

214 3257 257 3326 74.
278 3259 432 3313 Promenu't.
445 3257 510 3311 God.
522 3260 601 3311 Paris.
612 3257 672 3309 edd.
755 3257 798 3308 83.
818 3257 954 3310 Promissa.
971 3254 1038 3309 Edit.
1054 3256 1136 3326 princ.
1149 3275 1219 3328 proe-

176 3355 215 3406 pr.
230 3349 256 3389 et
266 3334 328 3387 Ald.
341 3338 489 3408 permensit.
502 3335 561 3387 vid.
574 3351 628 3389 not.
640 3337 672 3386 Δ.
719 3335 803 3388 mista.
824 3334 855 3385 Α.

212 3413 254 3484 75.
274 3415 325 3464 Pro
335 3415 429 3489 retinq'i
438 3413 605 3466 scribendum
617 3431 674 3466 esse
755 3413 797 3467 85.
819 3415 941 3482 Quantas.
952 3410 1020 3470 ,Cod-
1030 3413 1110 3464 Paris.
1122 3411 1164 3465 ed.
1174 3433 1215 3487 pr.

176 3493 273 3565 reeinqi
289 3495 347 3563 quis
359 3511 413 3544 non
429 3492 559 3544 videt?-
574 3491 633 3544 Atd.
648 3506 674 3543 et
720 3501 746 3542 et
758 3491 818 3543 Atd.
834 3501 926 3541 tantas.
944 3489 977 3541 Δ.

175 3575 278 3627 Gevert.
300 3571 440 3625 ediderunt
459 3571 568 3644 minqi,
591 3571 673 3623 etsie
755 3569 797 3622 86.
816 3571 879 3620 Post
892 3567 964 3620 hune
977 3587 1098 3633 versum,
1112 3569 1215 3622 sioutin

175 3651 256 3705 hebet
270 3665 360 3704 noster
374 3649 439 3704 cod.
452 3669 467 3703 a
478 3652 563 3722 prima
577 3667 673 3714 manu,
718 3649 803 3700 Perm.
817 3661 843 3700 et
856 3647 932 3710 Rom.
948 3649 984 3700 its
998 3650 1026 3700 iu
1038 3649 1131 3702 Venet.
1146 3651 1217 3703 inse-

177 3729 223 3784 eed
235 3730 332 3802 reeinqt'
343 3748 374 3780 ex
388 3727 581 3782 emendatione.
601 3731 632 3779 A.
718 3729 783 3780 ritur
792 3731 857 3780 iste:
875 3725 1021 3780 uAttollem
1031 3743 1110 3782 cantu
1118 3729 1215 3802 gaudet

213 3810 256 3880 76.
277 3806 382 3861 Galatia
401 3807 487 3879 viqens
504 3827 530 3857 α.
551 3827 574 3859 e.
593 3809 673 3860 inces-
717 3808 886 3861 Trasimenus
903 3821 929 3860 et
943 3808 1056 3880 Alpes·
1072 3839 1107 3850 -
1121 3809 1216 3882 legitur

176 3909 235 3942 sere.
254 3885 319 3942 Edd.
340 3887 422 3938 Perm.
444 3900 471 3938 et
486 3889 560 3938 liom.
572 3885 673 3940 habent
718 3905 825 3962 quoque
838 3891 864 3940 in
877 3887 943 3942 Co'd.
955 3889 1107 3944 Penestis
1119 3889 1159 3944 ed.
1172 3909 1212 3962 pr.

174 3971 280 4046 laycus,-
294 3969 387 4019 Venet.
405 3966 482 4020 etiam
497 3967 577 4039 tyens.
589 3997 625 4007 -
636 3965 673 4018 le·
716 3965 775 4020 vid.
788 3981 843 4020 not.
857 3970 915 4022 crit.
933 3968 966 4020 Δ.
