2824 4488
192 255 256 337 354
371 252 507 317 norm
531 249 581 313 m
605 247 802 334 osnunu
826 247 1055 316 renuunt

375 378 519 441 cornipedes
526 389 635 425 ementur
643 380 696 439 equi
705 413 710 434 ,
720 377 784 440 qnod
793 376 859 423 litore
869 393 963 423 currum

374 453 402 496 Es
408 451 519 510 juvenem
527 450 636 496 monstris
645 447 724 512 pericli
733 447 838 494 effudere
847 448 951 494 nten'nis.

189 555 274 624 Supra
288 551 322 604 sd
333 551 449 624 Epitbsl.
464 550 536 604 Stell.
552 567 575 602 v.
593 565 642 617 so,
656 552 746 602 notavi
761 548 832 601 hune
847 549 937 601 locum
951 560 1106 620 con-uptun
1121 565 1194 615 esse3
1209 555 1230 605 si

188 637 259 685 enim
271 631 407 704 effundere
416 635 536 701 juvenem
550 643 621 682 recte
634 629 722 696 dicas,
738 641 807 681 certe
820 645 907 681 currus
918 629 963 699 qui
975 630 1096 679 continet
1105 631 1231 697 juvenem

188 732 244 765 non
256 711 376 784 effundi,
389 711 436 763 sed
447 711 525 762 everti
538 708 592 762 dici
605 711 734 782 oportuit.
747 711 832 779 Lege,
849 707 944 779 equod
957 706 1034 760 litora
1046 709 1145 760 circum
1158 713 1229 763 Heu!

187 795 308 862 juvenem
323 794 446 843 monstris
458 789 545 862 pavidi
562 787 682 841 effudere
697 790 843 851 murinis3s
861 789 958 839 circum
973 785 1051 838 litem
1065 800 1094 837 ut
1110 806 1147 839 vs.
1164 791 1231 858 763,

191 869 350 922 «humentis
363 871 462 921 circum
474 870 600 929 Βίωνες·
615 867 717 918 AEneid.
733 863 761 932 l,
776 867 843 936 667:
862 888 874 911 ι
883 865 973 916 Frater
986 877 1015 916 ut
1029 867 1124 918 AEness
1135 868 1231 940 pelego

189 965 249 1004 tuus
265 953 354 1003 omnis
367 953 468 1003 circum
481 950 568 1000 Litora
580 951 730 1018 jactemus
747 949 798 1010 111,
817 946 866 1017 75:
886 947 993 1014 eQuem
1010 947 1070 1016 pius
1084 949 1231 1001 arcitenens

187 1051 248 1084 oras
261 1045 287 1084 et
299 1032 377 1084 litore
389 1033 489 1081 circum
501 1029 672 1092 Errantem»
685 1028 735 1092 Vl,
747 1028 814 1095 329:
830 1027 964 1079 «Centum
977 1039 1065 1078 errant
1077 1045 1175 1095 annos,
1188 1047 1231 1080 vo·

187 1109 317 1180 litnntque
332 1108 387 1160 brec
400 1107 479 1160 litora
492 1107 600 1157 dmum.
610 1129 622 1153 ι
639 1109 717 1156 Amet
731 1103 800 1155 liene
814 1103 956 1157 verborum
969 1107 1129 1175 positionem
1144 1107 1231 1176 Virgi-

187 1189 253 1251 lius;
267 1190 306 1241 sio
320 1199 434 1258 tempora
449 1187 545 1238 circum
552 1223 561 1250 ,
574 1184 670 1236 alteria
681 1185 791 1243 circum,
798 1185 917 1262 flumina
929 1185 1042 1250 rimeris,
1056 1188 1171 1258 compleri
1182 1189 1231 1238 cin

187 1287 259 1333 cum,
274 1268 354 1321 ovilia
368 1271 479 1326 circum
494 1278 520 1317 et
535 1267 671 1316 innumero
688 1264 826 1334 ejusmodi.
842 1267 900 1316 Vox
912 1265 1008 1316 circum
1023 1267 1130 1316 minime
1145 1279 1231 1318 muts-

86 1393 92 1404 .
187 1351 258 1400 tione
271 1347 337 1400 abiit
351 1349 379 1398 in
392 1345 518 1407 currum,·'
527 1343 622 1398 deinde
636 1363 685 1415 pro
699 1345 760 1396 Heu
774 1346 829 1396 sive
842 1347 885 1396 Eu
900 1345 1020 1396 fecerunt
1033 1347 1086 1396 Et:
1104 1368 1116 1392 ι
1126 1365 1231 1399 currum

186 1432 217 1480 Et
229 1430 352 1499 juvenem
361 1447 369 1488 ;
379 1450 390 1472 s
408 1439 434 1476 et
445 1427 501 1495 jam
516 1442 624 1477 necesse
640 1435 697 1476 erst
710 1437 740 1474 nt
754 1423 832 1475 litora
844 1437 991 1476 mitteretur
1004 1425 1031 1476 in
1047 1423 1138 1485 litore,-
1154 1429 1231 1479 etsie
1302 1436 1308 1446 ’

186 1525 255 1559 unus
271 1524 345 1560 error
361 1503 430 1556 duos
445 1502 527 1570 alios,
543 1517 572 1556 ut
586 1503 630 1570 fit,
645 1506 802 1574 procrearit.

222 1681 265 1750 49.
288 1680 350 1733 Vise
362 1689 454 1730 cuncta
466 1687 590 1752 reputetur
601 1676 764 1748 Alternisque
773 1688 904 1749 premunt.
916 1677 982 1744 Quis
994 1695 1048 1729 non
1061 1681 1149 1730 stetim
1162 1679 1231 1732 videt

188 1759 325 1831 Papinium
341 1760 475 1828 scripsisse
489 1757 653 1828 Alternisque
667 1759 777 1830 repunt?
790 1754 923 1808 Librarius
935 1759 1085 1827 conjecerat
1101 1757 1194 1811 oeulos
1204 1761 1231 1812 in

187 1859 291 1892 versum
304 1841 423 1908 proxime
439 1851 589 1908 sequentem
599 1875 607 1902 ,
617 1837 713 1907 premit
721 1835 811 1905 felix,
824 1849 875 1888 etc.
889 1835 958 1888 unde
970 1835 1039 1889 hanc
1052 1855 1145 1891 vocem
1156 1855 1232 1910 repe·

189 1921 252 1972 tivit.
268 1919 383 1983 Seneca,
397 1916 508 1982 Medea,
523 1935 548 1966 v.
565 1917 629 1968 2¹8:
647 1915 794 1987 spetebsnt
809 1929 872 1968 tune
887 1933 960 1969 meos
975 1916 1106 1971 thalamos
1120 1923 1168 1973 siri
1180 1922 1231 1988 Qui

189 2017 260 2050 nunc
273 2011 398 2069 petuntur
407 2018 414 2058 ς
424 2019 436 2043 ι
451 1996 534 2059 idem,
548 1995 653 2067 Thyest.
667 2015 733 2049 vers.
754 1995 833 2048 1051:
852 1998 977 2066 «genitor
987 2016 1020 2050 en
1032 2014 1129 2070 gnatos
1141 2020 1231 2071 premo

189 2081 346 2148 Premorque
359 2078 460 2146 guntin
471 2097 483 2121 ι
498 2076 602 2126 Lucrct.
615 2077 651 2139 ll,
668 2098 678 2121 ι
691 2078 768 2126 Nunc
781 2075 841 2140 hic,
857 2094 927 2126 nunc
941 2075 995 2127 illic
1008 2093 1135 2149 superant
1145 2081 1232 2133 uitalis

188 2176 289 2224 rerum,
301 2158 332 2207 Et
343 2167 500 2225 superentur
510 2157 586 2216 item;
597 2177 608 2200 s
620 2154 760 2220 Laberius,
768 2155 840 2225 apud
846 2153 939 2206 Senec.
949 2155 982 2206 de
990 2159 1092 2223 lrn,ll,
1103 2177 1130 2211 tt
1141 2183 1147 2210 :
1160 2162 1233 2211 eNe·

189 2255 262 2289 cesse
273 2249 312 2288 cst
323 2235 420 2286 multos
433 2237 523 2286 timeat
534 2252 613 2304 quem
626 2233 700 2286 multi
714 2236 844 2295 timenus
861 2233 887 2285 id
901 2249 954 2302 est,
968 2237 1025 2289 rice
1036 2238 1143 2290 timetur
1155 2240 1233 2292 elter-

189 2319 282 2388 nisque
297 2317 385 2377 risset,⁴
399 2317 501 2366 Auctor
514 2317 641 2385 Purregyr.
659 2314 692 2366 sd
705 2317 843 2380 Pisonem,
856 2333 880 2364 v.
897 2331 961 2366 112:

375 2421 423 2465 Nec
433 2419 554 2481 quisqnsre
565 2431 620 2463 vero
629 2419 731 2479 pretium
739 2416 836 2479 largitur
845 2419 919 2464 amico
925 2451 932 2473 ,

375 2491 451 2549 Quem
461 2501 562 2551 segetes
572 2503 639 2550 aequo
647 2490 783 2552 vicibusque
793 2503 886 2552 regatur
893 2489 924 2536 eb
933 2487 985 2546 illo;

190 2591 312 2642 Mertien.
324 2589 450 2660 Capella,
462 2587 507 2640 lib.
520 2589 574 2653 lX,
592 2587 781 2660 «Alternisque
794 2591 859 2661 reqit
871 2603 897 2641 et
907 2591 1008 2662 regitur
1016 2591 1090 2663 polis.
1102 2613 1113 2640 ι
1125 2594 1234 2647 Grono-

189 2671 247 2721 vius
263 2669 296 2721 ad
308 2671 422 2736 livium,
437 2669 556 2732 XXXIV,
570 2668 614 2733 31,
628 2667 695 2720 nihil
707 2669 759 2720 hoc
775 2668 835 2721 loco
849 2680 978 2720 mutatum
993 2671 1064 2722 vult:
1079 2685 1105 2724 et
1121 2675 1234 2746 explicet

188 2763 325 2825 premunt,
342 2773 352 2796 ι
364 2750 512 2822 potentiora
526 2762 552 2801 et
565 2751 703 2821 superiora
715 2763 792 2815 sunt,
805 2749 976 2816 incumbunt,
990 2766 1115 2821 urgent·
1128 2757 1189 2806 Non
1202 2755 1234 2808 tle

188 2849 269 2884 sensu
281 2829 353 2882 verbi
363 2841 486 2902 prensant
496 2827 534 2897 (is
547 2831 616 2881 enim
628 2829 723 2882 obrius
736 2829 790 2900 est)
803 2829 849 2882 sed
861 2828 895 2880 de
906 2832 964 2900 ipso
976 2830 1057 2882 serbo
1067 2832 1234 2896 dubitnmns;

191 2925 217 2964 et
231 2914 252 2963 si
265 2911 330 2983 quid
342 2910 476 2979 elegantias
489 2911 617 2961 sermonis
632 2925 658 2962 et
671 2913 751 2963 nitori
765 2909 888 2963 dictionis
901 2909 1101 2962 concedendum
1117 2928 1154 2964 est
1169 2933 1236 2982 poe·

190 2993 239 3058 tis,
253 2991 414 3043 affirmemus
429 2990 539 3041 Statium
552 2993 688 3062 scripsisse
700 3002 805 3064 repunt,
819 3009 872 3042 non
885 3001 1022 3061 premuntr
1034 2990 1106 3062 quod
1120 2993 1235 3046 verbum

191 3089 243 3140 pree
256 3069 338 3122 altero
350 3067 505 3142 languidum
519 3079 574 3134 est,
588 3083 712 3140 torpens;
725 3083 767 3134 et,
783 3083 811 3121 ut
824 3073 859 3122 nit
871 3069 1012 3135 Martialis,
1027 3094 1038 3116 ι
1047 3073 1164 3124 Vatreno
1175 3077 1235 3127 Eri·

190 3147 315 3219 danoque
328 3149 437 3219 pigrius.
449 3171 460 3193 s

226 3309 268 3362 55.
287 3311 343 3362 Nec
356 3313 456 3383 injussa
469 3312 541 3362 toties
553 3310 617 3361 redit
628 3310 709 3362 orlrita
721 3311 793 3364 luris.
809 3311 938 3366 Notabilis
948 3311 1030 3388 hujus
1039 3319 1175 3368 sententie
1186 3317 1235 3369 eli·

192 3409 267 3443 mex:
282 3391 378 3446 Omnis
394 3393 501 3444 alternis
515 3401 638 3463 reqrrntur
650 3403 676 3442 et
690 3405 782 3463 repunt
790 3415 799 3453 ‚·
814 3406 886 3446 totus
901 3407 1028 3447 terrarum
1042 3398 1116 3450 orbis
1131 3413 1170 3450 est
1184 3395 1234 3450 sub

191 3471 306 3542 propriis
319 3472 431 3544 sepibus
444 3489 512 3542 reqes
524 3471 572 3522 sub
583 3471 682 3531 Romu
693 3473 775 3522 Rome
789 3474 838 3524 sub
850 3475 954 3526 ducibus
965 3493 1011 3527 sen
1026 3477 1236 3548 imperatoribus,-

191 3551 355 3620 imperatores
364 3549 412 3602 sub
424 3549 586 3607 numinibus·
596 3551 654 3619 ipsu
665 3554 775 3602 numina
789 3553 837 3604 sub
849 3553 945 3626 leqibus
957 3558 1024 3616 suis;
1038 3557 1138 3627 quippe
1152 3570 1235 3624 astra,

191 3631 270 3692 lune,
286 3644 313 3682 et
325 3628 371 3681 lux
385 3630 516 3691 sormunt,
536 3642 562 3680 et
576 3647 630 3679 non
645 3633 695 3682 nisi
713 3635 866 3704 prescripto
881 3648 978 3707 egunt3
993 3639 1071 3687 etism
1091 3640 1147 3707 ipse
1168 3637 1236 3690 ller-

189 3707 258 3761 cules
269 3721 295 3760 et
307 3705 403 3779 Apollo
415 3705 535 3757 dominos
549 3707 724 3778 pertulerunt.
741 3713 798 3762 Hoc
813 3725 852 3763 est
867 3713 1006 3765 artificium
1021 3717 1123 3785 Papinii
1137 3719 1165 3767 in
1180 3717 1237 3768 ele-

188 3789 273 3840 vanda
288 3789 389 3840 Etrusci
408 3801 493 3854 sorte,
515 3807 547 3840 ne
564 3792 688 3862 cuiquem
706 3793 833 3863 pudenda
849 3795 990 3847 videretur.
1011 3797 1087 3847 Unde
1108 3815 1171 3848 vero
1189 3798 1237 3850 lux

189 3874 257 3922 inter
268 3870 396 3918 numina?
411 3869 486 3920 Astra
500 3869 607 3941 quidem
622 3887 646 3923 et
663 3872 727 3924 luna
742 3875 886 3926 innumeris
900 3891 1018 3928 veterum
1029 3879 1180 3930 testimonis
1196 3879 1238 3932 lo-

189 3967 248 3998 cum
263 3965 339 4000 suum
355 3947 433 4000 facilc
450 3951 609 4014 tuebuntur;
625 3952 672 4004 sed
685 3952 717 4004 de
733 3952 805 4020 lucc,
822 3973 915 4006 vereor
926 3975 962 4006 ne
974 3957 1057 4008 Stetio
1070 3954 1158 4008 dicam
1171 3961 1239 4008 scri-
