2776 4484
403 300 545 364 LIBER
571 303 604 379 I,
629 303 824 368 CARMEN
851 305 896 366 ll.
1129 305 1169 368 53

175 429 217 494 Et
227 426 401 520 lacrymae,
414 426 599 522 vigilesque
612 431 673 495 viri
685 452 791 520 prope
802 429 916 497 limina
929 447 1082 524 questus;

175 545 306 605 Asranrs
317 551 351 604 et
363 539 432 604 vati
443 553 548 606 totam
560 554 692 606 cantata
704 563 765 631 per
776 538 912 619 urbcm3

176 651 300 715 Asteris
311 663 391 716 ante
403 646 522 740 depes,
534 665 632 716 nocte
644 652 786 730 Asteris,
799 653 923 717 Asteris
935 669 1026 734 ortu,

174 761 346 842 Quantum
359 782 428 825 non
442 759 604 826 clamatus
617 759 732 851 Hylas.
748 763 892 853 Jamque
904 784 1020 852 aspera
1033 765 1132 854 coepit

177 866 322 935 Flectere
333 867 437 935 corda
450 867 575 952 libens,
589 867 700 961 etjam
713 869 775 938 sibi
788 870 873 936 dure
885 869 1001 938 videri.
1123 903 1172 937 200

220 982 329 1046 Macte
342 981 441 1061 toris,
454 981 565 1046 Latios
578 981 666 1047 inter
676 980 904 1072 placidissime
916 998 1025 1062 vates,

174 1090 240 1174 Qui
251 1086 375 1154 durum
386 1109 587 1181 permensus
599 1093 662 1158 iter
674 1107 867 1185 coeptosque
878 1089 1028 1174 labores,

175 1195 339 1265 Prendisti
351 1215 486 1290 portus:
501 1199 640 1268 tumidae
654 1203 701 1268 sic
714 1200 889 1292 transfuga
902 1204 986 1268 Pisae

131 1371 211 1422 cimus
220 1371 326 1438 Avitus,
336 1373 380 1440 Ν,
391 1373 457 1440 6543
467 1375 550 1428 Tacit.
561 1377 626 1428 Hist.
709 1379 768 1430 203.
787 1379 924 1429 Prendirti.
937 1376 1004 1428 Edd.
1018 1375 1077 1428 ald.
1094 1377 1170 1428 Bern.

132 1453 154 1516 l,
165 1469 222 1522 cap.
238 1451 285 1514 50;
300 1453 413 1504 Martial.
427 1456 515 1524 Epigr.
527 1457 566 1522 X,
580 1457 626 1515 28;
671 1454 747 1507 hind.
764 1454 889 1507 exhibent
903 1453 1069 1526 prehendisti.
1089 1457 1170 1508 Hero.

131 1528 217 1600 Vrrgil.
226 1529 275 1596 Xl,
287 1529 334 1601 157
342 1552 348 1593 ;
357 1530 468 1600 Seneca,
476 1533 583 1585 Consol.
593 1534 627 1585 ad
671 1533 1085 1587 -Vid.not.er.-Tnmr'doesic
1093 1545 1173 1586 trans·

128 1609 216 1681 Polyb.
231 1628 255 1660 c.
267 1609 311 1662 36.
329 1611 423 1663 Obiter
437 1613 545 1664 restitue
558 1611 627 1666 hanc
666 1611 731 1683 futu
741 1615 816 1665 Pisoe.
827 1616 877 1665 Pro
889 1613 994 1665 tumidoe
1002 1610 1063 1664 libri
1072 1609 1172 1662 habent

129 1705 219 1740 rocem
227 1690 358 1742 Eumenio
369 1690 442 1742 Grat.
455 1691 513 1743 Aet.
524 1711 582 1764 cap.
596 1693 626 1759 4:
672 1693 767 1745 miadoe
778 1707 804 1744 et
815 1693 936 1744 inuade.-
949 1691 1037 1762 placet
1046 1691 1172 1742 Gronorii

132 1792 143 1814 ι
152 1767 223 1840 qnod
233 1770 255 1820 si
263 1771 331 1822 rotis
343 1783 368 1821 et
378 1769 519 1822 conatibus
529 1770 626 1824 AEdno-
671 1772 774 1838 nitide,
787 1785 897 1843 propter
906 1769 1049 1840 palestrae.
1061 1767 1172 1822 Ovidius

129 1865 182 1898 ram
193 1848 300 1901 fortuna
309 1849 430 1914 ferisset,
442 1863 492 1901 etc.
502 1873 513 1896 ι
525 1853 575 1918 ita,
585 1853 626 1902 in·
669 1849 734 1901 Met.
743 1851 786 1914 Vl,
796 1849 968 1914 alnCicero,
976 1846 1119 1914 deOrat.l,
1130 1847 1184 1918 18,-

128 1943 220 1996 quan,
236 1927 404 2000 lege;vulgo
421 1927 626 1982 malevobis.-
670 1925 1170 1997 lndePolluxvocatttrnr'tt'dusmaqr's-
1199 1935 1204 1956 ²

128 2005 225 2058 Omnes
237 2005 296 2058 iibri
311 2006 437 2059 exhibent
447 2008 525 2060 dona.
542 2009 623 2061 Hero.
670 2014 715 2056 ter.
726 2005 810 2058 Theb.
824 2007 863 2072 Χ,
876 2005 936 2057 501.
948 2005 1036 2055 Heins.
1048 2003 1080 2054 ed
1091 2002 1168 2055 Orid.

126 2084 213 2137 —Sic
226 2085 291 2136 Cod.
304 2087 361 2136 Par.
372 2099 399 2138 et
410 2086 451 2138 ed.
464 2087 550 2140 Hand.
668 2085 776 2137 Metam.
786 2086 819 2152 V,
830 2084 895 2156 576,
906 2083 969 2156 legit
978 2095 1083 2154 pomam
1094 2083 1170 2136 Etia-

164 2166 224 2234 196.
244 2165 355 2217 Limina.
369 2166 439 2218 Edit.
455 2186 496 2238 pr.
515 2167 623 2221 lumina.
668 2180 714 2232 σω,
722 2177 771 2216 etc.
779 2163 1010 2217 relElt'adisPt'soe.
1021 2163 1097 2216 Certe
1105 2162 1170 2215 latet

165 2261 224 2312 ¹97·
246 2243 307 2296 Vati
320 2257 338 2296 t.
353 2257 468 2299 canuto.
482 2250 579 2300 Omnes
591 2248 624 2299 li·
668 2245 807 2313 proprium
831 2259 940 2294 nomen.
964 2241 1066 2293 Veneta
1089 2238 1170 2292 habet

125 2322 165 2374 bri
177 2323 296 2394 praebent
307 2327 386 2387 vatis,·
399 2326 440 2380 ed.
452 2346 492 2398 pr.
505 2329 570 2380 vatis
582 2347 625 2380 co-
668 2321 910 2395 mt'esictrmfitqoe
917 2320 992 2372 Pitoe·
1003 2347 1037 2359 -
1050 2319 1169 2370 Tumidoe

125 2419 178 2453 ram
186 2427 196 2465 ,-
209 2405 236 2455 in
249 2404 367 2470 Aldina,
379 2406 436 2458 Col.
449 2408 524 2460 Bern.
536 2407 623 2460 Gmss.
668 2401 743 2453 Pisa.
757 2401 888 2463 Tumidoe,
898 2402 916 2452 i.
927 2417 966 2466 e.,
975 2398 1118 2450 victoribus
1129 2417 1169 2450 ce·

126 2484 337 2554 interrogationis
347 2499 409 2538 nota
420 2489 505 2557 posita
517 2501 554 2540 est
563 2499 625 2557 post
668 2479 784 2534 lebratte.
796 2479 894 2546 Eddefor
904 2479 969 2530 niu
977 2477 1052 2532 Pind.
1063 2478 1169 2550 Olymp.

124 2571 190 2612 ortn.
208 2563 330 2614 Correxit
345 2565 461 2618 Bernart.
477 2565 582 2617 Geren,
599 2577 625 2618 et
672 2563 717 2629 14,
734 2563 777 2616 33.
794 2563 841 2614 Est
853 2563 933 2632 igitur
947 2575 1064 2626 tumens,
1078 2559 1168 2611 indata

124 2637 207 2692 Gron.
215 2642 470 2694 commaintulerunt
480 2657 542 2713 post
550 2644 623 2709 vatis,
669 2643 792 2694 victoriis.
800 2639 842 2692 Sic
851 2643 920 2692 infra
930 2659 955 2692 ν.
968 2639 1031 2692 263:
1048 2652 1168 2691 «tumeat

125 2717 175 2768 aed
195 2736 268 2768 novo
283 2737 372 2772 errore
391 2721 534 2774 Markland.
553 2722 625 2773 ordi·
668 2716 776 2771 Sebetos
798 2719 941 2780 alumnus·
963 2715 1040 2772 Ovid.
1059 2717 1166 2768 Metam.
1209 2775 1213 2783 ¹

126 2795 623 2868 neanverbornmitaconstitnitAst.et,
669 2800 694 2863 l,
713 2798 781 2867 754:
802 2798 943 2865 «tumidus
958 2797 1085 2866 genitoris
1101 2798 1168 2846 ima-

126 2872 185 2922 vati
192 2881 211 2920 t.
221 2891 243 2922 c.
250 2888 279 2940 p.
289 2873 551 2944 urbem‚·Arteris,etc.
560 2878 624 2930 Sen-
667 2879 729 2946 gine
738 2878 806 2930 falsi.
817 2900 828 2923 n
840 2879 960 2928 Fortasse
971 2889 1046 2940 sunt,
1059 2875 1104 2943 qui
1115 2891 1170 2924 me-

126 2967 172 3002 sas
186 2949 344 3016 verboram,
359 2971 432 3024 quern
445 2956 555 3027 plurimi
569 2975 623 3008 non
668 2953 717 3006 lint
739 2954 865 3006 tumidam
882 2955 970 3005 Pisum
989 2952 1042 3002 dici
1061 2963 1171 3020 propter

124 3031 489 3100 rectepercepisteridentur,
497 3033 525 3084 in
533 3051 625 3084 eoma·
668 3034 798 3084 tumidum
817 3030 957 3102 Alpheum.
977 3029 1019 3080 Sic
1036 3026 1120 3080 Theb.
1142 3030 1169 3096 l,

123 3109 191 3161 xime
198 3111 360 3176 continetur,
373 3111 446 3184 quod
457 3125 565 3186 questus
575 3113 625 3166 viri
670 3130 735 3182 271,
755 3111 915 3180 allectivaga
936 3127 988 3179 qua
1007 3107 1168 3179 praeterlabi-

125 3187 240 3258 quodam
247 3189 624 3264 modoopponunturcarmini
668 3188 805 3254 turnnde,
814 3201 862 3240 etc.
873 3211 883 3234 n
894 3185 926 3238 de
934 3183 1044 3257 Alpheo.
1055 3187 1168 3239 Lern-r

123 3271 334 3322 vunnim-
345 3270 410 3331 Cod.
419 3275 498 3324 Paris.
507 3273 578 3325 vatis.
593 3275 623 3324 ln
668 3269 733 3322 Cod.
748 3272 823 3321 Voss.
840 3268 919 3318 Paris.
936 3279 960 3318 et
977 3285 1068 3318 omnes
1083 3266 1166 3318 Vatia.

125 3363 171 3398 sna
182 3347 246 3400 edit.
263 3351 304 3400 vir
314 3347 347 3400 cl.
363 3350 449 3401 Hand.
467 3351 503 3401 sic
515 3349 586 3401 dedit
598 3364 624 3401 et
668 3349 710 3402 ed.
727 3351 801 3401 Rom.
814 3349 870 3399 Vic.
883 3349 989 3398 Venetae
1005 3358 1106 3418 etpost
1121 3344 1167 3398 Al-

123 3427 503 3498 interpunxit.Art.etvatis‚t.
512 3447 533 3480 c.
542 3449 570 3500 p.
582 3445 624 3478 ur·
667 3428 755 3480 dinam
772 3445 863 3480 ornnes
881 3425 987 3479 tumide
1001 3426 1080 3481 Pisoe.
1096 3421 1167 3475 Edit.
1228 3438 1233 3450 ⁸

123 3504 193 3568 bem,
203 3507 255 3558 Ast.
266 3505 328 3560 vid.
337 3521 393 3560 not.
402 3511 460 3560 crit.
476 3509 506 3558 A.
667 3508 751 3577 princ.
764 3507 830 3567 mie‚·
841 3503 956 3558 Colintea
968 3503 1072 3554 tumide.
1086 3499 1167 3554 Codi-

164 3583 220 3651 198.
231 3585 330 3656 Dapes,
341 3596 423 3638 nocte.
438 3584 486 3637 Ed.
497 3605 538 3657 pr.
548 3587 624 3657 pedes
668 3587 705 3637 cis
721 3583 814 3637 Salisb.
830 3584 970 3637 lectionem
986 3580 1169 3656 typographus

122 3675 219 3728 macte,
229 3679 254 3716 et
263 3664 470 3736 proortnhabet
479 3677 556 3718 ortus.
667 3666 760 3718 iterum
775 3664 965 3736 depravaverat
978 3663 1004 3712 in
1017 3662 1086 3714 notis
1097 3660 1167 3712 Gro-

158 3759 218 3796 200.
238 3744 330 3796 Corda.
349 3744 419 3797 Edit.
440 3746 523 3815 princ.
540 3746 621 3796 corde.
668 3744 746 3795 norii.
759 3742 899 3816 vulgatam
912 3739 1031 3791 Barthius
1044 3751 1070 3788 et
1081 3739 1168 3809 Guye·

157 3841 216 3875 aon.
237 3825 298 3895 Qui.
311 3823 359 3876 Ed.
368 3843 411 3894 pr.
421 3825 499 3897 quod.
508 3853 545 3864 -
556 3827 624 3894 Coep·
669 3837 711 3875 tus
721 3822 852 3895 explicant
862 3845 867 3874 :
879 3820 998 3894 superbae
1007 3821 1079 3871 Pisae.
1091 3818 1168 3867 Hein-

121 3913 206 3973 torque
219 3901 325 3956 labores.
342 3901 436 3954 Codex
450 3903 529 3955 Paris.
543 3915 569 3954 et
582 3901 622 3954 ed.
669 3903 722 3952 sina
747 3902 774 3950 in
795 3901 878 3971 Epist.
904 3897 938 3950 ad
959 3896 1143 3950 Falconerium

120 4001 159 4051 pr.
174 3982 300 4054 ceptique
313 3981 418 4060 laboris
673 4001 684 4023 ι
696 3981 782 4030 Locus
792 3979 943 4032 mendosus.
952 3976 1005 4027 Gur
1016 3977 1084 4026 eninr
1095 3983 1170 4024 tamt:
