2858 4492
218 304 283 367 311
409 300 546 366 NOTAE
571 302 620 364 ΙΝ
644 301 842 365 CARMEN
869 303 1068 367 PRIMUM

217 447 272 480 non
287 427 443 479 Taurubuloe
456 449 463 477 .·
478 424 634 495 roopossssul,
655 445 708 477 non
724 423 879 495 reupossutal.
898 425 1016 492 Deinde,
1033 425 1157 497 ignobilis
1169 425 1223 478 bec
1233 439 1259 479 st

218 509 360 580 perexigua
374 521 449 559 terrae
461 506 550 577 lingua
561 507 675 580 (quippe
688 506 859 576 longitudinis
872 507 947 559 unius
959 519 1062 559 tautum
1073 505 1210 574 milliaris,
1222 507 1260 558 la-

215 585 335 641 titudinis
351 585 463 657 plaustri
482 587 553 658 erat)
571 606 625 638 non
645 586 713 639 bene
730 603 792 636 cum
809 585 902 638 ditibus
921 587 1025 657 Capreis
1038 601 1259 658 componeretur:

216 669 293 719 mitto
304 665 442 737 epitheton
452 665 556 732 virides,
568 668 610 718 isti
621 667 708 737 aggeri
717 667 822 716 minime
830 683 991 735 congruum,
1004 679 1084 737 prout
1093 685 1125 718 ex
1131 664 1261 718 Strabone

218 744 319 798 discere
330 758 422 817 potes,
436 744 482 796 lib.
492 749 529 811 V,
541 765 568 817 p.
585 747 641 816 169.
656 745 708 797 Alii
719 763 768 816 pro
782 743 935 797 Turrobuloe
948 745 1041 815 legunt
1054 743 1188 798 Telebooe:
1204 763 1262 817 que

216 827 294 877 loun.
307 825 412 895 Scopa,
424 827 466 876 Fr.
477 824 650 896 Tiliobrogae,
662 837 688 876 et
699 823 776 876 Frad.
785 823 976 894 lindenbrogii
987 838 1043 876 erat
1054 825 1208 895 conjectura
1218 845 1225 876 1
1236 834 1263 876 et

217 905 287 957 hanc
303 905 330 956 in
343 903 468 956 Codioero
481 923 558 956 suum
570 902 698 956 retulerat
709 905 750 954 vir
761 922 878 956 summus
889 902 953 955 Adr.
966 902 1119 969 Turnebus,
1131 905 1262 956 referente

218 997 244 1035 et
257 983 423 1057 approbante
434 982 546 1037 Mosello
560 1005 566 1035 :
582 996 609 1036 et
622 983 744 1035 Barthius
759 983 838 1051 dicit,
853 1001 907 1035 uon
919 983 1029 1036 dubium
1040 1002 1097 1036 esse
1109 985 1174 1055 quin
1186 983 1262 1035 Tele-

218 1064 272 1116 booe
284 1067 317 1115 sit
330 1082 392 1116 vers
404 1063 494 1116 lectio.
509 1065 574 1116 Rem
584 1065 733 1116 conlectam
746 1073 842 1135 putant
854 1063 914 1116 loco
926 1063 1040 1134 Virgilii,
1051 1065 1110 1115 AEn.
1122 1063 1185 1130 Vll,
1197 1062 1261 1132 734,

219 1142 265 1194 ubi
278 1143 386 1214 Capreas
399 1157 476 1195 vocat
491 1141 629 1196 Teleboum
643 1163 721 1218 reque
734 1165 742 1193 .-
760 1165 772 1189 ι
784 1161 863 1214 quero
875 1161 1014 1214 generasse
1025 1141 1110 1196 Telon
1122 1141 1263 1194 Sebethide

220 1220 335 1292 nympha
346 1223 452 1286 Fertur,
468 1222 615 1275 Teleboum
627 1223 742 1294 Capreas
755 1241 837 1294 quum
848 1241 929 1294 regna
940 1235 1050 1276 teneret.
1060 1246 1071 1271 ι
1087 1223 1172 1274 Nemo
1186 1220 1263 1273 dubi·

218 1313 273 1368 tat,
285 1303 350 1372 quin
362 1305 464 1376 Copreoe
475 1316 546 1356 recte
558 1303 687 1376 appellari
701 1307 807 1375 possint
821 1302 959 1356 Teleboum
972 1323 1067 1377 sepnor
1081 1317 1108 1356 et
1118 1304 1156 1354 ita
1167 1300 1263 1374 appel·

218 1379 255 1432 lst
267 1380 311 1434 Sil.
323 1381 381 1434 ltal.
392 1383 456 1450 Vll,
468 1382 519 1450 418
532 1406 537 1435 :
552 1385 642 1437 domos
655 1381 793 1436 Teleboum
805 1385 918 1450 Noster,
928 1401 1009 1435 carna.
1024 1381 1059 1436 ad
1070 1385 1149 1435 Uxor.
1162 1401 1187 1434 v.
1203 1397 1262 1434 roo.

219 1460 328 1532 Capreis
339 1481 401 1515 vero
412 1461 517 1534 pharon
531 1464 614 1517 fuisse
625 1477 718 1516 notum
731 1481 763 1516 ex
774 1463 915 1530 Suetonio,
928 1463 1016 1516 Tiber.
1029 1481 1088 1534 cap.
1099 1461 1142 1532 74.
1157 1459 1263 1514 Addere

114 1581 118 1588 .
219 1540 299 1591 etiam
316 1543 467 1612 potuissent
482 1542 618 1611 Tacitum,
632 1541 728 1596 Annal.
741 1541 790 1607 lv,
803 1541 836 1610 67
851 1564 857 1592 :
877 1565 887 1588 ι
900 1541 1004 1594 Grecos
1018 1560 1048 1594 ea
1062 1541 1195 1605 tenuisse,
1210 1541 1264 1592 Ca·

220 1637 351 1690 preasque
369 1620 492 1674 Telebois
511 1620 646 1674 habitatas
666 1620 736 1674 fama
756 1619 849 1674 tradit:
863 1644 875 1668 ι
898 1620 944 1673 ubi
961 1621 1060 1695 pariter
1077 1632 1209 1672 errantem
1225 1621 1264 1670 ri-

222 1696 274 1750 deo
283 1701 399 1771 Lipsium
407 1741 416 1768 ,
425 1701 466 1754 his
476 1702 562 1756 verbis
576 1726 582 1754 =
597 1701 759 1755 :Thelebois
770 1700 909 1753 habitatas.
919 1699 983 1752 ldeo
992 1699 1132 1753 Tlteleboe
1140 1715 1190 1770 pro
1199 1699 1264 1768 ipsis

223 1778 346 1850 Capreis,
359 1783 477 1834 Ausonio
492 1805 497 1834 :
512 1781 660 1854 viridesque
674 1781 802 1834 resultant
814 1779 986 1832 Thelebose.»
1003 1779 1094 1832 Voluit
1105 1777 1193 1830 dicere
1205 1779 1265 1830 Sto-

223 1858 272 1922 tt'o,
288 1877 342 1926 non
354 1861 491 1913 Ausonio:
507 1877 533 1915 et
546 1860 634 1913 locum
649 1863 713 1913 citat
727 1863 802 1933 quasi
815 1858 889 1911 nulla
903 1873 971 1912 esset
982 1856 1016 1910 de
1029 1857 1144 1911 lectione
1156 1853 1265 1908 dubite-

222 1937 267 1987 tio.
281 1939 431 1994 Secundum
440 1940 491 1994 hos
501 1944 581 2014 igitur
590 1942 653 1995 dicit
666 1943 777 2006 Statius,
794 1965 804 1987 ι
817 1938 886 1993 dites
897 1939 1004 2010 Capreas
1016 1952 1043 1991 et
1053 1937 1147 1991 virides
1158 1935 1264 2008 Caprea

223 2015 366 2080 resultant;
378 2043 390 2067 ι
405 2017 477 2091 quod
488 2023 575 2092 primo
587 2023 683 2073 intuitu
698 2021 842 2074 absurdum
855 2032 910 2082 est;
922 2037 970 2071 nec
986 2021 1073 2072 minus
1088 2015 1175 2082 istud,
1193 2011 1266 2089 quod

225 2094 345 2149 Teleboas
356 2115 433 2154 voest
444 2101 543 2153 uirides.
559 2101 599 2151 An
612 2103 634 2153 si
647 2105 757 2173 Capreas
768 2101 859 2154 uirides
870 2113 940 2152 recte
951 2098 1062 2168 dixeris,
1074 2098 1133 2152 ideo
1146 2099 1267 2169 sequitur

224 2173 322 2229 incolas
333 2196 440 2252 quoque
451 2179 613 2252 Caprearum
630 2181 721 2236 virides
734 2193 806 2234 recte
822 2179 874 2233 dici
891 2181 990 2252 posse?
1006 2178 1059 2232 hoc
1076 2178 1157 2232 modo
1174 2179 1266 2233 incole

223 2253 304 2306 Gauri
316 2261 412 2311 montis
427 2263 517 2311 vocari
530 2273 642 2331 possunt
657 2263 785 2314 nemorosi
791 2283 800 2323 ;
811 2260 864 2313 boc
874 2263 944 2313 enim
954 2259 1071 2331 epitheto
1085 2259 1201 2312 donatur
1209 2263 1267 2332 ipse

224 2332 342 2402 Gaurus,
356 2339 424 2390 inira
437 2357 462 2391 v.
479 2339 526 2409 147
540 2361 546 2389 z
563 2341 611 2392 nisi
623 2339 738 2411 probare
750 2359 843 2413 posses
856 2340 977 2393 Teleboas
988 2339 1074 2392 solere
1089 2341 1165 2392 uiridi
1175 2341 1265 2413 aliquo

224 2411 417 2469 medicamento
430 2431 516 2470 cutem
530 2421 655 2490 pingere:
669 2431 733 2472 tuuc
744 2423 814 2472 enim
826 2421 917 2472 uirides
927 2433 997 2472 recte
1009 2419 1174 2489 dicerentur,
1189 2433 1221 2472 ut
1230 2423 1267 2474 oi-

225 2489 289 2546 rides
300 2495 420 2547 Britanni
426 2497 497 2570 apud
504 2497 580 2551 Orid.
590 2501 648 2550 Am.
658 2497 694 2564 ll,
706 2499 750 2563 16,
757 2497 805 2568 39,
814 2497 849 2549 ob
857 2497 926 2550 hauc
934 2499 1073 2549 rationem.
1080 2499 1171 2565 Quum
1178 2501 1267 2571 itaque

225 2575 363 2626 manifesto
374 2577 497 2630 vitiosum
511 2580 544 2630 sit
554 2576 581 2630 ri
596 2577 726 2644 Teleboae,
741 2577 951 2648 necquidquam
964 2587 1067 2629 mutent
1083 2575 1226 2643 editiones,
1240 2580 1266 2629 in

225 2665 349 2706 contextu
361 2657 456 2707 retinui
469 2657 637 2719 ruentum,-
649 2656 682 2709 ds
691 2657 723 2708 iis
733 2675 857 2728 prorsum
867 2659 971 2727 ignarus
981 2675 987 2706 :
998 2673 1094 2708 censeo
1103 2670 1194 2709 tamen
1205 2675 1266 2710 cum

224 2729 354 2804 scaligero
364 2737 458 2790 risibn
469 2736 577 2809 aliquod
586 2755 641 2790 essa
651 2735 766 2808 ignobile
775 2738 852 2788 istius
861 2749 976 2800 tractus,
985 2747 1015 2786 ut
1023 2735 1098 2788 Nesis
1106 2749 1132 2790 et
1140 2737 1266 2810 Euploeo,

226 2830 339 2885 quorum
358 2819 467 2870 nomino
483 2819 526 2870 vix
541 2815 603 2869 alibi
619 2830 731 2870 exstant.
750 2817 821 2869 Dites
836 2834 898 2867 sero
917 2817 1020 2887 Cupreoe
1031 2828 1142 2887 propter
1155 2815 1268 2871 aedilicia

225 2891 324 2945 Tiberii
332 2897 452 2964 Caesaris,
463 2909 489 2948 et
501 2909 589 2948 cetera
602 2909 754 2948 ornamenta
764 2918 772 2960 3
785 2909 814 2948 ut
822 2895 891 2948 bene
901 2896 1032 2947 Domitius
1043 2917 1050 2946 :
1060 2895 1119 2948 licet
1127 2893 1267 2948 aliternon

226 2973 294 3029 male
307 2975 357 3047 legi
368 2990 460 3050 posset
471 2979 543 3030 mites
556 2978 660 3052 Capreoe
667 3016 676 3044 ,
689 2997 721 3031 ex
731 2979 841 3044 Tacito,
852 2980 922 3029 Anu.
934 2977 984 3042 tv,
996 2975 1044 3046 67,
1056 2975 1088 3027 de
1100 2970 1149 3026 boe
1161 2974 1265 3028 insula:

228 3055 305 3106 «celi
320 3059 458 3129 temperies
471 3055 557 3110 hieme
569 3060 653 3122 mitis,
671 3055 779 3128 objectu
791 3057 900 3122 montis,
917 3073 971 3128 quo
989 3074 1053 3108 saera
1068 3067 1206 3108 rontortun
1222 3075 1267 3136 sr-

226 3147 328 3186 bellini.
340 3160 351 3183 ι

264 3277 321 3346 139.
340 3279 401 3330 lom
408 3281 522 3351 fortibus
532 3283 624 3337 ardens
635 3285 731 3335 Fumat
741 3301 819 3334 oreno
830 3283 913 3335 sacris.
928 3283 1019 3336 iustus
1031 3283 1149 3356 Lipsius,
1160 3282 1267 3335 Saturn.

226 3353 306 3406 Serus.
324 3357 362 3423 ll,
379 3357 427 3424 14,
443 3377 493 3429 pro
506 3361 618 3432 fortibus
636 3362 699 3435 legit
717 3363 842 3427 sortibus,
861 3361 1067 3416 assentientibus
1085 3363 1222 3416 Rernartio
1241 3376 1269 3414 et

225 3432 340 3500 Cruceo,
353 3437 417 3506 quia
425 3447 492 3489 sorte
500 3439 644 3494 utebantur
653 3443 680 3493 in
689 3439 732 3492 bis
739 3440 934 3495 certaminibus.
944 3441 1026 3494 Male:
1038 3444 1172 3514 precessit
1182 3445 1270 3509 enim,

228 3533 239 3554 ι
250 3512 308 3563 lam
319 3513 428 3584 placido
437 3513 503 3570 daut
514 3521 587 3590 sigua
600 3520 684 3572 tube:
697 3545 708 3567 ι
724 3539 787 3592 ergo
801 3518 856 3571 ludi
870 3521 1002 3573 commissi
1015 3535 1105 3588 erant,
1120 3534 1149 3573 ut
1161 3521 1270 3576 sortibus

221 3592 278 3658 jam
288 3607 342 3642 non
355 3586 429 3646 locus
440 3596 519 3648 fuerit
531 3619 537 3648 :
549 3617 598 3652 nec
610 3601 637 3650 iu
649 3599 690 3650 his
701 3599 770 3650 ludis
781 3599 888 3650 omnino
899 3602 1023 3672 usurpari
1033 3614 1109 3654 sortes
1118 3614 1196 3672 putat
1205 3601 1270 3654 Cro·

226 3671 334 3736 novius,
351 3673 432 3724 Diatr.
448 3693 471 3727 o.
487 3677 536 3744 243
552 3679 598 3731 ubi
614 3691 708 3731 contra
720 3679 837 3751 lipsium
850 3678 982 3751 disputat,
994 3695 1020 3733 et
1031 3679 1151 3733 defendit
1157 3679 1271 3753 fortibus

224 3750 318 3801 seems:
333 3773 344 3797 ι
356 3749 570 3822 Elegantissime,
585 3759 686 3829 inquit,
698 3759 795 3812 Statius
803 3758 888 3831 fortio
900 3779 971 3812 soem
981 3759 1046 3813 dixit
1057 3763 1203 3816 conamina
1214 3759 1270 3814 hac

225 3827 384 3898 palestrita,
396 3850 454 3904 qun
465 3836 492 3885 in
505 3833 634 3889 honorem
646 3837 764 3892 Herculis
776 3839 965 3892 exercebantur
979 3863 985 3891 ι
1004 3840 1076 3911 quod
1094 3859 1195 3895 nomen
1212 3839 1271 3892 dari

226 3921 313 3978 potest
327 3909 450 3965 omnib'us
459 3913 576 3967 virilibus
588 3915 670 3984 ludis,
684 3933 713 3971 ut
725 3918 881 3972 decursibus
894 3920 1076 3992 equestribus,
1088 3934 1139 3974 ete.
1156 3923 1272 3988 Contra,

225 3987 314 4040 mollia
326 4009 398 4044 sacra
410 4006 469 4044 sunt
481 3993 573 4060 thiasi,
586 3997 683 4068 epula,
696 3999 752 4052 ludi
764 3999 892 4064 Florales,
907 3998 1042 4072 pervigilia
1052 4001 1173 4054 Veneris.
1188 4003 1222 4053 lit
1233 4003 1272 4054 sic
