2784 4484
199 1573 209 1594 ⁸
224 1536 326 1629 Equus
336 1533 464 1612 maximus
475 1543 630 1602 Domitiani.
645 1540 780 1614 Equestris
791 1547 877 1590 statua
887 1534 1030 1590 Domitiani
1039 1533 1108 1583 inter
1120 1543 1151 1580 es
1161 1529 1227 1580 snti-

189 1669 247 1725 quae
262 1647 322 1700 artis
332 1631 516 1712 operarslerri
525 1626 617 1692 debet,
631 1640 758 1696 quorum,
772 1621 822 1671 nisi
831 1630 972 1690 poetarum
984 1609 1144 1666 carminibus
1159 1606 1229 1662 eele-

189 1734 265 1786 brata
275 1735 375 1786 essent,
388 1717 472 1771 omnis
481 1709 608 1762 memoria
620 1703 776 1757 evanuisset.
787 1699 855 1751 Nam
866 1709 960 1772 praeter
970 1713 1014 1761 ea,
1026 1710 1083 1765 quar
1095 1690 1192 1744 Statius
1203 1700 1230 1738 et

189 1805 332 1868 Martialis,
344 1799 432 1870 Epigr.
448 1794 473 1859 l,
487 1808 532 1862 71,
542 1807 566 1840 r.
584 1786 615 1851 6,
627 1793 782 1842 narrarunt,
798 1776 901 1830 nullum
917 1786 1001 1829 exstat
1014 1776 1071 1846 ejus
1081 1769 1229 1840 vestigium.

189 1889 311 1944 P.Victor
319 1893 344 1933 et
351 1880 420 1932 Sext.
430 1870 513 1924 Rufos
521 1866 633 1918 nonnisi
642 1879 739 1915 nomon
750 1859 867 1912 afferunt
874 1856 917 1909 his
924 1855 1024 1908 verbis:
1035 1869 1114 1926 equus
1119 1850 1230 1902 aheneus

119 2015 120 2024 r
189 1961 335 2022 Domitiani
342 1954 451 2029 Augusti
454 1989 464 2017 ,
474 1946 546 2000 nulla
553 1959 642 1998 tamen
651 1951 775 1994 accurata
785 1939 949 2010 expositione
958 1933 1057 1987 addita.
1072 1933 1232 2002 Quanquam

190 2051 269 2120 igitur
282 2039 365 2095 critici
379 2033 495 2101 undique
510 2023 673 2096 collegerunt
686 2019 851 2091 antiquitatis
865 2017 1029 2080 testimonia,
1042 2025 1103 2065 sunt
1116 2009 1172 2062 hec
1186 2021 1232 2059 aut

191 2126 271 2190 falsa,
283 2132 328 2173 aut
340 2116 425 2169 aliena
437 2105 534 2162 abhoc
546 2103 691 2154 Domitiani
701 2109 891 2164 monumento,
906 2100 981 2168 cujus
992 2105 1084 2146 auctor
1097 2108 1132 2142 ne
1143 2089 1232 2158 conje-

191 2221 265 2260 ctura
277 2197 383 2274 quidem
393 2186 526 2265 probabili
537 2181 664 2255 cognosci
674 2191 773 2252 potest.
787 2180 869 2232 liare.

225 2349 302 2398 vrrs.
317 2356 338 2390 t.
356 2333 441 2389 Moles
449 2329 590 2406 qeminata.
605 2321 689 2374 Multa
702 2337 783 2392 super
793 2317 865 2371 hunc
877 2315 964 2368 locum
973 2313 1070 2366 frustra
1081 2305 1233 2363 effoderunt

191 2433 362 2496 interpretes,
375 2414 439 2467 dum
450 2409 495 2462 alii
503 2406 608 2476 legant,
619 2404 697 2473 Qrtoe,
708 2400 806 2473 superi,
818 2397 952 2469 imposito,
963 2407 1029 2455 etc.;
1043 2390 1100 2457 alii,
1111 2385 1235 2460 superim-

190 2506 267 2582 positi
280 2497 369 2555 colossi
374 2517 383 2558 ,·
399 2493 456 2560 alii,
467 2485 547 2541 moles
556 2493 703 2560 qemmata,
718 2500 781 2534 eum
794 2475 929 2550 nonqullir
942 2471 1117 2532 editionibus;
1131 2468 1175 2522 alii
1188 2465 1234 2518 de·

193 2591 273 2658 nique
285 2577 364 2634 molet
374 2573 490 2651 qeniata.
506 2569 627 2630 Frustra,
645 2563 766 2632 inquam,
779 2557 834 2608 baec
848 2555 955 2607 omnis:
970 2569 1035 2605 sana
1049 2552 1119 2603 enim
1135 2561 1161 2600 et
1177 2545 1235 2598 sola

345 2657 414 2728 lgsta
423 2649 517 2714 lectio,
526 2658 556 2697 ut
565 2655 636 2695 reeta
646 2639 743 2714 probat
750 2637 896 2691 Gavartius.
906 2633 1075 2686 constructio
1085 2642 1137 2682 est:
1152 2627 1235 2695 «Qum

190 2685 252 2722 vera
262 2675 302 2716 est
310 2678 345 2712 ru

191 2745 289 2810 moles,
297 2739 427 2812 geminata
438 2724 643 2804 superimposito
652 2719 772 2787 colosso,
783 2727 835 2769 stat
845 2712 984 2786 complexa
995 2713 1098 2765 latium
1108 2705 1233 2762 forami»

191 2846 240 2902 per
251 2819 346 2876 molem
358 2810 480 2880 intelligit
492 2823 590 2877 equum
603 2801 767 2853 insistentem
778 2795 850 2859 basi;
863 2813 912 2867 per
922 2791 1145 2865 superimpositum
1156 2785 1237 2842 colos·

193 2926 261 2970 sum,
274 2896 472 2952 Domitianum:
487 2898 559 2938 recte
573 2882 652 2952 igitur
668 2880 819 2956 yeminata,
837 2875 865 2928 id
881 2873 1079 2946 estdupliaata.
1096 2863 1237 2936 complexa

193 2985 299 3037 Latium
309 2980 397 3032 lorum
409 2985 462 3035 est,
474 2965 575 3020 ambitu
586 2981 635 3015 suo
646 2977 780 3032 occupans
793 2969 820 3009 et
831 2955 952 3027 implens.
963 2955 1002 3004 lta
1013 2949 1073 3002 silv.
1084 2947 1120 3011 ΙΙ,
1133 2963 1162 3009 2,
1173 2957 1197 2994 r.
1213 2957 1236 3007 1,

196 3063 230 3116 de
240 3061 342 3114 Arbore
351 3053 439 3107 Atedii
451 3073 458 3102 ι
473 3070 559 3098 .....
572 3054 668 3116 opacat
676 3038 764 3094 Arbor
772 3054 868 3109 aquas,
878 3031 1015 3104 complexa
1023 3026 1126 3078 lacus·
1142 3017 1238 3078 Simili-

197 3156 237 3195 ter
247 3135 361 3192 Martial.
373 3133 462 3205 Epigr.
474 3127 525 3195 IX,
535 3125 586 3192 62,
600 3121 631 3190 5,
641 3121 675 3174 de
688 3120 799 3171 Platano
810 3114 934 3167 Ceteris:

586 3255 591 3265 .
602 3255 607 3266 .
618 3253 624 3264 .
634 3252 640 3264 .
649 3227 708 3262 totos
717 3211 821 3278 soblem
829 3217 924 3271 penates

412 3299 461 3344 Stat
469 3293 575 3358 platanus
583 3289 661 3336 densis
669 3284 796 3331 cesariana
805 3279 885 3327 comis.

196 3387 347 3450 tlnoroiter
359 3389 425 3442 Stat.
438 3383 522 3440 Theb.
535 3384 563 3448 l,
578 3378 646 3434 563:

382 3483 534 3546 Terrigeoam
541 3473 647 3540 Pythona
654 3471 713 3517 (leus
721 3479 811 3530 septem
819 3463 915 3512 orbibus
922 3461 979 3510 stris

382 3544 630 3618 mortanam
639 3575 710 3588 .....

196 3649 300 3706 Scilicet
316 3643 435 3720 perculit.
453 3641 531 3692 Hanc,
543 3651 598 3687 non
611 3628 679 3684 adeo
694 3629 781 3681 tritam
792 3627 865 3680 vocis
879 3621 1097 3694 significationem
1112 3615 1239 3670 adnotare

198 3747 254 3785 non
268 3728 315 3782 aba
328 3745 356 3779 ro
368 3727 453 3776 visum
465 3717 523 3769 fair.

129 3855 132 3862 ’
235 3887 259 3920 2.
278 3866 390 3918 Latium.
401 3855 461 3912 Vid.
472 3851 550 3907 vrak.
562 3847 804 3916 assiriorum,
815 3844 875 3914 433.
891 3845 931 3898 De
940 3841 994 3895 boo
1003 3840 1063 3893 looo
1074 3849 1156 3909 egunt
1167 3833 1238 3904 lips.

198 3951 231 4004 tle
243 3947 350 4017 Magnit.
363 3945 437 3995 llom.
451 3939 500 4004 111,
514 3954 539 4007 7,
551 3953 577 4007 p.
592 3933 657 3999 160,
671 3943 697 3986 et
708 3928 827 3985 Parrbas.
841 3927 887 4001 qui
900 3939 979 3997 negat
991 3924 1079 3976 forum
1090 3920 1241 3972 Romanum
