2782 4486
399 313 529 378 Ltflut
553 313 727 396 Quium
753 315 1005 381 sumnum
1156 317 1221 384 665

184 441 306 512 antiquis.
319 439 359 492 ltu
372 456 466 510 supra,
481 459 503 490 v.
518 439 567 508 96,
583 439 673 494 domos
685 459 735 512 pro
749 440 828 494 dolos.
846 442 888 495 Sic
904 442 976 513 apud
990 443 1157 513 iuvenalem,
1170 449 1222 501 Sat.

184 524 235 586 Vl,
248 539 311 574 vers.
327 517 378 575 605
391 531 417 572 et
428 537 488 590 sqq.

541 623 547 632 .
558 622 562 634 .
573 624 577 634 .
587 593 651 636 ,Stat
659 592 762 638 Fortuna
770 590 877 653 improba
886 604 957 639 noctu

368 659 478 706 Arridens
487 657 555 708 nudis
563 659 689 708 infantibus
698 677 704 708 z
715 660 759 708 lios
765 661 830 709 foret
839 659 900 708 uluis

368 729 512 794 Involvitque
521 732 572 778 siun
581 748 587 777 :
598 733 705 779 domibus
714 745 770 778 tune
779 733 877 795 porrigit
885 731 949 790 altis,

368 803 533 865 Secretumque
543 803 588 850 eibi
597 804 692 848 mimm
700 814 767 866 parat
776 817 781 847 τ

186 905 223 964 ita
241 902 395 976 legendum:
410 901 503 974 vulgo,
517 902 585 955 falso
604 917 630 956 et
648 905 705 956 sine
723 919 816 967 sensu,
836 903 880 955 los
893 902 969 974 fovet
987 923 1087 965 omnest
1102 907 1226 977 scriptum

187 996 242 1035 erat
256 982 322 1036 olnis
336 1002 385 1054 pro
400 982 484 1046 ulnis5
502 982 564 1034 inde
582 984 608 1036 iu
627 984 726 1050 omnis,
741 983 768 1034 id
787 995 840 1048 est,
853 1000 955 1049 omnes,
973 983 1127 1056 demigravit
1140 985 1226 1038 lectio.

187 1059 301 1128 Plinius,
318 1061 401 1131 Epist.
417 1061 467 1125 IX,
486 1077 530 1111 tn:
549 1060 723 1132 «Castigabat
740 1059 847 1131 quidam
865 1060 946 1113 filiurn
961 1081 1038 1114 suum
1052 1063 1124 1135 quod
1137 1063 1228 1136 paullo

189 1143 349 1193 sumtuosius
360 1159 444 1212 equos
457 1153 483 1193 et
495 1158 572 1192 canes
585 1153 718 1202 emerem·
733 1143 771 1194 sic
782 1140 862 1214 vulgo
873 1140 980 1212 legitur3
993 1141 1039 1194 sed
1054 1142 1228 1214 proculdubio

135 1281 137 1286 Ι
189 1221 295 1290 scripsit
308 1220 421 1287 Plinius,
439 1239 543 1291 «equos
563 1233 587 1273 et
606 1239 686 1274 canes
705 1220 816 1274 aleret.»
838 1224 878 1274 Itu
891 1241 994 1276 summa
1007 1241 1055 1295 pro
1070 1222 1144 1276 Sutia
1158 1222 1230 1295 apud

189 1301 330 1367 Senecam,
344 1301 469 1353 Controv.
484 1303 523 1366 11,
540 1318 586 1366 tn,
606 1313 635 1352 ut
653 1314 723 1352 recte
741 1301 854 1354 restituit
870 1301 1034 1355 Gulielmius.
1050 1301 1159 1356 Sensum
1177 1301 1230 1355 loci

189 1383 297 1436 Statiani
307 1384 409 1452 egregie
419 1379 533 1433 illustrat
542 1379 620 1432 Ovid.
631 1381 709 1433 Trist.
721 1381 768 1448 111,
779 1399 805 1453 7,
819 1383 849 1440 15
859 1395 885 1433 et
895 1401 949 1455 seq.
960 1381 992 1434 de
1001 1383 1101 1436 Perillae
1109 1385 1230 1456 ingenio,

373 1489 424 1534 Hoc
434 1504 477 1550 ego
486 1485 605 1550 Pegasidas
614 1486 700 1533 deduxi
708 1489 796 1550 primus
806 1487 835 1534 ad
844 1487 929 1546 undar,

405 1561 439 1603 Ne
450 1557 508 1604 mule
517 1557 623 1604 fecundae
633 1572 690 1602 vena
700 1560 789 1619 periret
797 1574 870 1622 aquus.

190 1658 277 1725 Atque
292 1653 348 1706 hec
367 1653 430 1706 olim
448 1667 641 1708 commentatus
660 1673 741 1706 eram.
761 1653 821 1706 lam
835 1672 898 1707 vero
916 1655 998 1714 incidi
1010 1659 1038 1708 iu
1054 1660 1231 1727 conjecturam

191 1753 248 1805 quie
260 1734 377 1805 impense
391 1731 489 1804 placet;
505 1752 600 1805 nempe
614 1733 716 1788 Ascrtea
729 1750 778 1804 pro
791 1732 915 1787 instrata.-
933 1736 997 1788 sMe
1009 1754 1117 1808 quoque
1129 1737 1232 1790 vocales

191 1813 265 1866 lucos
279 1813 437 1884 Ascraenque
448 1815 547 1885 Tempe
560 1813 747 1876 Pulsantem3·
762 1831 792 1865 ex
807 1814 958 1886 Propertio,
969 1817 1003 1882 11,
1022 1817 1052 1868 13
1064 1829 1091 1868 et
1105 1834 1161 1887 seq.

377 1920 419 1965 Hie
428 1935 466 1966 me
476 1931 522 1965 tam
532 1918 629 1981 graciles
637 1919 711 1966 vetuit
720 1931 870 1966 contemnere
879 1921 970 1976 Musas,

407 1989 478 2036 Jussit
487 2001 510 2035 et
519 1991 634 2038 ternum
644 1990 677 2036 ric
686 1989 791 2036 habitare
800 2005 894 2037 nemus:

192 2088 273 2141 Astra
287 2100 342 2140 erat
355 2087 484 2161 oppidum
498 2090 618 2155 Boeotiae,
632 2090 718 2160 patria
732 2087 852 2156 Hesiodi,
870 2090 917 2160 qui
931 2106 1023 2159 supra,
1037 2107 1060 2140 v.
1077 2089 1141 2158 151,
1154 2107 1234 2143 voca-

193 2182 236 2220 tur
250 2170 364 2223 Ascroeus
378 2188 466 2236 senex,
482 2189 513 2222 ex
526 2169 618 2240 virgil.
635 2168 690 2219 Ecl.
703 2171 752 2236 Vl,
767 2185 809 2240 7⁰·
824 2171 901 2221 Juxta
916 2169 1053 2222 hauserat
1068 2169 1193 2237 Helicon,
1207 2183 1233 2223 et

193 2251 252 2302 inus
264 2251 418 2323 Aganippe,
430 2263 457 2302 et
468 2249 520 2303 inei
530 2241 617 2303 Musis
624 2252 707 2315 suerit
721 2265 788 2320 quos
800 2249 901 2304 vocales
911 2249 983 2304 lucos
992 2263 1017 2302 et
1025 2251 1127 2304 Ascroea
1139 2251 1235 2325 Tempe

193 2345 270 2383 vocat
283 2333 387 2384 Noster.
404 2333 516 2384 Asoroeos
524 2329 614 2401 fontes
627 2330 747 2401 Propert.
762 2331 802 2396 ll,
820 2347 867 2396 ro,
883 2329 931 2382 25:
946 2328 1093 2402 symmach.
1107 2331 1191 2400 Epist.
1207 2332 1234 2394 1,

193 2410 238 2480 47,
253 2431 266 2456 r
273 2410 331 2461 Nisi
342 2410 411 2461 forte
421 2411 448 2462 in
459 2409 529 2463 silvis
541 2407 691 2481 Apollinem
704 2409 881 2474 continuaris,
893 2421 922 2460 ut
934 2406 977 2460 ille
990 2422 1081 2480 pastor
1091 2407 1236 2475 Hesiodus,

192 2506 274 2558 quem
288 2491 393 2560 poetica
406 2490 483 2542 lauru
494 2487 653 2544 Camnenalis
663 2486 764 2538 familia
776 2488 943 2540 coronavit.»
957 2487 1036 2540 Vides
1048 2505 1168 2560 quamam
1181 2487 1236 2538 lus·
1282 2511 1287 2526 ·

196 2570 249 2620 rint
266 2567 306 2621 he
324 2568 396 2623 siloc
414 2581 440 2620 et
455 2570 551 2639 Tempe
567 2568 668 2620 Ascraeo
674 2589 684 2629 ‚·
703 2582 798 2638 nempe
818 2585 875 2637 quse
895 2565 958 2618 olim
976 2567 1088 2619 incoluit
1105 2565 1235 2619 Hesiodus

194 2650 323 2714 Astreus,
337 2649 420 2701 Musis
432 2661 458 2700 et
469 2646 587 2718 Apollini
602 2665 692 2703 sacra:
708 2645 841 2699 haecdicit
855 2647 952 2699 Statius
966 2663 993 2698 se
1006 2646 1139 2718 pulsasse,
1153 2660 1179 2698 et
1192 2646 1236 2698 ad-

196 2730 303 2779 missum
314 2726 403 2779 fuisse.
416 2728 523 2799 Optime
536 2727 623 2778 omnia
638 2727 813 2787 conveniunt;
828 2739 854 2777 et
867 2726 944 2776 unius
958 2739 1059 2778 tantum
1072 2726 1152 2779 lirerae
1165 2725 1175 2777 l
1187 2727 1236 2778 dii-

195 2805 307 2860 fcrentin
326 2817 366 2857 est
382 2806 451 2858 inter
468 2807 624 2876 scripturam
642 2822 737 2856 vocum
753 2803 860 2857 lustrata
879 2816 905 2856 et
918 2821 1026 2872 mereo,
1045 2807 1073 2858 in
1086 2805 1237 2858 charactere

195 2886 411 2961 Langobardi003
426 2906 458 2940 ex
472 2905 526 2959 quo
540 2887 702 2956 transcripta
717 2905 773 2939 esse
789 2889 877 2940 omnia
892 2905 949 2959 quae
962 2907 1034 2940 nune
1045 2888 1175 2942 hebemus
1187 2887 1237 2941 ha·

197 2988 255 3021 rum
268 2966 397 3021 Silvarum
411 2966 586 3039 exemplaria,
600 2963 689 3018 nullus
703 2964 805 3018 dubito.

233 3136 262 3171 nr
271 3138 292 3170 ι.
312 3119 404 3192 Neque
418 3119 488 3170 enim
500 3117 567 3169 milri
579 3119 660 3171 sideru
677 3126 779 3169 tantum
792 3119 960 3192 AEqnoruque
974 3132 999 3172 et
1013 3129 1090 3172 terras
1100 3138 1178 3193 quum
1196 3137 1238 3172 uos

197 3201 284 3253 dedere
301 3201 413 3272 parenti.
428 3200 467 3274 ltu
486 3197 545 3250 libri
563 3200 670 3260 vetusti;
691 3217 749 3270 que
764 3199 908 3266 Domitius,
927 3217 1009 3270 quum
1027 3218 1082 3252 uon
1097 3197 1238 3265 intellexit,

198 3279 350 3352 depravavit
362 3279 415 3332 hoc
429 3277 524 3345 modo,
538 3291 663 3351 quantum
676 3280 806 3332 ostendere
815 3281 928 3350 parenti.
940 3281 974 3330 Et
987 3279 1058 3333 huuc
1072 3293 1166 3332 secute
1178 3292 1239 3331 sunt

198 3359 285 3412 multe
295 3357 441 3426 editiones,
455 3372 480 3408 et
492 3360 559 3410 inter
570 3376 616 3410 eas
626 3359 791 3411 Gerartisna.
806 3360 949 3430 Antiquam
961 3371 987 3411 et
998 3377 1085 3412 veram
1098 3359 1238 3411 lectionem

198 3441 308 3492 restituit
322 3441 486 3506 Gronovius,
496 3437 606 3491 Distrib.
620 3457 643 3489 c.
660 3437 703 3508 57,
719 3450 746 3490 et
758 3438 827 3490 bene
841 3438 987 3511 explicavit.
1002 3440 1170 3492 constructio
1184 3452 1238 3490 est:

202 3537 309 3590 tneque
324 3521 393 3570 enim
405 3530 510 3570 tuntum
524 3531 563 3570 est
574 3516 638 3570 mihi
650 3516 748 3570 debere
760 3520 864 3589 parenti
878 3517 963 3571 sidera
976 3537 1134 3589 equornque
1148 3532 1175 3570 et
1189 3532 1238 3569 ter-

199 3617 255 3662 ras,
269 3616 348 3670 quam
360 3597 399 3649 illi
412 3596 509 3650 debere
520 3617 583 3664 vos,
595 3617 611 3648 o
624 3597 741 3659 Mosen
756 3597 783 3649 id
796 3610 849 3665 est,
863 3616 917 3651 non
931 3601 997 3650 tanti
1009 3599 1129 3651 existimo
1144 3597 1238 3649 debere

199 3681 267 3752 petri
286 3697 345 3730 meo
358 3677 428 3730 hanc
445 3677 531 3731 lucem
549 3689 576 3731 et
594 3691 686 3729 caetera
699 3679 758 3728 vitre
776 3677 919 3745 beneficia,
935 3682 1027 3751 quanti
1043 3679 1118 3751 quod
1131 3678 1174 3730 ille
1191 3698 1238 3730 vos

198 3759 263 3812 mihi
274 3761 374 3829 primus
384 3762 552 3812 monstravit:
563 3757 622 3830 plus
632 3756 670 3811 illi
680 3757 810 3830 obligatus
823 3777 881 3812 sum
891 3773 1002 3833 propter
1013 3760 1078 3826 hoc,
1089 3779 1167 3833 quam
1178 3778 1238 3830 pro·

199 3853 257 3910 pter
270 3841 357 3892 vitum.
372 3842 412 3892 Ile
426 3860 491 3894 voce
503 3841 591 3893 debere
603 3842 630 3890 in
642 3839 696 3890 hoc
709 3859 788 3892 sensu
802 3841 855 3892 dixi
869 3861 949 3912 supra
961 3842 996 3894 atl
1008 3845 1045 3908 ll,
1059 3843 1092 3907 3,
1110 3866 1120 3886 κ
1131 3841 1177 3892 ribi
1191 3840 1236 3891 de·

199 3915 244 3970 bet
256 3917 416 3990 Hamadryas
429 3939 542 3971 annosas
558 3917 609 3971 Sed
622 3917 705 3969 multo
718 3916 824 3985 melius,
837 3921 859 3971 si
871 3919 937 3990 quid
949 3919 1038 3984 video,
1050 3919 1161 3989 legetur,
1175 3936 1239 3968 «ne-

201 4018 252 4069 que
272 4000 340 4050 cuim
359 3999 422 4052 milri
437 3999 522 4052 sidera
538 4001 603 4050 tanti
623 3999 791 4070 AEquoraque
807 4011 831 4050 et
846 4011 943 4065 terras,
963 4017 1043 4068 quum
1061 4017 1107 4050 vos
1126 3995 1239 4062 debere,
1349 4026 1351 4030 .
