2858 4492
199 313 274 393 alio
374 306 508 374 NOTAE
533 307 581 368 ΙΝ
605 305 799 368 CARMEN
825 301 1082 368 SEPTIMUM

206 437 348 489 lectionem
359 435 382 484 si
392 430 498 482 vidisset
510 429 656 493 Domitius,
668 427 756 492 avide,
768 441 808 478 sat
819 429 887 492 scio,
900 428 1065 498 arripuisset3
1077 443 1103 480 et
1111 427 1174 480 bine
1183 448 1247 501 pro-

206 515 294 570 babile
313 513 343 564 lit
359 511 433 563 illum
447 527 583 578 nunquam
600 509 743 579 inspexisse
757 509 831 558 istam
846 505 997 559 editionem.
1012 505 1085 574 Quid
1098 509 1193 579 igitur,
1206 510 1247 560 iu·

208 598 280 668 quis,
295 595 375 646 iacies
387 594 430 644 isti
440 591 499 642 voci
510 590 647 660 pateram?
661 607 722 640 ecce
736 585 783 638 tibi
791 627 800 653 ,

422 688 450 732 Et
459 687 532 748 siqua
542 683 643 747 patulam
652 684 713 730 diem
722 686 811 744 recepit

346 765 351 793 ί
421 759 491 805 Sertis
499 755 607 804 mollibus
616 755 735 818 expleatur
743 755 831 801 umbra.

206 867 265 916 lam
280 879 403 914 numeros
419 859 551 913 Sutianos
567 860 696 928 agnoscis.
715 859 765 908 Pro
776 854 897 927 patulam
911 874 999 907 errore
1013 855 1111 909 librarii
1122 858 1246 929 scripturn

207 958 262 996 eret
273 940 388 1016 patelam
405 962 412 989 .·
428 939 498 991 unde
506 979 515 1005 ,
534 949 634 989 mutata
646 955 698 988 une
711 937 804 1003 litera,
823 937 943 989 fecerunt
953 948 1081 1007 pateram.
1100 939 1171 990 Bene
1184 955 1246 990 vero

206 1025 273 1077 diem
284 1021 404 1097 patulam
416 1039 424 1068 .·
436 1021 472 1071 ita
484 1035 529 1070 aer
535 1017 642 1092 patulus
650 1019 766 1083 Avieno,
778 1015 913 1070 Phoeuom.
923 1019 995 1069 Aret.
1005 1036 1029 1068 v.
1042 1018 1121 1079 1113;
1132 1020 1246 1088 apricam

207 1105 275 1155 diem
283 1113 363 1153 vocat
370 1098 427 1150 Val.
438 1097 564 1162 Flaccus,
574 1100 598 1164 l,
612 1097 677 1164 8453
689 1097 777 1169 aprica
787 1115 848 1149 saxa
857 1097 949 1168 Virgil.
960 1098 1056 1168 Georg.
1067 1097 1084 1166 l.
1095 1099 1118 1149 ll
1125 1137 1134 1164 ,
1143 1117 1168 1149 v.
1179 1097 1245 1160 522;

207 1183 283 1249 adbit
297 1179 390 1234 eodem
406 1177 488 1243 libro,
503 1196 527 1228 v.
547 1194 612 1244 ιη,
626 1187 727 1246 apertos
738 1175 832 1242 colles,
850 1175 943 1229 eodem
956 1195 1035 1230 sensu
1047 1199 1053 1227 :
1065 1175 1092 1228 id
1104 1191 1158 1244 est,
1168 1187 1245 1248 putu·

206 1262 252 1315 los.
265 1261 467 1332 Appositissime
479 1257 554 1310 Ovid.
568 1257 623 1307 Art.
636 1256 723 1307 Amat.
735 1257 773 1324 Π,
783 1256 850 1325 619:

390 1367 418 1410 Et
426 1365 445 1410 ei
454 1377 503 1408 non
511 1361 632 1419 tenebrae,
643 1373 666 1407 at
674 1360 785 1424 quiddam
794 1361 862 1408 nubis
872 1377 950 1423 opace

420 1433 561 1494 Quaerimus,
572 1444 642 1494 atque
651 1429 737 1493 aliquid
746 1429 800 1478 luce
808 1444 902 1494 patente
912 1435 1001 1479 minus:

204 1535 232 1586 id
246 1546 298 1598 est,
310 1532 352 1586 die
361 1530 463 1604 patulo.
477 1529 539 1582 Dies
549 1529 618 1581 enirn
630 1527 682 1581 hoc
693 1531 768 1582 Statii
779 1530 840 1582 loco
852 1529 921 1582 idem
934 1545 973 1582 est
985 1527 1057 1602 quod
1067 1527 1174 1594 colum,
1190 1527 1245 1582 lux.

206 1613 314 1678 Noster,
327 1608 456 1672 Thebaid.
472 1607 518 1660 lib.
531 1609 559 1673 l,
573 1626 638 1659 vers.
656 1625 719 1678 199,

391 1716 502 1761 lutet-iore
512 1711 582 1776 polo:
593 1715 672 1778 spatiis
681 1713 736 1762 hnic
745 1717 820 1761 omnia
827 1717 904 1776 juxta,

390 1787 518 1848 Primaque
528 1784 676 1847 occiduaeque
687 1785 782 1842 domus,
793 1798 817 1831 et
825 1785 877 1833 fun
885 1785 929 1832 sub
938 1786 1001 1830 omni

391 1859 462 1903 Terra
470 1869 541 1919 atque
550 1855 613 1902 unda
622 1855 668 1901 die.

205 1959 245 2009 lta
262 1954 389 2028 legendus
404 1957 452 2007 iste
466 1955 559 2006 locus:
575 1954 670 2024 vulgo,
688 1956 764 2022 hinc,
784 1968 810 2006 et
825 1956 921 2027 effusa.
940 1958 1022 2008 Vetus
1040 1958 1171 2026 interpres
1185 1977 1191 2004 :
1204 1955 1248 2006 suh

206 2038 280 2088 omni
290 2035 331 2086 die
338 2056 348 2096 s
365 2035 393 2086 id
402 2047 451 2098 est,
464 2035 510 2087 sul>
524 2035 597 2086 omm'
610 2034 682 2086 coelo.
696 2038 832 2104 Lucanus,
843 2037 892 2102 lll,
904 2035 969 2104 443,
981 2034 1014 2087 de
1026 2037 1099 2088 cesis
1111 2034 1249 2088 arboribus

131 2131 137 2140 ‘
206 2116 317 2186 loquens
331 2136 337 2166 :
353 2115 448 2165 «Tunc
463 2115 577 2185 primum
592 2132 704 2185 posuere
718 2134 822 2181 eomas,
836 2130 863 2168 et
874 2115 969 2169 fronde
979 2128 1101 2168 carentes
1113 2115 1248 2168 Admisere

205 2195 290 2247 diem:
301 2217 312 2241 n
326 2192 416 2259 idest,
430 2192 512 2244 lucem
523 2211 643 2263 recepere.

243 2337 284 2404 24.
303 2335 376 2390 Felix
395 2337 461 2389 heu!
479 2338 562 2390 nimis.
578 2340 698 2405 Prtestat,
717 2339 791 2392 Felix
808 2359 841 2406 o,
858 2341 942 2392 nimis.
958 2341 1074 2404 Seneca,
1091 2341 1167 2390 Herc.
1183 2339 1247 2390 OEt.

205 2436 229 2467 r.
247 2417 330 2487 1778:
349 2440 360 2462 ι
370 2418 395 2469 0
407 2417 482 2467 nimis
496 2416 573 2481 felix,
586 2419 676 2484 nimis,
688 2419 816 2471 Thebane
829 2423 940 2490 conjux!
952 2443 963 2466 s
977 2421 1084 2491 Quippe
1098 2418 1150 2469 heu
1160 2420 1202 2469 rix
1214 2417 1258 2468 lo-·

206 2515 266 2548 cum
276 2494 356 2629 ha⁵bet
366 2498 417 2547 nisi
425 2499 453 2546 in
464 2515 492 2547 re
504 2495 624 2565 lugubri;
636 2511 666 2548 ut
677 2501 703 2551 in
717 2501 766 2550 ista
776 2497 860 2550 Didus
872 2498 943 2570 opud
954 2501 1025 2569 virg.
1036 2497 1137 2549 AEneid.
1148 2497 1193 2548 lib.
1204 2499 1249 2561 iv,

205 2595 270 2629 vers.
283 2577 301 2628 6
320 2595 347 2648 7:

390 2655 466 2715 Felix,
477 2655 524 2703 heu
532 2658 627 2704 nimium
637 2658 706 2715 felix,
717 2660 736 2704 ei
744 2659 812 2705 litora
820 2671 909 2706 tantum

390 2729 514 2791 Nunquam
524 2729 644 2776 Dardaniae
652 2732 781 2793 tetigissent
789 2744 867 2778 nostra
876 2733 971 2778 cuine!

206 2829 315 2891 Noster,
333 2826 443 2877 baurim.
463 2827 564 2878 Etrusc.
585 2847 607 2878 v.
625 2827 677 2880 25:
695 2827 802 2895 «Felix,
814 2827 868 2881 heu
881 2831 990 2880 nimium
1003 2827 1080 2893 felix,
1092 2827 1252 2900 plorataque

205 2921 269 2958 nato
289 2904 390 2958 Umbra
407 2907 510 2957 venit.»
532 2908 579 2958 llic
597 2927 658 2959 vero
677 2907 825 2961 exsultandi
843 2913 932 2981 potius
951 2929 1029 2980 quam
1048 2905 1153 2960 dolendi
1169 2908 1253 2960 datur

206 2989 320 3040 occasio.
343 2988 443 3057 Supra,
462 2986 522 3038 Silv.
540 2989 566 3052 i,
587 3006 600 3038 a
619 3009 625 3036 ε
649 3011 660 3034 ι
751 2993 848 3045 ..satie
865 3010 880 3042 o
898 2992 1059 3059 nimiumque
1075 2989 1175 3058 priores
1193 2991 1253 3040 De-

205 3069 319 3136 spexisse
329 3085 434 3137 procos.
446 3090 456 3113 a
468 3068 508 3118 De
519 3065 560 3118 his
569 3069 679 3120 vocibus
687 3069 741 3121 dixi
750 3068 783 3119 ad
794 3069 878 3121 Carm.
889 3071 1003 3140 primum
1012 3067 1090 3138 hujus
1100 3065 1161 3118 libri
1169 3087 1194 3120 v.
1204 3070 1252 3135 41.

204 3142 332 3195 Thebaid.
350 3143 395 3195 lib.
409 3147 457 3211 Ν,
473 3163 540 3196 vers.
555 3147 601 3215 761
620 3169 625 3197 :
650 3159 822 3198 ....tantum
838 3147 948 3200 reduces
964 3147 1009 3199 det
1024 3147 1128 3198 flectere
1142 3165 1252 3218 gressus

203 3223 342 3294 luppiter,
357 3243 372 3275 o
388 3237 486 3294 quanta
504 3223 567 3277 belli
583 3225 717 3280 donabere
733 3228 862 3299 prodaln
883 3228 930 3280 ubi
944 3227 1011 3279 male
1024 3225 1108 3279 codex
1119 3229 1253 3280 Patrensis

205 3300 301 3367 habet,
314 3303 364 3354 heu
373 3319 479 3374 quanta.
490 3307 611 3358 Lucanus
622 3311 745 3360 tamenin
756 3329 784 3361 re
796 3308 954 3376 similiVlll,
968 3309 1017 3376 139
1029 3331 1034 3358 :
1051 3331 1062 3353 ι
1072 3311 1130 3360 Heu
1140 3311 1255 3361 nimium

205 3378 267 3431 felix
283 3395 379 3433 eterno
398 3385 504 3437 nomine
520 3385 651 3439 Lesbos.»
669 3389 815 3454 Charisius,
833 3387 877 3440 lib.
891 3389 926 3455 ll,
941 3409 968 3460 p.
981 3387 1045 3454 213,
1056 3402 1132 3440 notat
1143 3407 1158 3440 o
1171 3389 1258 3442 etiarn

204 3459 316 3512 dolentia
330 3481 401 3514 esse:
416 3487 427 3510 e
440 3466 464 3516 Ο
474 3463 587 3518 dolentis
598 3481 651 3535 est,
660 3483 690 3520 ut
700 3471 789 3535 Maro,
803 3469 826 3521 0
836 3480 921 3540 terque
930 3479 1070 3542 quaterque
1080 3469 1146 3520 beati
1157 3490 1164 3518 :
1178 3469 1255 3520 Aira-

204 3539 262 3590 nius
276 3543 303 3684 ip
319 3543 489 3671 {mancipato
502 3567 508 3596 z
526 3547 624 3618 Oqut'd
633 3547 769 3602 clamas?-
784 3563 810 3600 et
820 3551 856 3602 ita
865 3549 967 3602 sewius
979 3547 1013 3600 ad
1026 3547 1126 3600 AEneid.
1139 3547 1185 3599 lib.
1199 3549 1255 3612 Xl,

202 3635 269 3668 vers.
305 3637 313 3670 ι
339 3659 345 3669 .

238 3761 280 3813 36.
300 3761 401 3814 Natum
416 3777 551 3835 protenus,
567 3781 646 3840 etque
658 3771 765 3823 humum
780 3771 934 3843 peripsam,
948 3784 998 3824 etc.
1019 3771 1140 3822 Imitatur
1159 3769 1254 3822 Sidon.

202 3842 379 3914 Apollinaris,
393 3861 472 3896 carm.
485 3847 585 3916 xxm,
600 3853 665 3918 204:

388 3941 440 3986 Jam
450 3944 550 4005 primum
560 3959 643 3991 tenero
653 3947 765 3994 calentem
776 3947 807 3995 ab
816 3962 868 3994 ortu

388 4013 503 4076 Excepere
513 4016 564 4062 sinu
574 4031 658 4064 novem
668 4033 767 4066 sorores.
