2844 4484
294 305 329 368 P.
350 303 383 366 P.
403 302 527 368 surr.
546 299 662 366 suu.
681 302 767 365 nin.
785 302 833 382 V,
852 304 992 370 cinit.
1012 303 1080 372 ιιι.
1141 308 1207 400 609

213 427 383 498 Dedidici:
397 428 514 519 fugere
525 451 618 495 meos
631 432 790 496 Parnasia
800 429 908 496 crines

213 541 360 624 Vellere,
373 541 609 635 funestamque
621 540 728 609 ederis
740 544 887 633 irrepere
898 557 1014 611 taxum

213 655 377 734 Extimui‚
390 651 637 745 trepidamque,
650 651 760 720 nefus!
776 674 924 719 arescere
936 653 1084 738 laurum,

216 761 276 830 llle
287 763 630 856 ego,mugnanimum
642 764 700 855 qui
712 761 798 829 facta
810 761 961 831 attollere
972 789 1091 857 regum
1182 803 1212 838 to

217 873 311 941 lbnm
323 873 430 940 altum
442 874 589 964 spirans,
601 877 813 966 Martemque
825 895 959 965 tequare
970 878 1132 948 canendo.

216 985 298 1068 Quis
310 981 413 1050 sterili
425 1005 501 1048 mea
512 981 613 1049 corda
624 984 708 1064 situ,
721 985 796 1077 quis
809 981 962 1075 Apolline
973 1009 1070 1055 verso
1162 1041 1166 1048 .

218 1094 349 1185 Frigida
362 1093 529 1162 damnntae
539 1093 708 1186 praeduxit
719 1093 833 1162 nubila
844 1097 970 1162 menti?

219 1209 312 1274 Stant
323 1209 451 1274 circum
462 1210 613 1274 attonitae
624 1223 751 1290 vetem,
765 1222 799 1274 et
809 1205 858 1274 nil
870 1206 968 1276 dulce
980 1230 1136 1281 sonantes

219 1323 287 1386 Nee
299 1317 410 1409 digitis
423 1341 486 1384 nec
496 1341 578 1386 voce
589 1317 769 1386 Deaetdux
781 1320 870 1412 ipso,
884 1318 996 1387 silenti
1186 1341 1215 1392 ι5

220 1428 316 1497 Fulta
327 1446 431 1521 caput
441 1427 583 1510 cithere3
596 1429 704 1522 qualis
717 1446 794 1523 post
802 1431 937 1522 Orphea
948 1449 1081 1524 raptum

221 1540 370 1623 Adstitit,
384 1540 509 1622 Hebre,
525 1540 598 1620 tibi,
610 1562 750 1610 cernens
759 1540 830 1633 jam
843 1542 946 1609 surda
957 1544 1105 1613 ferarum

220 1654 378 1744 Agmina,
391 1669 425 1718 et
436 1653 593 1718 immotos
605 1649 738 1718 sublato
750 1654 898 1719 carmine
910 1649 1015 1722 lucos.

222 1768 263 1829 At
272 1777 326 1842 tu,
337 1784 397 1828 seu
409 1760 569 1828 membris
582 1761 724 1828 emissus
735 1763 771 1826 in
783 1759 886 1828 ardua
897 1763 1023 1846 tendis,

221 1873 467 1966 Fulgentesque
478 1871 608 1964 plagas,
621 1895 802 1966 rerumque
814 1872 980 1942 elementa
991 1899 1159 1964 recenses,
1187 1913 1220 1948 πο

222 1985 304 2069 Quis
316 1989 423 2067 Deus,
436 1983 527 2051 unde
540 1987 649 2076 ignee,
662 2007 739 2077 quae
750 1983 851 2054 ducat
862 1988 981 2054 semita
992 1985 1116 2073 Solem,

222 2099 306 2180 Quae
316 2097 448 2161 minuet
459 2093 621 2179 Phoeben,
635 2119 777 2189 quaeque
788 2098 954 2186 integrare
966 2096 1126 2168 latentem

214 2353 240 2405 7.
258 2337 308 2388 Pro
320 2354 402 2403 meos,
417 2335 476 2388 cod.
487 2337 567 2388 Perit.
580 2335 622 2388 ed.
634 2353 674 2408 pr·
720 2336 840 2402 mollem,
856 2335 929 2389 tarda
943 2340 1067 2411 aymina5
1082 2355 1111 2392 ut
1125 2342 1219 2400 immo-

177 2417 237 2468 met'.
256 2415 287 2466 d.
720 2424 758 2468 tos
770 2414 847 2468 lucos.
862 2416 962 2483 Tarda,
978 2442 989 2464 ι
1000 2436 1053 2469 non
1067 2434 1152 2487 mota,
1164 2435 1219 2473 nou

214 2513 239 2564 9.
259 2497 310 2546 Pro
318 2495 530 2562 Extimui,lorte
538 2493 676 2566 legendum
720 2497 892 2565 sequentie‚·
909 2509 939 2547 ut
951 2499 1024 2568 prius
1037 2498 1165 2550 fecerunt.
1179 2501 1220 2552 Sic

178 2573 309 2634 Sustinui‚·
320 2588 346 2625 et
355 2592 404 2644 pro
415 2575 555 2644 trepidam,
564 2585 676 2642 partum.
721 2572 793 2643 apud
812 2573 951 2640 Ovidium,
969 2576 1077 2640 Heroid.
1092 2580 1151 2643 Vll,
1171 2597 1219 2650 27:

178 2685 215 2694 -
227 2653 293 2706 cod.
311 2655 390 2704 Perit.
405 2651 468 2704 edit.
486 2671 528 2722 pr.
542 2653 678 2716 Extimui,
726 2651 793 2702 ·llle
807 2651 913 2723 quidem
932 2653 1000 2706 mule
1017 2669 1122 2724 gratus,
1142 2657 1221 2710 etad

180 2734 352 2805 tepidamque.
373 2733 458 2784 Versu
476 2733 612 2802 sequenti,
627 2749 678 2800 pro
723 2747 781 2780 mea
801 2748 912 2783 munere
932 2731 1067 2797 surdum
1091 2748 1144 2789 tres
1161 2736 1222 2790 libri

179 2810 231 2863 Ille
242 2827 302 2882 eqo,
315 2807 396 2876 vulgo
411 2810 483 2860 Certe
493 2825 555 2880 eqo,
567 2804 641 2879 quod
653 2820 679 2859 et
722 2806 822 2860 hebent
835 2812 934 2878 tardus,
950 2812 1023 2883 qnod
1037 2813 1150 2885 praetulit
1161 2817 1224 2868 Bur-

180 2890 280 2942 bebent
295 2888 356 2941 cod.
373 2887 457 2942 Paris.
471 2886 533 2941 edit.
552 2905 592 2958 pr.
610 2884 679 2936 Vide
723 2903 848 2950 mannus,
864 2895 942 2958 qtiem
956 2889 1024 2942 vide.
1045 2893 1137 2962 Venet.
1155 2895 1222 2948 dura

180 2982 236 3024 not.
251 2969 285 3022 ud
296 2989 334 3022 vs.
349 2969 374 3020 8.
393 2970 424 3018 A.
722 2983 838 3018 sororum
848 2967 971 3039 Aqmind.
983 2997 1020 3008 -—
1032 2969 1098 3022 Cod.
1109 2973 1167 3023 Per.
1179 2973 1221 3025 ed.

219 3067 259 3102 tt.
276 3051 325 3100 Pro
333 3049 459 3113 Meam,
467 3048 553 3097 Purm.
561 3055 678 3094 matrem.
724 3061 765 3113 pr.
777 3041 911 3112 vulgatam
921 3047 1050 3098 retinent:
1062 3049 1174 3119 optime!
1189 3054 1221 3102 A.

181 3161 216 3171 ..
225 3127 291 3184 Cod.
302 3132 361 3180 Per.
372 3139 398 3180 et
409 3125 451 3177 ed.
461 3144 502 3197 pr.
514 3125 635 3176 Martem.
647 3123 679 3172 A.
764 3138 803 3190 ¹9·
822 3123 873 3172 Pro
885 3123 1002 3191 ῑεηάεπε,
1016 3124 1088 3197 quod
1098 3126 1177 3199 vulgo
1190 3129 1224 3182 le·

220 3225 260 3260 12.
280 3209 329 3258 Pro
343 3206 437 3268 corda,
451 3205 546 3256 Vocet.
565 3211 633 3254 vota.
646 3229 682 3242 ·—
725 3202 805 3271 gitur,
819 3204 981 3253 constructio
995 3203 1111 3274 postulat
1125 3207 1222 3261 tendis.-

182 3287 248 3340 Cod.
264 3289 345 3340 Paris.
363 3285 425 3338 edit.
440 3304 481 3356 pr.
500 3283 585 3336 corda.
605 3281 681 3347 Mox,
727 3281 837 3332 sienim
858 3281 970 3333 retineat
992 3283 1108 3350 tendens,
1128 3285 1225 3341 dixisse

182 3386 231 3439 pro
248 3385 316 3420 omo
334 3381 360 3420 et
376 3385 433 3436 eeq.
448 3383 525 3417 vereu
538 3361 680 3436 proeduxit,
725 3358 817 3410 debuit
833 3359 929 3412 Statius
951 3362 1095 3415 «membris
1114 3367 1224 3419 emissus

183 3445 261 3515 vulgo
277 3464 388 3498 merso...
401 3443 538 3516 produxit3
555 3440 629 3512 quod
641 3443 682 3511 ip·
727 3438 788 3488 etin
799 3437 882 3518 ardue
890 3436 1012 3490 tendens.
1023 3441 1154 3495 »Videtur
1162 3460 1226 3499 ente

184 3543 242 3576 eum
254 3526 368 3575 retinent
377 3522 438 3575 cod.
448 3523 528 3573 Paris.
542 3520 584 3572 ed.
596 3521 681 3590 princ.
727 3517 820 3570 oculos
837 3516 963 3570 hahutoe
977 3519 1128 3589 Lucanum,
1148 3525 1224 3576 initio

183 3603 249 3656 Vide
263 3617 319 3653 not.
339 3605 370 3652 Δ.
727 3595 772 3647 lib.
783 3596 831 3663 IX,
841 3596 874 3648 (le
882 3599 968 3650 anima
976 3599 1101 3670 Pompeii.
1111 3631 1147 3642 -
1156 3602 1224 3655 Cod.

224 3681 263 3746 14.
283 3683 475 3746 preconante,
489 3678 597 3730 Domitii
608 3676 683 3729 codi-
727 3677 807 3728 Puris.
820 3676 861 3727 ed.
874 3695 914 3749 pr.
928 3679 1039 3730 tendens.
1059 3681 1090 3730 Δ.

186 3776 230 3813 ces
247 3770 400 3818 tonantem
420 3773 446 3810 et
464 3760 500 3809 ite
519 3757 683 3809 Parmensis:
765 3771 807 3808 πο.
825 3754 892 3808 Cod.
903 3758 961 3808 l’ar.
975 3757 1016 3809 ed.
1028 3777 1069 3829 pr.
1082 3759 1227 3833 lithentis·

188 3837 234 3891 sed
248 3837 324 3890 male.
336 3865 373 3876 -
385 3836 451 3890 cod.
467 3838 546 3888 Paris.
561 3835 624 3887 edit.
641 3852 682 3905 pr.
729 3853 785 3904 que.
803 3836 835 3885 A.

188 3927 313 3970 tonantes.
335 3919 366 3968 A.
765 3929 807 3964 υ.
826 3913 877 3963 Pto
888 3917 1004 3979 minuat,
1020 3915 1061 3966 ed.
1076 3917 1160 3986 princ.
1175 3920 1227 3969 mi-

226 4015 266 4066 ¹7·
285 3998 333 4048 l'ro
344 3995 418 4050 turdo
424 3985 543 4064 ferarum
555 3993 684 4064 dymin,
730 4003 827 4056 ouant,
843 4005 869 4044 et
883 3995 920 4046 sic
931 3997 1007 4046 etiem
1023 4012 1037 4045 e
1049 4011 1129 4046 muno
1142 3997 1228 4067 prima

281 4087 311 4155 Ι.
1046 4084 1088 4172 39
