2804 4490
358 333 487 397 Lrssttt
512 333 718 398 SECUNDI
745 335 996 401 SILVARUM.
1133 361 1191 406 nor

151 461 240 514 l'lacc.
253 462 286 522 V,
301 458 369 510 388:
386 459 479 521 anuo,
491 475 595 528 precor,
610 456 644 509 ad
657 459 751 524 vestri,
766 462 916 531 quicunque
930 473 982 526 est,
997 479 1043 513 ora
1057 464 1194 533 tyranni„

151 541 177 592 id
190 553 246 605 est,
260 539 294 590 ad
308 551 423 590 vernum
434 547 596 608 tyrannum,
608 555 653 590 seu
665 557 759 611 repens.
844 549 849 556 '

188 685 249 737 ²¹7·
271 666 325 719 Hos
342 674 433 716 monet
448 664 582 734 imbrifero
599 664 704 737 pallens
720 665 866 718 Autumnus
883 665 963 718 hictu.
984 667 1068 718 Neruo
1084 669 1196 741 explicat

152 766 234 819 quara
247 745 398 798 Autumnus
415 742 458 794 bic
478 742 574 794 dicitur
590 742 691 814 pallens
706 743 843 795 imbrifero
861 743 952 795 hiatu:
968 745 1114 800 Autumnus
1127 750 1197 808 enirn

152 846 204 879 non
222 827 308 896 magis
325 822 382 875 hiat
395 841 474 894 quarn
490 823 550 888 Ver,
567 841 646 894 quom
665 825 750 876 AErtas
764 822 807 874 rel
822 821 920 876 Hiems.
940 826 972 876 Et
988 825 1123 877 sciendum
1141 840 1196 892 est,

152 907 296 978 imaginem
314 903 383 955 hanc
402 903 548 954 desumtant
568 920 624 956 esse
643 921 674 954 ex
695 902 784 956 tabula
803 902 907 973 aliqua,
925 905 953 957 in
969 923 1022 975 qua
1039 904 1196 976 pingebatur

151 987 304 1038 Autumnus
315 1003 361 1036 ore
372 983 460 1036 hiante
470 995 497 1034 et
505 983 602 1054 patulis
612 983 735 1050 rictibus,
747 982 839 1035 afflans
848 983 970 1051 morbos,
979 984 1076 1056 quibus
1085 987 1196 1038 maxima

152 1065 270 1118 obnoxia
285 1075 324 1116 est
338 1080 368 1114 aa
381 1064 444 1114 anni
455 1075 613 1133 tempestas:
626 1062 697 1115 uude
706 1063 792 1136 prauis
802 1061 948 1116 Autumnus
958 1063 1078 1118 Libitine
1088 1074 1197 1137 quaestus

151 1147 264 1210 aoerhoe,
277 1145 400 1206 flantia,
413 1143 489 1196 Satis:
501 1145 538 1208 ΙΙ,
550 1159 590 1206 vr,
606 1158 653 1212 19,
668 1155 694 1194 et
707 1141 793 1214 poetis
808 1143 912 1214 passim.
927 1145 993 1197 ilinc
1012 1142 1195 1215 intelligendus

153 1223 230 1276 locus
243 1220 371 1276 Thebaid.
384 1224 455 1289 vm,
469 1240 535 1274 vers.
552 1221 619 1290 377:

338 1319 404 1363 Mors
412 1315 498 1362 fruitur
505 1317 573 1376 culo,
582 1317 765 1383 bellatoremque
773 1319 875 1367 volando

338 1390 451 1451 eampum
459 1390 548 1452 operit,
558 1390 671 1454 nigroque
680 1393 741 1439 viros
749 1393 830 1438 inritat
839 1392 916 1450 hiatu;

154 1499 194 1532 ore
214 1478 273 1532 scil.
286 1477 395 1552 patulo,
411 1492 441 1532 ut
456 1483 581 1533 innuatur
597 1484 729 1552 capacitas
746 1482 892 1554 excipiendi
908 1495 993 1535 toturn
1008 1501 1091 1553 genus
1104 1483 1196 1536 huma·

154 1577 231 1612 nonar
247 1573 275 1611 et
285 1558 338 1610 hoe
350 1559 406 1610 sina
417 1557 501 1611 dubio
513 1578 545 1612 ex
556 1561 660 1613 Pictura
673 1560 769 1633 aliqua.
783 1561 827 1614 Sil.
840 1562 921 1614 italic.
934 1564 970 1627 ΙΙ,
982 1581 1006 1612 r.
1019 1561 1086 1628 548:
1102 1562 1195 1615 ahlors

153 1639 271 1709 graditur
279 1654 354 1692 vasto
366 1638 485 1710 pandens
497 1659 562 1694 cava
573 1651 680 1712 guttura
691 1644 772 1710 rictu,
784 1642 937 1714 Cnsuroque
947 1641 1051 1696 inhians
1062 1641 1192 1714 populo.-

156 1720 220 1770 llinc
232 1721 310 1771 etiarn
323 1718 504 1788 intelliguntur
514 1718 626 1790 phrases
638 1722 692 1772 istas
705 1719 790 1773 hiattu
802 1733 829 1773 et
835 1722 927 1792 fauces
937 1723 1026 1774 boreae
1037 1721 1077 1773 vel
1088 1719 1196 1792 Aquilo·

154 1801 202 1852 uis.
216 1801 322 1872 Noster,
335 1798 421 1851 Theb.
432 1803 493 1868 vn,
506 1800 554 1866 35,
566 1800 599 1853 de
611 1803 743 1854 Mercurio
754 1802 930 1856 descendente
942 1804 970 1854 in
981 1815 1076 1855 terrant
1089 1821 1103 1854 a
1115 1799 1195 1852 carlo:

338 1897 413 1958 Atque
422 1895 487 1943 illurn
495 1899 585 1944 Arctoe
594 1897 710 1944 labentem
720 1899 814 1945 cardine
822 1911 895 1962 portae

339 1968 473 2030 Tempestas
482 1980 567 2014 aeterna
577 1968 663 2030 plaga,
673 1982 831 2032 protentaque
841 1969 904 2022 carlo,

276 2071 278 2080 s
340 2039 436 2100 Agmina
446 2039 591 2094 nimborum,
603 2038 719 2101 primique
729 2039 851 2102 Aquilonis
860 2039 933 2086 tuno

338 2109 365 2154 ia
374 2109 463 2156 utera
472 2109 564 2156 ierunt:

156 2192 282 2248 ubtretus
291 2195 445 2248 scholiastes
454 2197 622 2250 Lactantius:
639 2221 649 2244 ι
660 2200 766 2266 Hiatus,
777 2197 934 2271 principium
945 2198 1035 2265 flatus,
1046 2199 1106 2270 quia
1118 2199 1194 2248 Venti

157 2276 299 2346 pinguntur
309 2276 425 2338 hiantes;
436 2301 447 2323 ι
461 2277 608 2342 Arnobius‚
620 2277 665 2330 lib.
679 2280 728 2346 vt,
742 2297 802 2352 pag.
822 2279 884 2348 196:
901 2301 912 2324 ι
923 2277 1091 2348 intelligimus
1103 2294 1193 2330 ornnes

155 2367 245 2408 santos
261 2358 328 2410 aeris
344 2375 402 2410 esse
418 2354 530 2408 fluorem
545 2356 631 2427 pulsi,
645 2369 672 2409 ot
685 2357 824 2410 mundanis
837 2355 982 2410 redonibus
994 2358 1131 2420 concitati;
1145 2374 1193 2428 per

157 2433 205 2486 hos
214 2434 451 2506 hominumfonnoe
459 2447 536 2500 sunt,
550 2435 715 2488 tmrtmmm
723 2439 870 2491 animantes
879 2448 959 2491 tortus
970 2437 1099 2490 intestinis
1109 2449 1136 2488 et
1145 2435 1194 2488 do-

157 2515 266 2566 mesticis
275 2513 415 2592 flatibus.»
432 2517 529 2566 lterum
543 2515 607 2568 Stat.
621 2515 706 2567 Theb.
721 2519 748 2582 1,
763 2516 829 2583 346:
848 2531 1031 2589 creaturaque
1044 2535 1126 2568 rauco
1142 2516 1194 2567 Oro

156 2593 269 2645 minuar
279 2593 376 2656 hierus3
388 2617 399 2641 s
412 2593 503 2648 Sidon.
518 2594 662 2667 Apollinar.
676 2614 757 2647 carru.
773 2598 810 2663 ΙΙ,
823 2599 871 2664 48ε
890 2597 1049 2667 «Aquilonia
1063 2598 1168 2656 Hiatus;
1180 2618 1191 2640 ι

60 2709 65 2720 .
157 2671 269 2725 Martini.
282 2677 362 2744 epigr.
375 2675 496 2746 vt1,·s7=
513 2677 622 2744 «Quum
635 2675 709 2728 flaret
721 2676 825 2729 madida
840 2678 917 2730 fauce
928 2677 1073 2731 December
1086 2689 1168 2729 atrox.
1180 2700 1190 2720 ι

158 2751 226 2802 Hinc
235 2753 314 2804 etiarn
324 2767 404 2822 patet,
414 2774 462 2808 cur
471 2773 516 2806 ora
523 2755 688 2826 frementum
699 2755 764 2807 dixit
773 2755 831 2807 vat.
842 2755 928 2810 Flacc.
939 2759 965 2824 Ι,
975 2755 1039 2826 595,
1049 2755 1192 2816 devantis;

477 2887 482 2897 .
495 2889 499 2898 .
510 2886 516 2897 .
526 2867 664 2915 augentque
674 2851 750 2908 dedit,
762 2867 831 2916 vens
838 2853 902 2913 jussa
910 2855 986 2899 vereri

341 2922 399 2967 sm
409 2921 493 2969 cohors
502 2938 508 2969 r
517 2925 628 2969 immensa
639 2919 733 2985 chalybs
741 2923 869 2984 iterataque
879 2925 950 2968 muris

339 2993 393 3038 Saxa
402 2993 497 3040 domant
505 2994 592 3049 Boron
603 3009 675 3057 quum
681 2993 729 3055 jain
738 2991 865 3054 prohibere
874 2993 993 3040 furentum

338 3063 384 3108 Ora
392 3066 486 3127 nequit,
494 3081 535 3110 rex
546 3075 601 3110 tunc
610 3064 685 3110 aditus
694 3076 717 3110 et
726 3063 823 3110 claustra
833 3064 940 3125 refringit

338 3135 391 3195 lpse
399 3134 488 3193 rolens,
500 3135 622 3200 placatque
632 3135 683 3182 data
694 3135 744 3182 iera
753 3151 871 3182 murmura
881 3147 957 3198 porta.

154 3221 190 3272 lta
199 3221 443 3294 legandumrulflo
452 3226 624 3290 inconcinne,
635 3225 723 3278 «Sava
734 3223 843 3278 cohors:
854 3226 881 3275 in
892 3219 1167 3296 montechalpbmete.
1179 3246 1190 3271 s

154 3301 289 3355 (laodien.
305 3303 338 3355 de
354 3305 431 3376 Rapt.
448 3306 566 3378 Proserp.
582 3309 606 3371 Ι,
619 3324 684 3357 vers.
700 3307 761 3374 237,
773 3303 895 3357 exscribit
907 3303 978 3356 hunc
989 3303 1076 3356 Flacci
1090 3304 1192 3358 locum:

157 3394 246 3434 “tant
258 3381 343 3434 ardua
357 3383 428 3435 ferro
441 3384 552 3445 Moenia;
567 3385 657 3436 ferrati
670 3396 774 3455 postes;
788 3385 968 3460 immensaque
982 3385 1064 3435 nectit
1075 3382 1193 3435 Claustra

154 3459 296 3536 chalyben
313 3463 385 3516 unde
399 3463 542 3516 adstruitur
562 3479 650 3518 nostra
668 3464 826 3517 emendatio.
846 3463 895 3516 Sed
915 3463 967 3516 hoc
983 3464 1075 3517 obiter.
1094 3465 1193 3534 Hujus·

153 3538 225 3590 :nodi
238 3539 360 3593 allusioni
378 3539 533 3594 referendus
547 3556 585 3594 est
600 3546 648 3596 iste
662 3542 760 3596 Tibulli
775 3561 881 3609 versus,
898 3542 963 3615 eleg.
979 3544 1004 3609 Ι,
1022 3560 1044 3610 ι,
1060 3561 1126 3594 vers.
1143 3541 1191 3608 tt:

156 3640 167 3661 ·
176 3619 233 3672 Jatn
244 3621 332 3674 reniet
345 3620 459 3673 tenebris
470 3622 542 3674 Mors
553 3621 681 3694 adoperta
693 3637 786 3694 caput3
797 3645 809 3668 s
825 3641 902 3692 quarn
916 3639 997 3692 quum
1010 3623 1125 3693 scripsit,
1137 3622 1194 3673 sina

151 3693 442 3763 dubioobversabotur,
450 3701 597 3768 autoculis,
605 3699 978 3772 autanirno,Tahulaaliqua‚
986 3703 1014 3752 in
1023 3719 1073 3772 qna
1082 3701 1193 3752 Mortem

150 3775 184 3828 ad
200 3775 272 3830 hunc
287 3777 395 3830 modurn
407 3793 618 3852 repraesentatam
631 3781 739 3835 viderat.
752 3781 832 3848 Quod
850 3783 928 3834 etiam
941 3781 1071 3834 affirmare
1086 3779 1148 3831 licet
1161 3777 1193 3829 de

150 3859 265 3914 tunm
276 3859 366 3931 elegire
375 3863 402 3912 in
414 3862 494 3915 Mort.
507 3863 601 3930 Drusi,
612 3883 637 3916 v.
650 3864 715 3934 373,
728 3863 774 3914 ubi
786 3862 818 3917 de
830 3864 946 3916 Fortuna
958 3866 994 3914 ita
1007 3862 1138 3932 loquitur:

335 3957 433 4022 Quaque
443 3960 501 4016 ruit,
511 3959 636 4008 iubenda
646 3959 703 4016 ruit,
713 3970 835 4022 totumque
842 3973 887 4021 per
894 3959 975 4005 orbern

368 4030 496 4086 Fuhninat.
508 4043 530 4078 ct
539 4033 605 4078 cecis
614 4045 672 4078 carra
683 4030 809 4093 triumphat
818 4033 891 4092 equis.
