2844 4484
214 293 277 384 592
373 287 510 354 noun
534 287 581 349 tn
607 284 804 348 cannen
829 237 1096 348 secuuntur

211 435 290 471 novos
299 413 380 469 talos.-
390 433 438 485 per
447 411 520 485 quod
529 413 691 482 impietatem
700 409 778 462 simul
788 422 814 461 et
823 409 959 462 stultitiam
969 427 1062 460 eorum
1071 412 1157 480 tangit
1165 423 1261 482 poeta,

211 499 286 571 qussi
303 495 408 548 mutatis
423 492 480 546 talis
497 493 601 543 fortuna
621 509 727 562 quoque
743 502 902 552 mutaretnr3
918 507 999 559 quem
1016 493 1217 560 persuasionem
1231 495 1261 544 in

209 579 303 630 nostris
319 572 478 627 aleatoribus
492 589 559 641 sape
574 569 714 622 observare
728 569 798 622 licet.
815 569 877 620 Tali
895 568 957 619 novi
976 581 1038 620 sunt
1055 569 1118 634 alii,
1134 569 1228 623 diuersi
1243 590 1261 622 a

210 653 360 728 prioribus:
371 651 441 725 fides
458 663 485 701 et
502 651 572 723 quies
589 649 801 720 frequentissime
822 659 1017 698 commutantur
1033 647 1061 697 in
1079 646 1161 698 libris.
1181 650 1259 701 Potes

210 747 299 786 tamen
311 733 423 784 retinere
436 727 530 780 talulce
542 743 628 792 novoe,
640 725 734 778 eodem
744 743 829 778 sensu.
843 725 909 778 Vota
920 737 982 776 sunt
991 726 1197 798 imprecationes.
1208 729 1258 778 Pro

201 810 448 892 flectentemjustis,
461 809 561 879 optime
573 805 625 878 legi
636 819 728 879 posset
738 805 902 878 placentem,
916 807 966 858 nisi
978 805 1059 877 paulo
1072 820 1134 858 ante
1146 825 1259 877 praeces·

209 896 287 947 sisset
293 891 400 965 placare
409 907 543 950 novercasr
555 889 660 953 Livius,
671 890 698 953 1,
711 904 758 951 ao,
772 909 783 932 ι
793 887 848 938 Nec
859 885 973 938 celestes
983 885 1063 938 modo
1073 890 1257 955 ceremonias,

209 974 334 1046 ssdjrnta
345 989 451 1043 quoque
462 967 600 1031 funebria,
612 966 804 1039 placandosque
816 968 922 1032 Manes,
937 979 967 1017 ut
977 965 1047 1018 idem
1058 967 1179 1020 Pontifex
1191 966 1257 1019 etlo-

211 1066 319 1117 ceretu
337 1053 410 1103 etita
423 1050 529 1120 passim.

248 1223 304 1274 108.
320 1221 517 1289 Dardaniamque
527 1235 603 1270 senex
614 1216 694 1269 medii
705 1215 799 1269 bellare
811 1229 898 1290 togata
909 1216 998 1288 Strage
1004 1215 1070 1287 fori.
1083 1213 1253 1269 mendosissi-

209 1319 268 1354 nms
282 1302 373 1366 locus,
390 1313 415 1352 et
432 1300 538 1350 minime
554 1295 755 1369 intelligendus,
774 1299 833 1368 quis
851 1298 921 1348 enim
936 1298 985 1348 iste
999 1293 1148 1348 Dardanius
1163 1297 1255 1348 oenex?

212 1381 340 1433 Tithonus
354 1380 396 1432 vel
412 1380 533 1431 Priamus
553 1379 590 1429 ita
611 1396 679 1449 serpe
697 1389 826 1430 vocantur
840 1380 942 1449 poetis;
966 1375 1012 1428 sed
1034 1373 1124 1428 nullus
1141 1378 1194 1428 istis
1211 1375 1253 1428 hic

210 1461 293 1514 locus.
309 1458 432 1512 Berthius
447 1461 527 1529 igitur
540 1458 617 1528 legit,
632 1455 732 1509 «Haud
745 1476 861 1530 unquam
874 1456 940 1509 tales
954 1458 1055 1527 aspexit
1067 1455 1196 1508 Romulus
1209 1475 1254 1507 an-

209 1558 258 1592 nos
271 1539 460 1603 Dardaniusoe,
473 1556 555 1604 senes,
568 1536 661 1602 medii,
675 1550 726 1589 etc.
735 1560 746 1582 s
760 1539 845 1608 Prope
857 1538 1007 1599 veritatem
1020 1554 1079 1606 quae
1090 1549 1143 1602 est,
1155 1535 1255 1587 Darda-

210 1621 279 1672 niive
296 1638 380 1680 senem
398 1638 446 1690 per
466 1638 533 1690 quos
551 1617 673 1688 intelligit
690 1622 797 1691 majores
814 1619 1012 1682 Romanorum,
1029 1635 1045 1668 e
1062 1617 1193 1670 Dardanis
1211 1635 1254 1669 seu

209 1701 331 1771 Trojanis
345 1699 492 1752 oriundos:
506 1697 623 1750 Albanos
635 1699 725 1750 Patres
739 1713 816 1751 vocat
825 1697 965 1768 Virgilius,
980 1699 1054 1749 initio
1069 1697 1212 1750 AEneidos:
1231 1711 1256 1748 et

210 1799 272 1833 sane
283 1781 345 1833 edit.
356 1779 415 1831 ald.
428 1779 507 1832 habet
516 1799 593 1832 senes.
605 1775 656 1830 Sed
667 1778 719 1831 hoc
733 1777 809 1831 facile
821 1780 885 1830 fuit:
899 1781 957 1851 quis
969 1797 1030 1830 vero
1043 1779 1182 1849 explicavit
1194 1775 1255 1848 quid

209 1859 243 1912 sit
253 1870 336 1932 straqe
342 1856 416 1929 sori?
425 1859 485 1909 Non
496 1857 631 1924 Bortinae,
642 1859 689 1929 qui
699 1859 892 1930 interpretatur,
906 1879 916 1900 s
928 1860 977 1910 reis
987 1857 1050 1908 hinc
1060 1857 1121 1908 inde
1132 1875 1256 1908 corruen-

209 1939 288 1994 tibus.
300 1965 311 1987 ι
329 1941 390 1991 Non
405 1939 532 2010 intelligo.
548 1939 581 1989 Et
596 1957 677 2009 quare
690 1940 769 1992 medii
774 1939 833 2011 fori
837 1941 849 1989 Ρ
861 1958 942 2007 quum
955 1940 1017 1991 satis
1029 1940 1122 1991 fuisset
1136 1937 1255 1990 «bellare

208 2035 299 2090 togata
311 2036 396 2091 strage
409 2022 477 2088 lori,
487 2044 498 2066 ι
513 2021 569 2072 sine
581 2021 616 2088 rq'i
627 2021 720 2088 medii,
736 2021 808 2093 quod
822 2021 887 2073 nihil
902 2020 937 2072 ad
951 2039 1024 2088 rem,
1039 2033 1065 2071 et
1079 2023 1193 2072 otiosum
1207 2033 1253 2071 est.

208 2100 303 2152 Melius
317 2102 463 2172 potuisset,
479 2094 585 2152 s'media
599 2100 698 2154 bellare
714 2103 796 2177 tapeti
809 2101 897 2173 Strage
913 2102 977 2161 fori3
989 2124 1001 2147 ι
1014 2113 1044 2152 ut
1056 2098 1127 2173 aputl
1139 2097 1255 2153 Pruden-

208 2181 289 2246 tiom,
300 2178 437 2251 Psychom.
452 2180 512 2250 687,

391 2285 463 2330 Scissa
473 2283 555 2345 procul
565 2285 637 2346 pella,
649 2298 762 2333 structum
772 2297 794 2331 et
803 2297 910 2348 serpente
919 2285 1033 2348 flagellum

392 2354 528 2417 Multiplici,
538 2354 614 2402 media
624 2372 760 2419 camporum
770 2358 793 2402 in
803 2369 878 2418 strage
884 2356 1002 2418 jacebant.

207 2456 265 2506 lloc
281 2453 417 2525 aliquanto
435 2450 599 2506 tolerabilius
615 2454 724 2521 fuisset;
741 2451 788 2504 sed
804 2450 890 2504 adhuc
907 2468 1024 2507 maneret
1037 2451 1128 2506 eadem
1142 2455 1253 2524 questio

207 2533 240 2586 tle
255 2551 320 2584 voce
337 2544 434 2604 straqe,·
453 2531 551 2598 nullam
568 2535 638 2584 enim
654 2544 764 2608 stragem
781 2533 885 2585 efficere
901 2538 988 2606 potuit
1003 2535 1152 2606 Crispinus,
1169 2543 1252 2604 quum

206 2613 339 2685 defensore
350 2625 452 2664 tantum
465 2626 565 2678 metus,
576 2628 603 2665 et
615 2613 738 2685 repellere
749 2611 860 2665 adversa
872 2613 923 2666 tela
936 2616 1053 2668 subierit.
1065 2613 1132 2666 Mihi
1142 2615 1252 2664 omnino

206 2711 298 2746 verum
309 2691 422 2758 videtur,

391 2799 460 2846 llaud
469 2817 571 2864 unquam
581 2801 638 2848 tales
647 2801 749 2862 adspexit
759 2802 870 2850 llotnulus
878 2819 953 2850 annos

391 2871 529 2920 Dardaniire
540 2888 618 2927 senes,
629 2872 706 2919 media
715 2871 800 2920 bellare
810 2876 881 2936 togati

391 2944 449 2989 Pace
458 2943 505 2990 fori
513 2959 519 2988 :

208 3062 220 3085 ι
230 3038 357 3092 Romulus
373 3052 398 3090 et
414 3043 529 3110 majores
545 3042 628 3091 nostri
644 3057 789 3110 numquam
804 3041 926 3093 viderunt
943 3061 1115 3115 quemquam,
1131 3062 1162 3096 ea
1177 3057 1251 3095 etate

207 3137 259 3189 qua
275 3131 304 3170 tu
320 3133 383 3170 tunc
399 3119 488 3183 fuisti,
501 3137 605 3193 puqnas
621 3130 674 3170 tam
692 3131 797 3171 strenue
812 3121 954 3174 obeuntem
969 3124 996 3174 in
1011 3123 1098 3175 medis
1108 3142 1172 3190 pace
1185 3125 1250 3187 fon',

206 3197 278 3268 quod
294 3213 361 3269 toga
379 3211 405 3250 et
422 3201 520 3270 quieti,
535 3217 587 3250 non
599 3199 675 3250 bellis
690 3199 829 3252 adsuetum
844 3216 891 3254 est.
902 3226 913 3248 r
928 3205 1050 3274 Optimus
1063 3203 1126 3254 hinc
1139 3207 1251 3275 exsurgit

205 3277 307 3330 'sensus
318 3279 408 3331 Media
418 3299 497 3352 pace,
509 3293 540 3331 ut
552 3279 635 3332 Soter.
648 3279 757 3347 Gallici,
770 3300 793 3332 v.
808 3283 855 3349 84,
870 3283 924 3334 «Et
932 3288 1033 3356 justum
1046 3285 1133 3337 media
1144 3285 1177 3336 de
1187 3303 1250 3358 pare

204 3355 402 3426 triumphumn
420 3357 536 3427 Seneca,
550 3357 651 3422 deira,
667 3359 706 3424 ll,
721 3375 750 3425 2,
768 3361 830 3412 «sic
844 3363 921 3412 etiam
934 3362 1053 3416 militaris
1064 3365 1112 3416 viri
1127 3365 1154 3414 in
1166 3363 1250 3415 media

202 3453 267 3506 pace
274 3437 330 3505 jam
342 3438 423 3507 togati
434 3457 510 3490 aures
523 3436 587 3488 tuba
599 3438 716 3490 suscitat.
729 3461 739 3484 ιι
754 3441 858 3492 Bettare
869 3461 932 3495 vero
943 3463 1019 3518 poce,
1031 3463 1080 3516 per
1094 3445 1248 3507 antithesin,

204 3529 229 3566 et
246 3528 276 3568 nt
292 3530 410 3568 servetur
426 3518 459 3568 ad
477 3521 558 3570 irnum
575 3515 748 3588 metaphora,
762 3521 789 3571 in
802 3539 853 3591 qua
867 3526 946 3593 coepit
959 3543 1005 3594 per
1016 3525 1084 3589 ista,
1101 3526 1248 3596 defensore,

203 3593 269 3662 tela,
280 3592 391 3666 pellere,
405 3597 521 3664 inermis,
536 3598 599 3658 tiro,·
612 3601 702 3650 omnia
714 3618 728 3650 a
740 3602 862 3670 graviore
874 3603 965 3655 militia
977 3603 1106 3656 desttmta.
1119 3607 1173 3657 Has
1184 3623 1250 3657 con-

203 3675 360 3726 certationes
376 3687 402 3724 et
417 3672 576 3745 litigationes
590 3675 668 3728 Bella
680 3678 753 3750 pacis
765 3677 898 3749 eleganter
908 3695 986 3734 vocat
997 3681 1178 3750 Manilius‚V,
1192 3683 1248 3749 tal.
1295 3675 1300 3690 ’

201 3755 302 3840 eluctor
314 3755 438 3827 Panegyr.
453 3756 486 3808 ad
499 3758 635 3822 Pisonem,
648 3777 671 3808 v.
686 3759 733 3820 26,

618 3903 622 3912 .
634 3903 639 3913 .
651 3905 656 3913 .
669 3867 736 3916 ¹licet
746 3886 854 3917 exemere
865 3883 946 3933 togata

386 3934 484 3980 Munera
493 3933 592 3992 militiae3
603 3935 658 3985 licet
667 3952 690 3986 ct
700 3943 750 3988 sine
760 3943 878 4002 sanguinis
888 3942 973 3990 liaustu

343 4065 346 4070 Ι
383 4004 448 4052 Misia
458 4005 561 4066 legitimo
570 4008 613 4054 suli
620 4009 701 4070 judice
711 4010 770 4058 bclla
782 4027 891 4066 moverc;
