2784 4484
135 280 207 373 wavj
556 279 800 343 ranulam

170 409 236 490 jam
255 407 293 466 ab
313 406 378 466 aliis
393 407 491 487 poetis
504 405 616 487 scripta
629 404 769 480 vidisset,
788 424 866 486 saepe
878 403 935 462 sibi
950 405 1121 464 cavendum
1134 427 1196 468 esse

175 504 319 587 putabat,
338 525 378 564 ne
398 505 432 563 in
450 502 608 583 vulgarem
626 502 756 562 modum
772 502 935 577 incideret,
958 502 1009 562 sed
1030 503 1197 585 providen-

173 603 268 677 dum,
291 615 326 662 ut
343 621 427 661 nova
450 613 513 660 arte
537 601 722 680 antiquiores
743 613 907 682 superaret.
935 599 1029 676 Quod
1051 601 1106 660 ubi
1131 623 1197 662 non
1289 613 1291 620 ’

174 699 265 759 firmo
284 697 401 758 indicio
420 697 598 758 moderatus
616 712 697 774 erat,
716 720 735 757 a
753 697 946 780 simplicitate
964 711 993 757 et
1013 699 1130 758 sincera
1148 721 1198 758 ve-

175 809 296 856 nustate
316 795 466 856 sermonis
488 794 527 854 ad
549 793 725 854 affectatam
745 792 929 875 elegantiam
949 808 980 854 et
1000 795 1198 854 insolentiam

176 893 341 953 verborum
360 891 489 952 dellexit.
512 893 597 952 Dum
615 893 710 972 igitur
728 891 768 951 ad
786 890 868 968 haec,
890 913 959 972 quae
973 891 1093 974 plenius
1108 913 1199 975 expo-

175 1014 248 1053 nere
260 1012 316 1051 nec
330 989 524 1072 propositum
539 987 615 1048 mihi
629 1003 673 1049 est
685 987 745 1048 hoc
759 987 846 1063 loco,
862 1009 962 1068 neque
981 991 1199 1066 necessarium,

176 1090 316 1150 animum
334 1087 476 1162 attendo,
499 1101 529 1146 et
549 1086 642 1146 simul
662 1085 836 1161 considero,
858 1106 953 1166 quarn
974 1106 1088 1166 magna
1106 1084 1199 1145 fuerit

175 1189 267 1271 culpa
276 1201 465 1268 temporum,
478 1205 547 1266 quoe
559 1205 625 1245 non
635 1185 737 1246 solum
748 1205 873 1244 morum
885 1182 1009 1243 licentia
1020 1183 1198 1265 depravata,

177 1285 230 1347 sed
243 1299 452 1368 tyrannorum
466 1296 549 1342 metu
561 1296 592 1342 et
603 1282 751 1343 adulandi
765 1281 896 1342 libidine
912 1293 1076 1362 corrupta,
1092 1301 1201 1363 usque·

177 1403 300 1464 quaque
313 1381 540 1461 impediebant,
555 1381 731 1460 quominus
746 1381 870 1462 ingenia
883 1379 978 1440 libere
991 1393 1198 1461 assurgerent:

178 1477 302 1558 singula
315 1477 454 1537 carmina
468 1476 665 1558 placuerunt3
681 1490 772 1556 atque
791 1479 855 1562 ipsc
877 1491 985 1560 poeta,
1007 1478 1060 1558 qui
1081 1497 1147 1537 non
1166 1478 1199 1536 in

177 1575 302 1658 primis,
318 1593 418 1654 neque
430 1575 464 1632 in
475 1573 632 1648 secundis,
648 1573 700 1633 sed
712 1573 794 1633 infra
807 1574 957 1635 secundos
969 1575 1144 1656 proximum
1155 1571 1201 1633 lo-

177 1693 248 1733 curn
263 1671 322 1731 sibi
333 1670 484 1748 vindicat,
497 1669 582 1731 haud
593 1671 805 1756 despiciendus
818 1671 896 1734 mihi
907 1675 987 1733 risus
999 1685 1050 1732 est.
1060 1697 1074 1726 a
1094 1669 1099 1680 ⁴

161 1813 202 1874 Et
215 1807 317 1875 infra:

223 1933 284 1993 uld
303 1931 380 1992 mihi
399 1937 432 1992 in
450 1936 629 1995 universum
647 1951 782 2012 constat,
802 1937 888 1997 Statii
905 1939 1044 1996 carmina
1058 1948 1201 1996 nontam

180 2043 326 2110 corrupta
337 2042 367 2089 et
378 2050 396 2088 a
408 2029 541 2091 librariis
553 2032 716 2112 inquinata
730 2054 804 2108 esse,
817 2053 911 2112 quam
928 2033 963 2090 N.
977 2032 1121 2090 Heinsius
1136 2030 1202 2090 alii-

180 2150 240 2209 que
254 2129 472 2189 existimarent.
485 2129 584 2190 Multa
596 2131 677 2192 enim
693 2133 727 2191 in
740 2133 775 2190 iis
790 2152 857 2190 non
869 2128 1002 2190 aurificis
1015 2142 1141 2204 statera,
1151 2129 1204 2188 scd

180 2227 315 2309 quadam
329 2227 475 2310 populari
491 2231 608 2289 trutina
619 2243 691 2290 sunt
702 2230 923 2289 examinanda:
939 2228 1036 2288 multa
1050 2229 1143 2288 etiam
1155 2247 1204 2288 ex·

180 2325 370 2387 cusationem
385 2326 501 2388 habent
512 2328 706 2410 negligentiae
722 2350 788 2389 non
805 2351 922 2412 semper
938 2331 1076 2409 ingratae.
1096 2327 1203 2388 Subito

181 2422 334 2483 scribendi
350 2422 471 2484 fervore
492 2424 603 2484 Statius
624 2423 721 2486 multa
742 2425 892 2500 effundit,
914 2445 982 2507 quae
1005 2423 1206 2504 ambiguitate

175 2519 379 2602 =displiceant3
399 2520 518 2580 aliis'in
535 2523 611 2583 locis
629 2523 776 2582 obscurus
790 2521 841 2599 fit,
864 2524 897 2582 in
919 2523 987 2582 aliis
1005 2521 1152 2595 humilis3
1173 2522 1206 2579 in

178 2617 320 2698 plurimis
338 2617 564 2700 simplicitatem
585 2621 806 2680 sententiarum
824 2620 945 2680 tumida
963 2635 993 2678 et
1011 2633 1119 2700 arguta
1138 2640 1206 2678 ora-

181 2715 267 2774 tione
284 2716 465 2798 corrumpit.
486 2717 634 2776 Praeterca
652 2719 685 2776 in
704 2716 840 2776 dictione
859 2738 923 2776 uon
944 2737 1042 2798 pauca
1062 2717 1207 2790 novavit,

181 2826 235 2872 aut
249 2811 288 2872 ab
304 2812 371 2871 aliis
386 2827 499 2873 novata
515 2815 646 2894 accepit3
661 2835 730 2894 quae
747 2815 771 2872 si
788 2836 805 2873 a
822 2814 938 2895 linguae
950 2815 1068 2874 Latinae
1081 2814 1206 2895 ingenio

182 2930 248 2970 non
274 2931 399 2992 prorsus
424 2909 630 2986 abhorreant,
651 2911 830 2992 longissime
852 2935 868 2973 a
887 2914 1013 2972 veritate
1034 2911 1207 2983 aberrabit,

182 3009 289 3086 quiea
307 3008 348 3068 ob
367 3010 466 3090 ipsam
487 3011 645 3069 raritatem
666 3010 813 3071 mutanda
833 3011 1020 3070 censuerit„

163 3143 252 3204 Tum
266 3137 427 3234 denique:
526 3217 531 3226 ,

226 3289 239 3318 ιι
251 3265 379 3324 Etiamsi
400 3267 434 3324 in
455 3263 502 3325 bis
523 3267 713 3328 carminibus
729 3269 834 3329 multae
853 3267 975 3329 dicendi
994 3267 1136 3329 lonnulae
1159 3287 1208 3328 oc-

182 3375 313 3420 currunt
326 3361 365 3421 ab
379 3361 449 3422 aliis
463 3385 589 3444 quoque
603 3377 692 3424 antea
706 3381 877 3448 usurpatae,
893 3387 949 3426 nec
963 3366 1073 3426 desunt
1087 3365 1155 3425 loca
1168 3363 1208 3424 ad

183 3457 357 3540 exemplum
369 3459 492 3540 Virgilii
506 3474 536 3520 et
550 3463 667 3522 Lucani
680 3461 891 3538 conformata,
906 3475 1010 3522 tamen
1022 3481 1209 3543 magnopere

182 3555 375 3634 falleremur,
387 3559 412 3618 si
425 3562 533 3619 omnia
544 3581 595 3640 ea,
607 3581 677 3641 quae
685 3563 724 3621 ab
735 3562 803 3621 aliis
813 3561 1027 3645 scriptoribus,
1038 3573 1092 3621 aut
1101 3559 1209 3618 iisdem

183 3653 301 3731 verbis,
321 3667 375 3714 aut
395 3656 546 3716 similibus
567 3681 704 3740 expressa
726 3660 1037 3743 deprehenderemus,
1060 3658 1209 3719 continuo

185 3750 368 3812 imitationis
380 3755 510 3814 nomine
522 3755 560 3814 ad
571 3753 627 3816 hos
640 3759 816 3818 inventores
828 3759 1019 3821 referremus.
1033 3759 1095 3818 Nec
1106 3757 1211 3837 vulga-

184 3869 250 3908 rem
268 3849 411 3909 imitandi
429 3852 560 3912 modurn
578 3855 717 3934 sequitur
730 3855 858 3930 Statius,
873 3855 925 3914 sed
939 3856 994 3915 ubi
1010 3855 1144 3916 aliorum
1157 3873 1209 3910 ve·

184 3947 279 4028 stigiis
297 3949 426 4024 insistit,
444 3951 546 4032 ipsum
566 3953 717 4013 incessum
736 3953 846 4013 callida
861 3967 925 4013 arte
939 3954 1031 4025 celat;
1051 3971 1113 4032 quo
1132 3969 1209 4028 saepe
