2824 4488
956 251 963 290 t‘

495 329 557 394 tu
580 328 892 394 MARCELLUM.
1147 337 1213 421 407

170 459 318 530 editiono
325 436 516 526 Thebaidos
526 479 610 524 meae
621 455 807 549 publicavi;
819 456 879 524 sed
889 480 981 525 nune
989 482 1125 554 quoque
1136 456 1215 528 eutii

170 571 291 638 reverti
305 571 470 637 maturius
489 592 508 636 e
527 565 691 636 Dalmatia
710 589 803 662 rogo.
825 571 948 636 Juncta
964 585 1014 636 est
1031 569 1155 662 Ecloga
1172 571 1215 639 ad
1234 593 1267 630 ²0

171 683 377 773 municipem
394 703 509 750 meum
524 677 654 746 Julium
672 683 917 762 Menecratem‚
937 679 1151 774 splendidum
1164 680 1216 774 jn·

171 813 311 874 venem,
323 806 358 858 et
370 788 466 858 Pollii
478 791 545 858 mei
557 811 738 880 generum
751 793 806 860 cui
822 790 972 886 gratulor
984 791 1075 886 quod
1090 797 1217 885 Neapo-

170 900 231 970 lim
242 915 392 968 nostram
408 923 550 967 numero
563 900 747 969 liberorum
758 899 995 972 honestaverit.
1013 901 1119 971 Plotio
1130 905 1214 995 Gry·

151 1023 154 1028 “
171 1011 257 1103 pho,
270 1007 406 1102 majoris
419 1008 542 1102 gradus
552 1006 688 1101 juveni,
701 1009 835 1104 dignius
848 1012 1050 1105 opusculum
1062 1011 1216 1080 reddam:
1302 1035 1305 1049 ⁴

173 1120 232 1189 sed
246 1123 382 1190 interim
394 1119 714 1216 Hendecasyllnbos,
729 1147 813 1218 quos
826 1123 1056 1191 Saturnalibus
1069 1148 1137 1191 una
1148 1126 1218 1191 risi·
1236 1128 1269 1181 ²5

173 1253 268 1314 mus,
284 1228 365 1299 huic
379 1229 543 1298 volumini
558 1233 696 1301 inserui.
713 1237 825 1319 Quare
842 1257 921 1324 ergo
937 1231 1035 1326 plura
1050 1236 1085 1301 in
1097 1251 1218 1329 quarto

174 1340 355 1425 Silvarum,
367 1344 516 1437 quentin
529 1345 716 1436 prioribus?
724 1350 772 1413 Ne
782 1369 818 1412 se
828 1359 948 1437 putent
957 1343 1084 1439 aliquid
1095 1347 1217 1438 egisse,

174 1455 232 1548 qui
249 1449 553 1545 reprehenderunt,
573 1468 612 1519 ut
627 1452 743 1536 audio,
756 1453 849 1547 quod
866 1453 931 1520 hoc
947 1451 1015 1522 stili
1030 1478 1137 1545 genus
1151 1454 1219 1522 edi·

173 1563 309 1632 dissem.
332 1565 500 1644 Primum,
521 1587 771 1655 supervacuum
790 1579 842 1632 est
861 1563 1057 1634 dissuadere
1077 1588 1149 1633 rem
1169 1565 1219 1632 fa-

174 1691 285 1744 ctam:
302 1671 441 1758 deinde,
461 1673 568 1770 multa
585 1697 628 1742 ex
645 1673 710 1742 illis
728 1671 800 1766 jam
817 1677 962 1742 Domino
979 1677 1101 1742 Caesari
1117 1673 1218 1743 dede·
1235 1679 1271 1733 30

173 1809 263 1869 ram;
273 1800 308 1853 et
316 1799 443 1879 quanto
452 1782 517 1852 hoc
526 1782 604 1877 plus
614 1799 680 1867 est,
692 1805 795 1878 quarn
805 1783 1094 1854 edereissxercere
1106 1802 1219 1852 autem

170 1893 265 1989 jocos
274 1918 344 1962 non
358 1894 456 1963 licet?
473 1896 502 1962 si
518 1908 664 1978 secreto;
679 1895 800 1987 inquit.
818 1891 882 1964 Sed
893 1909 927 1963 et
939 1891 1220 1988 sphaeromachias

174 2023 382 2100 spectamus,
401 2019 435 2073 et
447 2004 563 2096 pilaris
576 2001 665 2072 lusio
682 2003 870 2072 admittitur
888 2031 895 2070 :
916 2007 1113 2086 novissime,
1132 2008 1221 2100 quis·

176 2118 252 2211 quis
270 2140 312 2184 ex
332 2117 415 2183 meis
433 2114 568 2182 invidus
589 2113 715 2209 aliquid
735 2113 832 2206 legit,
855 2118 968 2182 statim
988 2139 1024 2182 se
1041 2115 1221 2207 profitetur

176 2225 355 2295 adversum
378 2251 386 2294 ι
410 2227 523 2320 itaque
544 2224 684 2293 consilio
704 2221 778 2318 ejus
798 2223 980 2292 accedam?
1001 2227 1040 2291 ln
1064 2248 1220 2308 summa,
1238 2233 1271 2285 35

176 2363 299 2433 nempe
310 2363 371 2432 ego
388 2362 466 2407 sum
482 2340 541 2433 qui
557 2338 737 2406 traducor:
755 2329 880 2419 taceat,
896 2354 930 2405 et
946 2336 1098 2432 gaudeat.
1122 2333 1221 2404 Huni:

175 2467 288 2519 tamen
300 2449 425 2518 librum
437 2465 493 2533 tu,
506 2447 682 2532 Marcelle,
695 2447 866 2516 defendes.
880 2451 943 2528 -Et,
959 2449 987 2514 si
999 2445 1148 2528 videtur,
1161 2444 1220 2511 ha-

178 2579 293 2632 etenus
308 2590 315 2632 ι
331 2565 385 2631 sin
396 2565 529 2645 minus,
542 2561 838 2657 reprehendemur.

215 2767 254 2820 ¹9·
275 2747 419 2801 Thebaidos
430 2767 501 2801 mete.
516 2746 583 2800 Cod.
596 2749 675 2799 Paris.
757 2747 800 2798 32.
817 2743 918 2816 Vulgo,
928 2744 1222 2806 riesecreto5hoeetinm

178 2827 218 2882 ed.
231 2830 315 2900 princ.
328 2845 392 2882 metr
405 2827 555 2880 Thebaidos.
573 2827 606 2879 A.
722 2821 821 2876 habent
834 2821 895 2875 eod.
908 2822 989 2874 Paris.
1005 2835 1030 2874 et
1044 2820 1086 2873 ed.
1101 2840 1142 2893 pr.
1153 2820 1222 2873 Vide

214 2926 257 2962 ao.
275 2911 327 2962 Pro
349 2897 489 2972 multius,
515 2920 566 2959 ete.
592 2909 677 2958 Pam.
722 2913 779 2953 not.
798 2902 829 2953 t.

177 2987 490 3048 muttimeDalmntiar
504 2985 605 3051 votuit,
618 2985 678 3056 opi·
758 2981 801 3048 34.
822 2980 943 3052 Quisquis
953 2997 985 3030 ex
995 2978 1059 3031 meir
1069 2978 1167 3030 invitus
1177 2977 1224 3030 att·
1296 3015 1297 3020 ,

179 3085 237 3136 nor,
250 3079 339 3120 martir
349 3069 422 3120 riute.
436 3095 473 3108 -
483 3065 548 3120 God.
561 3069 620 3118 Par.
636 3062 677 3116 ed.
723 3062 788 3134 quid
796 3058 873 3136 legit,
884 3073 934 3111 eto.
945 3059 1035 3128 Quare
1045 3058 1224 3130 invitationis

179 3165 220 3219 pr.
232 3149 366 3201 mutarim.
385 3149 417 3200 A.
723 3143 795 3195 enim
813 3158 859 3194 eos
876 3141 996 3212 coquet?
1014 3136 1086 3207 iege,
1105 3138 1224 3200 inuidia,-

214 3228 256 3296 ²4·
276 3228 327 3279 Pro
337 3225 452 3300 diynitu,
466 3227 550 3278 Parra.
561 3225 677 3298 dignum.
723 3237 772 3292 pet
785 3237 812 3274 te
824 3229 905 3292 patet.
916 3247 953 3257 -
966 3214 1031 3268 Cod.
1047 3217 1105 3266 Par.
1124 3215 1166 3268 ed.
1182 3235 1224 3288 pr.

180 3335 213 3346 -
222 3305 288 3358 God.
299 3307 379 3359 Paris.
390 3305 452 3358 edit.
463 3323 503 3376 pr.
517 3305 626 3377 dionius.
646 3304 678 3358 t.
724 3301 828 3356 invitate.
843 3301 874 3352 A.
887 3327 923 3339 -
934 3301 983 3350 Pro
993 3293 1224 3370 profiteturParm.

215 3386 362 3459 ²8.Proqui
367 3383 592 3457 reprehenderunt,
598 3384 678 3434 Pena.
722 3377 890 3453 profiteatur:
900 3376 1041 3450 quodierri
1051 3377 1118 3428 forte
1128 3389 1225 3449 potest.
1295 3433 1297 3436 ¹

180 3475 226 3516 aut
236 3463 408 3538 reprehtidere.
421 3492 457 3502 —
468 3462 535 3514 cod.
546 3465 605 3516 Par.
616 3460 679 3513 edit.
725 3489 760 3500 -
772 3457 838 3512 Cod.
853 3460 933 3511 Paris.
952 3457 993 3510 ed.
1008 3476 1049 3530 pr.
1063 3453 1226 3528 profiteatur.

181 3563 222 3618 pr.
233 3545 368 3616 vulgatam
381 3545 502 3596 retinent.
523 3543 554 3594 A.
726 3541 757 3592 Δ.
778 3569 815 3582 -
835 3539 993 3612 Sequentia,
1014 3539 1103 3610 itaque
1123 3534 1229 3590 consilio

215 3623 259 3678 3ο.
278 3623 403 3678 Domino.
412 3619 478 3676 cod.
489 3623 549 3674 Par.
559 3623 586 3674 in
594 3633 683 3688 textu,
725 3623 782 3694 ejus
795 3619 914 3672 accedam
931 3618 1146 3688 interrogationis
1164 3628 1228 3668 notu

181 3701 248 3765 dn‘53
258 3702 293 3756 ad
302 3721 386 3780 marg.
397 3701 541 3758 domitiano
546 3724 556 3764 ,·
566 3700 628 3754 edit.
639 3720 681 3773 pr.
727 3699 857 3761 animavi;
869 3699 953 3752 Parm.
965 3709 990 3749 et
1001 3697 1075 3748 Rom.
1087 3695 1124 3746 ita
1135 3711 1228 3768 quare,

181 3781 278 3836 domin.
293 3781 324 3833 A.
338 3811 374 3824 --
385 3781 434 3832 Pro
447 3791 473 3833 et
482 3793 595 3854 quanto,
606 3793 683 3854 potes
728 3777 823 3834 todem
835 3795 922 3833 tenen.
936 3805 971 3817 -
982 3775 1048 3831 Cod.
1061 3778 1119 3827 Par.
1133 3774 1174 3827 ed.
1188 3791 1228 3844 pr.

181 3859 269 3932 legere
280 3874 316 3916 at.
729 3861 765 3912 ita
776 3875 864 3931 quare.
883 3860 914 3910 t.

512 4068 904 4103 ...anam—n·-
