2784 4484
409 316 551 379 niuea
575 317 607 399 1,
633 317 827 384 cannen
853 326 886 388 1..
922 369 926 381 .
1125 355 1161 421 ¹7

163 425 1049 539 Exploresqunmlongusinhunedespectusabillo.
1080 467 1085 475 “

165 557 252 642 Quis
264 551 357 621 rudis
368 551 590 647 usqueadeo,
604 557 761 649 quinon,
774 573 813 624 ut
823 559 941 628 viderit
950 564 1081 649 ambos,

166 669 317 733 Tantum
328 661 420 730 dicat
431 684 550 755 equae,
565 680 729 757 quantum
741 665 865 736 distare
875 680 1048 763 regentes?
1130 708 1163 759 9⁰

167 780 247 842 Non
257 772 321 842 hoc
332 771 523 840 imbriferas
534 773 672 866 hyemes
684 798 785 869 opus,
798 795 857 846 aut
868 784 958 851 Jovis
970 787 1081 876 ignem

168 888 429 976 Tergemiuum‚
443 883 538 950 AEolii
548 908 617 951 non
628 887 761 977 agmina
772 894 914 960 carueris
926 891 1056 980 horret,
1072 889 1074 894 ¹

170 1000 389 1062 Annorumve
400 1015 531 1074 moras,
544 992 644 1061 stabit
655 993 737 1062 dum
749 1012 837 1066 terra
848 999 1032 1098 polusque,

171 1110 262 1172 Dum
272 1109 424 1170 Romana
435 1102 516 1170 dies.
531 1106 606 1170 Huc
616 1120 651 1171 et
661 1103 724 1172 sub
736 1124 834 1176 nocte
846 1107 975 1194 silenti,

172 1221 258 1284 Cum
269 1217 400 1307 superis
411 1229 544 1282 terrena
554 1213 705 1307 placent,
718 1233 777 1285 tna
787 1220 884 1289 turba
898 1223 1013 1292 relicto
1117 1237 1167 1310 '9⁵

171 1326 319 1394 labetur
330 1325 428 1409 caelo,
440 1323 660 1422 miscebitque
671 1327 786 1396 oscula
792 1328 889 1424 juxta
900 1360 906 1399 :

173 1436 238 1505 Ibit
247 1439 285 1504 in
294 1435 472 1530 amplexus
482 1453 593 1521 natus,
606 1439 789 1535 fraterque,
802 1459 980 1539 paterque,

172 1553 214 1616 Et
225 1571 339 1618 soror:
352 1573 423 1616 una
432 1547 545 1618 locum
556 1554 668 1619 cervix
679 1550 772 1620 dabit
783 1555 938 1623 omnibus
950 1562 1057 1626 asnis.

174 1663 274 1727 Utere
284 1675 488 1752 perpetuum
499 1659 615 1753 populi
626 1664 808 1757 magnique
819 1681 954 1756 senatus

174 1771 333 1838 Munere:
347 1768 493 1863 Apelleae
505 1787 667 1865 cuperent
679 1789 711 1840 te
722 1771 868 1842 scribere
879 1797 982 1857 cerae,
1121 1807 1168 1843 100

177 1882 395 1977 optassetque
407 1906 495 1950 novo
508 1882 651 1951 similem
661 1901 695 1950 te
706 1906 831 1977 ponere
843 1885 970 1978 templo

178 1995 301 2062 Atticus
313 1993 394 2062 Elaei
407 1997 518 2062 senior
529 1999 639 2079 Jovis3
653 2012 686 2064 et
697 2012 755 2063 tua
766 1999 856 2065 mitis

177 2105 241 2170 Ora
250 2109 371 2187 Taras,
383 2121 442 2172 tua
455 2103 601 2173 sidereae
610 2108 774 2174 imitantia
785 2105 937 2176 flammas

178 2216 333 2298 Lumina,
346 2231 539 2308 contempto
549 2213 664 2282 mallet
675 2214 811 2283 Rhodos
823 2241 941 2310 aspera
952 2219 1084 2288 Phoebo.

176 2323 289 2390 Certus
300 2348 393 2392 ames
406 2341 527 2409 terias,
541 2341 575 2392 et
586 2349 661 2421 quae
673 2326 733 2394 tibi
744 2327 869 2419 templa
881 2327 1049 2413 dicamus,
1119 2347 1167 2401 105

177 2435 250 2522 lpse
261 2431 354 2500 colas
365 2459 372 2498 :
385 2455 447 2500 nec
458 2449 492 2500 te
504 2432 576 2500 caeli
584 2431 680 2527 juvet
690 2433 781 2518 aula3
795 2450 938 2530 tuosque

175 2545 283 2612 Laetus
296 2543 376 2612 huic
386 2544 476 2612 dono
487 2544 600 2614 videas
612 2546 692 2614 dare
704 2563 778 2614 tura
788 2563 937 2640 nepotes.

169 2735 212 2788 9¹·
231 2723 308 2794 Opus
318 2723 374 2776 Hoc
383 2721 541 2776 vocabulum
551 2725 626 2776 abest
669 2743 718 2777 nee
738 2723 817 2794 longe
837 2723 892 2776 abit
909 2723 1061 2778 Sabellicus.
1080 2726 1166 2798 Vulgo

135 2817 152 2849 a
163 2798 231 2851 cod.
243 2799 317 2852 Leia.
329 2815 356 2853 et
364 2803 396 2854 ab
408 2802 466 2856 edd.
479 2824 520 2877 pr.
535 2815 561 2855 et
573 2806 626 2854 Ro·
671 2815 771 2856 tonans.
779 2803 984 2857 Genu—Codd.
992 2805 1168 2856 Urat.etViu-

134 2894 223 2928 mana.
242 2879 324 2928 Hnuu.
670 2882 733 2934 dob.
750 2895 844 2943 tervan
860 2881 926 2935 cod.
944 2884 1024 2934 Paris.
1044 2880 1104 2932 edd.
1124 2901 1165 2953 pr.

167 2972 211 3024 9²·
233 2957 337 3009 Horret.
358 2959 419 3012 cod.
440 2959 625 3028 Uratialensis‚
670 2965 744 3012 Rom.
762 2963 820 3012 vic.
841 2964 946 3013 Veneta.
963 2958 1041 3010 Lind.
1062 2969 1167 3023 tonans;

132 3034 320 3090 bonoalltun.
487 3087 495 3098 ,
561 3047 564 3058 ·
671 3038 737 3091 Cotl.
754 3038 834 3094 Drak.
852 3050 893 3103 et,
912 3050 941 3087 ut
958 3035 1075 3101 videtur,
1092 3037 1164 3091 beiti.

164 3114 207 3183 94.
225 3115 294 3167 Huc.
308 3114 357 3168 Ed.
372 3119 454 3188 princ.
470 3119 525 3170 bac.
565 3113 566 3116 ¹
673 3119 760 3171 Taras.
772 3117 866 3188 Neque
880 3112 992 3185 amplius
1006 3112 1040 3166 ‹le
1052 3113 1166 3170 lectione

163 3193 205 3262 96.
224 3195 315 3247 Juxta.
331 3195 379 3248 Ed.
391 3199 475 3268 princ.
482 3199 585 3269 juncta.
670 3197 784 3252 dubitari
796 3207 893 3266 potest.
911 3195 992 3246 Hm.

165 3289 221 3327 ιοο.
244 3275 374 3329 Munere.-
395 3278 519 3350 Apelleoe.
540 3279 624 3330 Parni.
708 3276 765 3329 105.
788 3276 880 3328 cerm.
894 3273 942 3325 Ed.
957 3275 1042 3346 princ.
1057 3293 1144 3329 cecus.

130 3353 238 3407 Munera
248 3355 358 3422 Pelleoe,
371 3357 445 3427 quod
455 3357 551 3412 frustra
562 3375 625 3430 pro·
707 3354 766 3408 106.
785 3353 876 3406 Loetns.
893 3351 964 3406 Edit.
977 3355 1052 3407 Rom.
1066 3354 1150 3408 loetim
1156 3380 1166 3418 ‚·

130 3428 173 3482 bat
184 3433 344 3501 Politianus‚
358 3453 400 3507 ep.
414 3437 463 3502 vl,
477 3435 623 3488 1.-cod.
670 3431 746 3488 male.
760 3464 795 3474 -
809 3433 881 3486 Antt.
891 3432 954 3486 libb.
967 3451 1058 3485 omnen
1069 3432 1166 3502 letius,

131 3511 197 3564 urat.
215 3513 313 3567 Peleoe.
332 3517 467 3579 Hanut-
485 3515 534 3567 Ed.
551 3517 626 3587 prin·
670 3525 731 3566 ante
746 3513 843 3565 Aldum
863 3531 942 3585 quem
961 3511 1056 3584 reliqui
1075 3531 1167 3567 omnes

130 3606 191 3662 cepa
199 3593 369 3664 pellemini:
380 3594 441 3647 ead.
451 3593 531 3647 habet
540 3611 626 3661 cunae,
671 3593 754 3646 secuti
761 3605 835 3656 sunu
846 3591 902 3644 sola
909 3592 1023 3659 Veneta,
1034 3591 1113 3662 1494,
1123 3614 1168 3648 ne·

129 3685 179 3738 pro
193 3689 261 3724 οη.
672 3675 727 3725 scio
746 3690 781 3724 an
794 3670 827 3723 tle
848 3671 975 3724 industria
995 3676 1167 3739 correctoris,

166 3751 223 3802 103.
245 3753 294 3805 Om
309 3753 400 3806 Taras.
415 3754 502 3804 Parm.
516 3766 542 3806 et
552 3755 625 3805 Rom.
671 3751 771 3824 prebet
784 3749 864 3806 loetus.
874 3753 956 3804 utun.
966 3751 1080 3804 -Huic
1090 3753 1168 3806 dono.

128 3839 154 3877 et
167 3827 259 3882 venet.
273 3833 397 3893 Tenum,-
414 3831 563 3884 emendavit
576 3833 628 3883 Po·
672 3831 721 3883 Ed.
734 3849 774 3902 pr.
788 3829 836 3884 boe
849 3832 917 3882 d.--
930 3830 1008 3882 Tura.
1023 3830 1089 3884 cod.
1106 3833 1169 3882 Ura·

128 3902 239 3964 titianus.
254 3942 288 3952 -
301 3913 403 3979 Taras,
420 3913 457 3964 ita
471 3911 629 3977 Politianus‚
674 3911 801 3977 tielensis,
804 3912 878 3981 jura.
897 3909 978 3962 Hmn.

561 4045 746 4071 -dw—

215 4107 242 4172 1⁸
1016 4121 1034 4161 2
