2784 4484
545 316 789 386 runrrrro
1087 318 1187 412 xxusj

139 467 207 501 aeres
218 461 245 500 et
257 448 380 500 camina
394 443 480 497 oculis
487 466 496 504 ,·
509 441 552 497 vel
566 443 614 498 ubi
629 443 719 500 infans
734 446 836 502 dicitur
852 451 986 524 implicare
995 451 1123 522 qemitum
1137 447 1188 504 ali-

140 543 200 605 cui;
210 539 253 594 rel
265 538 315 594 uhi
327 536 462 592 'lithonia
473 535 576 592 dieitur
586 557 701 614 sparqere
712 538 832 616 aliquem
834 543 945 620 flaqeilo
952 565 961 604 ς
974 539 1017 596 vel
1030 540 1078 596 ubi
1091 543 1188 616 ianaqo
1289 584 1291 588 .

140 632 238 687 dieitur
250 651 358 704 carpere
369 649 451 704 penas
458 651 468 692 ‚·
480 627 524 684 vel
534 629 580 684 ubi
595 632 677 684 Tibris
688 643 714 685 et
723 636 845 687 Lucanus
855 653 916 707 aper
928 633 1058 688 dicuntur
1073 648 1189 706 torquere

142 746 236 801 aquas:
255 725 303 800 qui
321 723 399 790 lanc,
418 723 548 797 inquam,
564 733 591 777 et
606 733 772 779 tercentum
790 721 854 780 talia
873 723 991 800 relegere
1004 725 1143 800 potuerint
1161 736 1189 780 et

142 819 236 887 alere,
248 822 310 874 aine
324 815 384 872 ulla
401 814 446 870 vel
460 835 555 871 sensus
570 814 766 892 explicatione,
779 818 823 874 vel
842 818 1018 874 absurditatis
1031 821 1188 874 mentione?

144 915 228 988 Atque
238 912 297 968 haee
311 921 355 965 est
366 910 444 965 Statii
456 911 485 963 in
498 907 540 963 his
552 907 640 984 Sylvis
657 928 732 976 sors;
746 929 778 965 ea
792 910 934 966 Editorum
947 913 1086 966 securitas.
1100 914 1188 967 Nimi-

144 1023 206 1060 rum
214 1046 223 1074 ,
231 1003 283 1059 illis
297 1022 356 1058 uon
369 1001 478 1057 ridetur
491 1000 643 1056 suboluisse
657 1001 758 1058 datam
771 1003 929 1080 prodigiosa
942 1003 1043 1058 horum
1054 1002 1188 1059 librorum

146 1096 353 1174 depravatione,
368 1104 396 1148 et
410 1092 575 1149 mendorum
589 1112 753 1150 consensum
768 1115 819 1172 pro
836 1100 951 1152 sanitate
969 1098 1189 1172 acceperunt.1ii

147 1192 184 1245 ita
192 1189 356 1256 sehaberet,
367 1186 508 1264 quomodo
521 1186 579 1242 lieri
592 1189 681 1264 potuit
690 1201 722 1244 ut
732 1199 773 1244 tot
782 1189 996 1248 absurditatibus
1006 1192 1189 1266 acquiesceret

147 1288 213 1354 (non
226 1283 289 1340 dieo
302 1283 450 1338 Gramina
465 1293 493 1337 et
508 1281 649 1352 barthius,
662 1282 726 1356 sed)
741 1301 865 1340 summus
880 1283 926 1340 ille
941 1287 1114 1353 Gronovius,
1128 1287 1187 1338 sine

148 1377 199 1433 ulla
208 1376 250 1432 vel
260 1378 427 1454 suspicionis
438 1394 493 1433 suae
503 1378 656 1432 mentione?
667 1383 724 1433 Nec
733 1377 787 1435 huc
798 1377 874 1448 dico,
886 1391 916 1433 ut
925 1399 986 1434 mea
996 1379 1105 1454 majoris
1115 1380 1187 1434 aesti-

149 1483 263 1538 mentur,
272 1481 319 1525 aut
330 1482 362 1524 ut
374 1468 454 1524 samar
464 1481 491 1524 ct
502 1471 606 1525 meritis
616 1468 688 1526 illius
700 1471 843 1526 detraham
857 1473 990 1548 (quorum
1000 1483 1130 1526 neutrum
1142 1475 1189 1528 abt

148 1567 174 1619 in
191 1568 281 1620 animo
300 1575 347 1620 aut
366 1566 396 1618 in
413 1575 550 1640 potestate
568 1583 630 1619 mea
649 1567 734 1620 situm
752 1566 821 1638 est);
840 1565 888 1620 sed
909 1577 939 1620 ut
957 1549 1023 1620 bine
1040 1567 1189 1640 perspicias

150 1673 227 1730 quam
241 1656 354 1710 diversa
368 1673 413 1710 res
426 1655 482 1709 sint
495 1656 627 1728 Linguam
638 1657 762 1710 Latinam
775 1667 803 1709 et
815 1661 910 1710 Poetas
923 1656 1033 1709 Latinus
1049 1655 1151 1730 optime
1164 1665 1190 1708 et

150 1761 270 1802 amunte
279 1745 444 1823 intelligere:
457 1763 575 1822 quorum
587 1746 677 1818 istud,
691 1749 715 1802 si
726 1749 856 1823 cuiquam
866 1745 1039 1817 mortalium,
1051 1747 1190 1800 Gronorio

151 1842 279 1915 mndgit;
297 1841 347 1894 boc
359 1841 500 1912 (accurate
516 1837 610 1912 dico),
627 1841 674 1894 vix
689 1841 739 1895 uni
754 1851 782 1894 et
797 1839 890 1910 alteri,
905 1839 979 1916 quod
995 1841 1080 1894 sciam
1095 1839 1189 1911 (vivos

152 1936 223 1988 enim
234 1945 362 2009 pretereo
367 1975 378 2002 ,
387 1943 484 2008 utpote
493 1950 562 2009 quos
571 1933 688 1988 Libitina
698 1933 823 1990 noudum
834 1935 1010 2006 sacraverit),
1023 1943 1121 2010 prater
1128 1932 1187 1987 Nic.

151 2030 301 2096 lieinsium‚
314 2045 413 2082 rerum
423 2025 517 2082 thbi
527 2026 684 2093 alumnum,
695 2039 722 2082 et
731 2025 866 2104 Calliopes
876 2029 938 2084 sinu
948 2030 1111 2083 innutritum
1121 2051 1127 2079 :
1139 2025 1188 2102 qui

152 2121 220 2176 alind
230 2140 313 2198 agens
324 2139 403 2196 pene
414 2118 494 2196 plura
507 2117 580 2188 loca,
592 2133 664 2176 certe
675 2118 849 2190 difficiliora,
861 2123 890 2176 in
902 2121 945 2193 his
957 2120 1046 2198 sylvis
1055 2121 1188 2191 restituit,

152 2233 228 2290 quam
241 2231 336 2270 omnes
348 2211 394 2268 alii
407 2211 490 2268 simul
502 2215 584 2268 sumti
596 2215 751 2286 (Gronovio
763 2215 892 2290 excepto)
905 2217 954 2291 qui
966 2234 998 2270 ex
1009 2212 1136 2290 professo
1147 2214 1188 2268 in-

151 2309 275 2364 sudarunt
287 2309 354 2363 huic
367 2309 460 2383 uperi;
473 2325 524 2362 nec
534 2306 631 2362 dubito
643 2311 709 2383 quin
722 2306 809 2364 multo
820 2307 900 2384 plura
912 2307 1013 2364 lateant
1024 2311 1051 2362 in
1064 2309 1188 2382 margine

149 2401 312 2479 Exemplaris
324 2407 396 2478 ejus;
410 2401 485 2478 quod
499 2407 683 2457 aBurmanno
696 2401 839 2479 aliquoties
851 2405 964 2457 citatum
973 2401 1068 2471 video,
1078 2405 1140 2456 Not.
1153 2399 1189 2456 ad

148 2495 289 2560 Ovidium
302 2507 329 2551 et
343 2495 469 2550 meminit
481 2497 603 2550 Graevius
615 2497 645 2550 in
656 2497 739 2572 Epist.
752 2496 787 2551 ad
800 2493 965 2564 Hentleium,
977 2499 1038 2550 Not.
1050 2493 1086 2548 ad
1095 2499 1187 2548 Horat.

149 2591 234 2644 ihm.
249 2593 277 2656 1,
292 2590 344 2656 23,
359 2587 384 2641 5.
396 2591 453 2642 Nec
466 2598 558 2641 tamen
573 2586 626 2641 hoc
637 2589 777 2642 Gronovio
788 2589 856 2642 vitio
867 2587 1031 2642 vertendum
1045 2584 1188 2650 duxerim3

150 2697 206 2734 uon
219 2675 309 2734 hercle
324 2681 411 2754 magis
425 2697 509 2755 quam
526 2679 601 2754 quod
617 2677 710 2735 Gallus
723 2677 766 2734 vel
782 2682 926 2734 Britannus
942 2697 999 2734 non
1016 2677 1113 2744 fuerit;
1131 2695 1188 2731 non

153 2773 240 2846 magis
251 2789 333 2846 quem
346 2771 418 2848 quod
433 2797 444 2821 ι
456 2772 618 2850 spectandus
632 2775 718 2848 nigris
733 2772 820 2829 oculis
833 2777 968 2850 nigroque
981 2770 1080 2848 capillo
1091 2797 1102 2820 ι
1117 2771 1189 2826 forte

153 2884 209 2920 non
225 2863 316 2920 fuerit.
330 2869 384 2921 Hoc
398 2869 471 2922 enim
487 2865 592 2922 donum
606 2879 645 2923 est
656 2873 782 2937 Natura,
799 2879 826 2922 et
837 2866 891 2923 illis
900 2866 966 2922 solis
978 2865 1105 2938 contigit,
1119 2881 1189 2937 quos

154 2987 165 3008 ι
176 2964 321 3016 Nascentee
329 2959 435 3037 placido
446 2961 549 3018 lumine
558 2961 676 3018 viderit·
688 2961 871 3038 Melpomene.
880 2959 968 3014 Multo
978 2958 1074 3012 altiora
1086 2954 1190 3010 etfurte

151 3055 257 3111 utiliora
274 3059 351 3112 novit
366 3068 393 3112 et
410 3054 528 3112 excoluit
541 3060 585 3113 vir
602 3055 648 3113 ille
661 3077 727 3112 vere
746 3057 898 3120 maximus3
913 3071 1033 3130 quorum
1047 3054 1190 3106 innumera

150 3151 295 3224 specimina
307 3150 418 3205 exhibet
426 3153 456 3205 in
469 3150 597 3226 preclara
609 3149 731 3206 Diatribe
742 3151 771 3204 iu
783 3149 858 3205 Statii
870 3145 978 3224 Sylvaa:
991 3148 1020 3200 in
1033 3163 1088 3222 quo
1099 3157 1190 3200 tamen

150 3261 230 3317 opere
242 3241 326 3298 multa
341 3243 376 3298 ad
390 3249 535 3299 Poetarum
549 3242 624 3300 locos
636 3244 786 3321 spectantia
799 3252 948 3311 mutasset,
963 3253 1004 3296 sat
1018 3241 1091 3310 scio,
1105 3241 1190 3294 Hein-

151 3337 220 3404 sius,
232 3337 256 3391 si
265 3335 298 3391 ad
310 3335 386 3394 illius
396 3335 535 3413 judicium
547 3355 590 3393 res
601 3336 699 3392 luisset
710 3335 851 3412 exigenda.
862 3341 979 3404 Interea,
992 3333 1056 3389 inde
1067 3351 1096 3387 se
1108 3331 1190 3387 solari

151 3441 234 3503 potest
242 3433 413 3500 Gronovius,
425 3429 501 3506 quod
512 3429 565 3485 hoc
574 3431 680 3504 (neseio
690 3449 724 3484 an
735 3429 824 3485 dicam
835 3426 1035 3499 infortunium)
1044 3431 1190 3479 commune

153 3519 271 3578 habuerit
286 3543 351 3579 cum
366 3525 436 3578 viris
450 3525 480 3578 in
495 3521 555 3578 aliis
569 3521 732 3577 eruditionis
746 3521 868 3598 partibus
883 3519 964 3596 longe
978 3519 1103 3574 summis.
1120 3517 1191 3571 ilinc

152 3615 225 3669 mam
238 3635 264 3672 se
276 3617 347 3672 tueri
361 3628 472 3694 potest,
489 3615 563 3692 quod
580 3615 639 3670 lraec
652 3615 773 3670 Diatribe
786 3607 907 3691 primum
923 3616 981 3689 ejus
997 3624 1151 3679 tentamen,
1164 3619 1190 3662 et

153 3725 218 3781 opus
229 3711 344 3784 juvenile
358 3708 432 3765 fuit:
448 3707 572 3785 juvenile
585 3709 699 3784 quidem
712 3706 797 3779 illud,
816 3709 864 3765 sed
878 3707 1009 3764 Gronovii
1022 3705 1148 3781 iuvenis,
1165 3711 1191 3756 et

150 3799 226 3874 quale
232 3823 283 3859 uon
294 3803 449 3881 perfectius
460 3800 601 3857 elaborare
610 3804 751 3877 potuerint
762 3799 857 3872 multi,
867 3802 916 3878 qui
925 3799 1000 3854 hisce
1010 3794 1096 3851 literis
1105 3805 1190 3850 totam

149 3909 240 3954 ertatem
253 3899 473 3977 impenderunt:
489 3899 568 3952 ctiam
580 3913 685 3950 errores
697 3897 773 3952 istius
786 3899 837 3952 viri
850 3894 983 3971 quiddam
995 3889 1129 3947 eruditius
1142 3885 1189 3939 ha·
