<?xml version="1.0" encoding="UTF-8"?>
<!DOCTYPE html PUBLIC "-//W3C//DTD XHTML 1.0 Transitional//EN"
    "http://www.w3.org/TR/xhtml1/DTD/xhtml1-transitional.dtd">
<html xmlns="http://www.w3.org/1999/xhtml" xml:lang="en" lang="en">
 <head>
  <title>
</title>
<meta http-equiv="Content-Type" content="text/html;charset=utf-8" />
  <meta name='ocr-system' content='tesseract 3.04.00' />
  <meta name='ocr-capabilities' content='ocr_page ocr_carea ocr_par ocr_line ocrx_word'/>
</head>
<body>
  <div class='ocr_page' id='page_1' title='image "./quexstantomniao03lemagoog_0446.png"; bbox 0 0 2824 4488; ppageno 0'>
   <div class='ocr_carea' id='block_1_1' title="bbox 212 306 1242 348">
    <p class='ocr_par' dir='ltr' id='par_1_1' title="bbox 212 306 1242 348">
     <span class='ocr_line' id='line_1_1' title="bbox 212 306 1242 348; baseline -0.002 0"><span class='ocrx_word' id='word_1_1' title='bbox 212 306 1242 348; x_wconf 59' lang='lat' dir='ltr'>m</span> 
     </span>
    </p>
   </div>
   <div class='ocr_carea' id='block_1_2' title="bbox 558 530 898 630">
    <p class='ocr_par' dir='ltr' id='par_1_2' title="bbox 558 530 898 630">
     <span class='ocr_line' id='line_1_2' title="bbox 558 530 898 630; baseline -0.018 0"><span class='ocrx_word' id='word_1_2' title='bbox 558 530 832 630; x_wconf 77' lang='lat' dir='ltr'><strong>CARMEN</strong></span> <span class='ocrx_word' id='word_1_3' title='bbox 863 534 898 625; x_wconf 91' lang='lat'>1.</span> 
     </span>
    </p>
   </div>
   <div class='ocr_carea' id='block_1_3' title="bbox 670 811 782 828">
    <p class='ocr_par' dir='ltr' id='par_1_3' title="bbox 670 811 782 828">
     <span class='ocr_line' id='line_1_3' title="bbox 670 811 782 828; baseline 0 -4"><span class='ocrx_word' id='word_1_4' title='bbox 670 811 782 828; x_wconf 56' lang='grc' dir='ltr'>*υ</span> 
     </span>
    </p>
   </div>
   <div class='ocr_carea' id='block_1_4' title="bbox 232 967 1224 1244">
    <p class='ocr_par' dir='ltr' id='par_1_4' title="bbox 232 967 1224 1244">
     <span class='ocr_line' id='line_1_4' title="bbox 232 967 1224 1084; baseline -0.004 -2"><span class='ocrx_word' id='word_1_5' title='bbox 232 967 338 1083; x_wconf 79' lang='lat' dir='ltr'>xvir</span> <span class='ocrx_word' id='word_1_6' title='bbox 361 1012 673 1084; x_wconf 75' lang='lat' dir='ltr'>consuetius</span> <span class='ocrx_word' id='word_1_7' title='bbox 697 1014 794 1077; x_wconf 80' lang='lat' dir='ltr'>rur.</span> <span class='ocrx_word' id='word_1_8' title='bbox 820 1013 923 1079; x_wconf 76' lang='lat' dir='ltr'>nuo.</span> <span class='ocrx_word' id='word_1_9' title='bbox 948 1012 1224 1078; x_wconf 77' lang='lat' dir='ltr'>oeeuauror</span> 
     </span>
     <span class='ocr_line' id='line_1_5' title="bbox 574 1174 881 1244; baseline 0.003 -3"><span class='ocrx_word' id='word_1_10' title='bbox 574 1174 881 1244; x_wconf 69' lang='lat' dir='ltr'>notumne·</span> 
     </span>
    </p>
   </div>
   <div class='ocr_carea' id='block_1_5' title="bbox 249 1557 1253 3017">
    <p class='ocr_par' dir='ltr' id='par_1_5' title="bbox 249 1557 1187 2019">
     <span class='ocr_line' id='line_1_6' title="bbox 252 1557 987 1680; baseline -0.01 -22"><span class='ocrx_word' id='word_1_11' title='bbox 252 1557 375 1658; x_wconf 74' lang='lat' dir='ltr'>Lari</span> <span class='ocrx_word' id='word_1_12' title='bbox 385 1587 438 1658; x_wconf 87' lang='lat' dir='ltr'>bis</span> <span class='ocrx_word' id='word_1_13' title='bbox 449 1587 579 1657; x_wconf 89' lang='lat' dir='ltr'>octonis</span> <span class='ocrx_word' id='word_1_14' title='bbox 591 1585 719 1656; x_wconf 88' lang='lat' dir='ltr'>accedit</span> <span class='ocrx_word' id='word_1_15' title='bbox 730 1607 882 1680; x_wconf 85' lang='lat' dir='ltr'>purpura</span> <span class='ocrx_word' id='word_1_16' title='bbox 892 1581 987 1652; x_wconf 76' lang='lat' dir='ltr'>iestis</span> 
     </span>
     <span class='ocr_line' id='line_1_7' title="bbox 250 1700 1165 1796; baseline -0.009 -25"><span class='ocrx_word' id='word_1_17' title='bbox 250 1705 406 1786; x_wconf 64' lang='lat' dir='ltr'>Gesseris,</span> <span class='ocrx_word' id='word_1_18' title='bbox 420 1704 655 1796; x_wconf 75' lang='lat' dir='ltr'>insignemque</span> <span class='ocrx_word' id='word_1_19' title='bbox 667 1700 774 1794; x_wconf 82' lang='lat' dir='ltr'>aperit</span> <span class='ocrx_word' id='word_1_20' title='bbox 784 1700 1004 1768; x_wconf 87' lang='lat' dir='ltr'>Germanicus</span> <span class='ocrx_word' id='word_1_21' title='bbox 1016 1719 1165 1778; x_wconf 87' lang='lat' dir='ltr'>annum,</span> 
     </span>
     <span class='ocr_line' id='line_1_8' title="bbox 250 1808 1187 1909; baseline -0.009 -27"><span class='ocrx_word' id='word_1_22' title='bbox 250 1820 361 1909; x_wconf 83' lang='lat' dir='ltr'>Atque</span> <span class='ocrx_word' id='word_1_23' title='bbox 372 1816 480 1881; x_wconf 87' lang='lat' dir='ltr'>oritur</span> <span class='ocrx_word' id='word_1_24' title='bbox 491 1837 569 1881; x_wconf 90' lang='lat' dir='ltr'>eum</span> <span class='ocrx_word' id='word_1_25' title='bbox 582 1810 652 1881; x_wconf 89' lang='lat' dir='ltr'>sole</span> <span class='ocrx_word' id='word_1_26' title='bbox 664 1835 771 1894; x_wconf 91' lang='lat' dir='ltr'>novo,</span> <span class='ocrx_word' id='word_1_27' title='bbox 783 1833 862 1879; x_wconf 87' lang='lat' dir='ltr'>cum</span> <span class='ocrx_word' id='word_1_28' title='bbox 876 1808 1058 1902; x_wconf 76' lang='lat' dir='ltr'>grandibus</span> <span class='ocrx_word' id='word_1_29' title='bbox 1070 1810 1187 1888; x_wconf 84' lang='lat' dir='ltr'>astris,</span> 
     </span>
     <span class='ocr_line' id='line_1_9' title="bbox 249 1922 985 2019; baseline -0.003 -27"><span class='ocrx_word' id='word_1_30' title='bbox 249 1923 379 1993; x_wconf 87' lang='lat' dir='ltr'>Clarius</span> <span class='ocrx_word' id='word_1_31' title='bbox 392 1928 465 2019; x_wconf 88' lang='lat' dir='ltr'>ipse</span> <span class='ocrx_word' id='word_1_32' title='bbox 477 1927 606 2010; x_wconf 89' lang='lat' dir='ltr'>nitens,</span> <span class='ocrx_word' id='word_1_33' title='bbox 618 1942 653 1994; x_wconf 88' lang='lat' dir='ltr'>et</span> <span class='ocrx_word' id='word_1_34' title='bbox 664 1928 774 2019; x_wconf 94' lang='lat' dir='ltr'>primo</span> <span class='ocrx_word' id='word_1_35' title='bbox 787 1922 894 2018; x_wconf 89' lang='lat' dir='ltr'>major</span> <span class='ocrx_word' id='word_1_36' title='bbox 905 1927 985 1991; x_wconf 88' lang='lat' dir='ltr'>Eoo.</span> 
     </span>
    </p>

    <p class='ocr_par' dir='ltr' id='par_1_6' title="bbox 249 2030 1253 3017">
     <span class='ocr_line' id='line_1_10' title="bbox 296 2030 1252 2130; baseline 0 -30"><span class='ocrx_word' id='word_1_37' title='bbox 296 2033 474 2102; x_wconf 87' lang='lat' dir='ltr'>Exsultent</span> <span class='ocrx_word' id='word_1_38' title='bbox 485 2035 575 2128; x_wconf 91' lang='lat' dir='ltr'>leges</span> <span class='ocrx_word' id='word_1_39' title='bbox 588 2037 709 2102; x_wconf 87' lang='lat' dir='ltr'>Latiae:</span> <span class='ocrx_word' id='word_1_40' title='bbox 724 2030 1049 2130; x_wconf 83' lang='lat' dir='ltr'>gaudete,cumles;</span> <span class='ocrx_word' id='word_1_41' title='bbox 1237 2057 1252 2108; x_wconf 83' lang='lat'>5</span> 
     </span>
     <span class='ocr_line' id='line_1_11' title="bbox 250 2143 1017 2240; baseline 0.003 -28"><span class='ocrx_word' id='word_1_42' title='bbox 250 2150 292 2212; x_wconf 89' lang='lat' dir='ltr'>Et</span> <span class='ocrx_word' id='word_1_43' title='bbox 303 2149 567 2240; x_wconf 75' lang='lat' dir='ltr'>septemgemino</span> <span class='ocrx_word' id='word_1_44' title='bbox 576 2143 756 2240; x_wconf 83' lang='lat' dir='ltr'>jactantior</span> <span class='ocrx_word' id='word_1_45' title='bbox 767 2145 892 2214; x_wconf 80' lang='lat' dir='ltr'>aethera</span> <span class='ocrx_word' id='word_1_46' title='bbox 904 2145 1017 2239; x_wconf 88' lang='lat' dir='ltr'>pulset</span> 
     </span>
     <span class='ocr_line' id='line_1_12' title="bbox 250 2253 1114 2352; baseline 0.007 -30"><span class='ocrx_word' id='word_1_47' title='bbox 250 2261 356 2324; x_wconf 87' lang='lat' dir='ltr'>Roma</span> <span class='ocrx_word' id='word_1_48' title='bbox 365 2253 466 2348; x_wconf 86' lang='lat' dir='ltr'>jugo;</span> <span class='ocrx_word' id='word_1_49' title='bbox 480 2255 625 2352; x_wconf 90' lang='lat' dir='ltr'>plusque</span> <span class='ocrx_word' id='word_1_50' title='bbox 635 2279 714 2326; x_wconf 87' lang='lat' dir='ltr'>aute</span> <span class='ocrx_word' id='word_1_51' title='bbox 726 2257 807 2326; x_wconf 86' lang='lat' dir='ltr'>alies</span> <span class='ocrx_word' id='word_1_52' title='bbox 819 2257 1008 2326; x_wconf 87' lang='lat' dir='ltr'>Evandrius</span> <span class='ocrx_word' id='word_1_53' title='bbox 1020 2282 1114 2328; x_wconf 71' lang='lat' dir='ltr'>aloes</span> 
     </span>
     <span class='ocr_line' id='line_1_13' title="bbox 250 2363 973 2450; baseline 0.004 -17"><span class='ocrx_word' id='word_1_54' title='bbox 250 2363 352 2433; x_wconf 89' lang='lat' dir='ltr'>Collis</span> <span class='ocrx_word' id='word_1_55' title='bbox 363 2381 450 2434; x_wconf 88' lang='lat' dir='ltr'>ovet.</span> <span class='ocrx_word' id='word_1_56' title='bbox 466 2366 604 2435; x_wconf 89' lang='lat' dir='ltr'>Subiere</span> <span class='ocrx_word' id='word_1_57' title='bbox 616 2371 695 2435; x_wconf 88' lang='lat' dir='ltr'>novi</span> <span class='ocrx_word' id='word_1_58' title='bbox 708 2367 834 2434; x_wconf 85' lang='lat' dir='ltr'>Palatia</span> <span class='ocrx_word' id='word_1_59' title='bbox 847 2367 973 2450; x_wconf 81' lang='lat' dir='ltr'>fasces,</span> 
     </span>
     <span class='ocr_line' id='line_1_14' title="bbox 250 2477 1176 2574; baseline 0.003 -30"><span class='ocrx_word' id='word_1_60' title='bbox 250 2482 292 2544; x_wconf 89' lang='lat' dir='ltr'>Et</span> <span class='ocrx_word' id='word_1_61' title='bbox 303 2479 457 2571; x_wconf 90' lang='lat' dir='ltr'>requiem</span> <span class='ocrx_word' id='word_1_62' title='bbox 467 2478 519 2546; x_wconf 87' lang='lat' dir='ltr'>bis</span> <span class='ocrx_word' id='word_1_63' title='bbox 531 2495 644 2546; x_wconf 88' lang='lat' dir='ltr'>sextus</span> <span class='ocrx_word' id='word_1_64' title='bbox 657 2480 767 2547; x_wconf 92' lang='lat' dir='ltr'>honos</span> <span class='ocrx_word' id='word_1_65' title='bbox 777 2532 787 2562; x_wconf 85' lang='lat'>,</span> <span class='ocrx_word' id='word_1_66' title='bbox 799 2477 1024 2574; x_wconf 88' lang='lat' dir='ltr'>precibusque</span> <span class='ocrx_word' id='word_1_67' title='bbox 1035 2479 1176 2572; x_wconf 76' lang='lat' dir='ltr'>receptis</span> 
     </span>
     <span class='ocr_line' id='line_1_15' title="bbox 249 2588 1253 2682; baseline 0.002 -28"><span class='ocrx_word' id='word_1_68' title='bbox 249 2589 350 2654; x_wconf 83' lang='lat' dir='ltr'>Curia</span> <span class='ocrx_word' id='word_1_69' title='bbox 360 2590 551 2656; x_wconf 81' lang='lat' dir='ltr'>Coesareum</span> <span class='ocrx_word' id='word_1_70' title='bbox 563 2589 686 2682; x_wconf 82' lang='lat' dir='ltr'>gaudet</span> <span class='ocrx_word' id='word_1_71' title='bbox 698 2592 819 2658; x_wconf 84' lang='lat' dir='ltr'>vicisse</span> <span class='ocrx_word' id='word_1_72' title='bbox 830 2588 1006 2682; x_wconf 91' lang='lat' dir='ltr'>pudorem.</span> <span class='ocrx_word' id='word_1_73' title='bbox 1223 2621 1253 2656; x_wconf 79' lang='grc' dir='ltr'>ιο</span> 
     </span>
     <span class='ocr_line' id='line_1_16' title="bbox 250 2699 1049 2793; baseline 0.005 -29"><span class='ocrx_word' id='word_1_74' title='bbox 250 2701 328 2791; x_wconf 88' lang='lat' dir='ltr'>Ipse</span> <span class='ocrx_word' id='word_1_75' title='bbox 339 2699 440 2765; x_wconf 85' lang='lat' dir='ltr'>etiam</span> <span class='ocrx_word' id='word_1_76' title='bbox 452 2701 608 2768; x_wconf 90' lang='lat' dir='ltr'>immensi</span> <span class='ocrx_word' id='word_1_77' title='bbox 620 2715 794 2793; x_wconf 89' lang='lat' dir='ltr'>reparator</span> <span class='ocrx_word' id='word_1_78' title='bbox 805 2702 974 2767; x_wconf 85' lang='lat' dir='ltr'>maximus</span> <span class='ocrx_word' id='word_1_79' title='bbox 986 2703 1049 2768; x_wconf 86' lang='lat' dir='ltr'>aevi</span> 
     </span>
     <span class='ocr_line' id='line_1_17' title="bbox 249 2807 1005 2905; baseline 0.003 -28"><span class='ocrx_word' id='word_1_80' title='bbox 249 2807 381 2877; x_wconf 79' lang='lat' dir='ltr'>Attollit</span> <span class='ocrx_word' id='word_1_81' title='bbox 392 2807 522 2890; x_wconf 90' lang='lat' dir='ltr'>vultus,</span> <span class='ocrx_word' id='word_1_82' title='bbox 535 2827 570 2878; x_wconf 91' lang='lat' dir='ltr'>et</span> <span class='ocrx_word' id='word_1_83' title='bbox 580 2827 724 2905; x_wconf 89' lang='lat' dir='ltr'>utroque</span> <span class='ocrx_word' id='word_1_84' title='bbox 737 2835 756 2876; x_wconf 89' lang='lat' dir='ltr'>a</span> <span class='ocrx_word' id='word_1_85' title='bbox 768 2809 883 2877; x_wconf 89' lang='lat' dir='ltr'>limine</span> <span class='ocrx_word' id='word_1_86' title='bbox 895 2826 1005 2902; x_wconf 88' lang='lat' dir='ltr'>grates</span> 
     </span>
     <span class='ocr_line' id='line_1_18' title="bbox 250 2921 1023 3017; baseline 0.003 -28"><span class='ocrx_word' id='word_1_87' title='bbox 250 2926 356 2990; x_wconf 87' lang='lat' dir='ltr'>Janus</span> <span class='ocrx_word' id='word_1_88' title='bbox 368 2923 451 3014; x_wconf 59' lang='lat' dir='ltr'>agiu</span> <span class='ocrx_word' id='word_1_89' title='bbox 463 2943 566 3017; x_wconf 89' lang='lat' dir='ltr'>quem</span> <span class='ocrx_word' id='word_1_90' title='bbox 577 2940 615 2991; x_wconf 94' lang='lat' dir='ltr'>tu</span> <span class='ocrx_word' id='word_1_91' title='bbox 626 2977 634 3007; x_wconf 89' lang='lat'><strong>‚</strong></span> <span class='ocrx_word' id='word_1_92' title='bbox 647 2925 757 2991; x_wconf 89' lang='lat' dir='ltr'>vicina</span> <span class='ocrx_word' id='word_1_93' title='bbox 769 2927 854 2990; x_wconf 84' lang='lat' dir='ltr'>Pace</span> <span class='ocrx_word' id='word_1_94' title='bbox 865 2921 1023 3016; x_wconf 86' lang='lat' dir='ltr'>ligatum,</span> 
     </span>
    </p>
   </div>
   <div class='ocr_carea' id='block_1_6' title="bbox 546 3169 921 3220">
    <p class='ocr_par' dir='ltr' id='par_1_7' title="bbox 546 3169 921 3220">
     <span class='ocr_line' id='line_1_19' title="bbox 546 3169 921 3220; baseline -0.005 -3"><span class='ocrx_word' id='word_1_95' title='bbox 546 3169 664 3220; x_wconf 71' lang='lat' dir='ltr'>vtum</span> <span class='ocrx_word' id='word_1_96' title='bbox 687 3169 921 3218; x_wconf 49' lang='lat' dir='ltr'>litteriones*</span> 
     </span>
    </p>
   </div>
   <div class='ocr_carea' id='block_1_7' title="bbox 203 3291 1254 4080">
    <p class='ocr_par' dir='ltr' id='par_1_8' title="bbox 203 3291 1254 3748">
     <span class='ocr_line' id='line_1_20' title="bbox 239 3291 1251 3371; baseline -0.004 -21"><span class='ocrx_word' id='word_1_97' title='bbox 239 3291 249 3316; x_wconf 75' lang='lat'>‘</span> <span class='ocrx_word' id='word_1_98' title='bbox 267 3294 351 3350; x_wconf 80' lang='lat' dir='ltr'><em>XVII</em></span> <span class='ocrx_word' id='word_1_99' title='bbox 361 3297 512 3352; x_wconf 64' lang='lat' dir='ltr'>&amp;aulaeo</span> <span class='ocrx_word' id='word_1_100' title='bbox 521 3300 591 3371; x_wconf 77' lang='lat' dir='ltr'>Imp.</span> <span class='ocrx_word' id='word_1_101' title='bbox 600 3300 638 3352; x_wconf 86' lang='lat' dir='ltr'>lta</span> <span class='ocrx_word' id='word_1_102' title='bbox 650 3299 704 3352; x_wconf 81' lang='lat' dir='ltr'>vni-</span> <span class='ocrx_word' id='word_1_103' title='bbox 747 3311 1007 3362; x_wconf 67' lang='lat' dir='ltr'>enarmonium.</span> <span class='ocrx_word' id='word_1_104' title='bbox 1013 3311 1118 3350; x_wconf 70' lang='lat' dir='ltr'>verme</span> <span class='ocrx_word' id='word_1_105' title='bbox 1127 3311 1191 3348; x_wconf 74' lang='lat' dir='ltr'>nrt.</span> <span class='ocrx_word' id='word_1_106' title='bbox 1200 3309 1251 3348; x_wconf 79' lang='lat' dir='ltr'>m.</span> 
     </span>
     <span class='ocr_line' id='line_1_21' title="bbox 203 3373 1254 3448; baseline -0.001 -24"><span class='ocrx_word' id='word_1_107' title='bbox 203 3385 277 3444; x_wconf 81' lang='lat' dir='ltr'>gatae.</span> <span class='ocrx_word' id='word_1_108' title='bbox 291 3375 441 3428; x_wconf 85' lang='lat' dir='ltr'>Gronovius</span> <span class='ocrx_word' id='word_1_109' title='bbox 453 3395 485 3429; x_wconf 84' lang='lat' dir='ltr'>ex</span> <span class='ocrx_word' id='word_1_110' title='bbox 497 3377 567 3428; x_wconf 80' lang='lat' dir='ltr'>MSS.</span> <span class='ocrx_word' id='word_1_111' title='bbox 583 3377 702 3448; x_wconf 83' lang='lat' dir='ltr'>pleniua;</span> <span class='ocrx_word' id='word_1_112' title='bbox 747 3392 849 3430; x_wconf 77' lang='lat' dir='ltr'>oronte.</span> <span class='ocrx_word' id='word_1_113' title='bbox 860 3373 1108 3430; x_wconf 85' lang='lat' dir='ltr'>CituturuJobann.</span> <span class='ocrx_word' id='word_1_114' title='bbox 1119 3373 1254 3430; x_wconf 71' lang='lat' dir='ltr'>Liuineio,</span> 
     </span>
     <span class='ocr_line' id='line_1_22' title="bbox 203 3451 1253 3529; baseline -0.002 -25"><span class='ocrx_word' id='word_1_115' title='bbox 203 3451 288 3505; x_wconf 80' lang='lat' dir='ltr'><em>XVII</em></span> <span class='ocrx_word' id='word_1_116' title='bbox 302 3453 454 3507; x_wconf 77' lang='lat' dir='ltr'>Consulatus</span> <span class='ocrx_word' id='word_1_117' title='bbox 468 3457 537 3527; x_wconf 72' lang='lat' dir='ltr'>imp.</span> <span class='ocrx_word' id='word_1_118' title='bbox 555 3456 622 3529; x_wconf 78' lang='lat' dir='ltr'>Aug.</span> <span class='ocrx_word' id='word_1_119' title='bbox 640 3459 704 3509; x_wconf 80' lang='lat' dir='ltr'>Ger-</span> <span class='ocrx_word' id='word_1_120' title='bbox 748 3469 805 3509; x_wconf 90' lang='lat' dir='ltr'>not.</span> <span class='ocrx_word' id='word_1_121' title='bbox 819 3457 853 3509; x_wconf 83' lang='lat' dir='ltr'>ad</span> <span class='ocrx_word' id='word_1_122' title='bbox 863 3456 1014 3510; x_wconf 86' lang='lat' dir='ltr'>Mamertini</span> <span class='ocrx_word' id='word_1_123' title='bbox 1025 3455 1155 3524; x_wconf 70' lang='lat' dir='ltr'>Panegpr.</span> <span class='ocrx_word' id='word_1_124' title='bbox 1167 3452 1253 3503; x_wconf 78' lang='lat' dir='ltr'>Maxi·</span> 
     </span>
     <span class='ocr_line' id='line_1_23' title="bbox 204 3531 1047 3607; baseline 0.002 -25"><span class='ocrx_word' id='word_1_125' title='bbox 204 3532 310 3583; x_wconf 82' lang='lat' dir='ltr'>manici.</span> <span class='ocrx_word' id='word_1_126' title='bbox 321 3532 370 3582; x_wconf 87' lang='lat' dir='ltr'>Cui</span> <span class='ocrx_word' id='word_1_127' title='bbox 380 3552 411 3585; x_wconf 83' lang='lat' dir='ltr'>ex</span> <span class='ocrx_word' id='word_1_128' title='bbox 420 3535 506 3584; x_wconf 79' lang='lat' dir='ltr'>Parin.</span> <span class='ocrx_word' id='word_1_129' title='bbox 517 3531 607 3585; x_wconf 85' lang='lat' dir='ltr'>addidi</span> <span class='ocrx_word' id='word_1_130' title='bbox 616 3535 705 3586; x_wconf 88' lang='lat' dir='ltr'>Domi·</span> <span class='ocrx_word' id='word_1_131' title='bbox 749 3537 839 3588; x_wconf 79' lang='lat' dir='ltr'>miano</span> <span class='ocrx_word' id='word_1_132' title='bbox 852 3536 920 3606; x_wconf 76' lang='lat' dir='ltr'>Aug.</span> <span class='ocrx_word' id='word_1_133' title='bbox 934 3555 992 3607; x_wconf 85' lang='lat' dir='ltr'>cap.</span> <span class='ocrx_word' id='word_1_134' title='bbox 1007 3533 1047 3586; x_wconf 85' lang='lat'>13.</span> 
     </span>
     <span class='ocr_line' id='line_1_24' title="bbox 204 3608 1254 3688; baseline -0.001 -27"><span class='ocrx_word' id='word_1_135' title='bbox 204 3610 280 3661; x_wconf 72' lang='lat' dir='ltr'>finni.</span> <span class='ocrx_word' id='word_1_136' title='bbox 293 3637 329 3648; x_wconf 92' lang='lat'>-</span> <span class='ocrx_word' id='word_1_137' title='bbox 340 3609 406 3661; x_wconf 83' lang='lat' dir='ltr'>Coti.</span> <span class='ocrx_word' id='word_1_138' title='bbox 421 3613 479 3663; x_wconf 82' lang='lat' dir='ltr'>Par.</span> <span class='ocrx_word' id='word_1_139' title='bbox 493 3623 520 3664; x_wconf 88' lang='lat' dir='ltr'>et</span> <span class='ocrx_word' id='word_1_140' title='bbox 531 3610 572 3663; x_wconf 80' lang='lat' dir='ltr'>ed.</span> <span class='ocrx_word' id='word_1_141' title='bbox 585 3633 625 3684; x_wconf 88' lang='lat' dir='ltr'>pr.</span> <span class='ocrx_word' id='word_1_142' title='bbox 642 3615 704 3665; x_wconf 84' lang='lat' dir='ltr'>Ger·</span> <span class='ocrx_word' id='word_1_143' title='bbox 784 3631 810 3683; x_wconf 87' lang='lat'>9.</span> <span class='ocrx_word' id='word_1_144' title='bbox 829 3615 865 3666; x_wconf 76' lang='lat' dir='ltr'>Er</span> <span class='ocrx_word' id='word_1_145' title='bbox 875 3616 1002 3688; x_wconf 65' lang='lat' dir='ltr'>requieto,</span> <span class='ocrx_word' id='word_1_146' title='bbox 1015 3623 1066 3664; x_wconf 82' lang='lat' dir='ltr'>eto.</span> <span class='ocrx_word' id='word_1_147' title='bbox 1076 3608 1254 3680; x_wconf 83' lang='lat' dir='ltr'>Fortelegeu·</span> 
     </span>
     <span class='ocr_line' id='line_1_25' title="bbox 203 3688 1251 3748; baseline -0.003 -3"><span class='ocrx_word' id='word_1_148' title='bbox 203 3689 303 3741; x_wconf 61' lang='lat' dir='ltr'>manici</span> <span class='ocrx_word' id='word_1_149' title='bbox 314 3688 473 3743; x_wconf 62' lang='lat' dir='ltr'>Consulum·</span> <span class='ocrx_word' id='word_1_150' title='bbox 493 3690 525 3742; x_wconf 76' lang='lat' dir='ltr'>A·</span> <span class='ocrx_word' id='word_1_151' title='bbox 749 3695 826 3748; x_wconf 86' lang='lat' dir='ltr'>tium:</span> <span class='ocrx_word' id='word_1_152' title='bbox 838 3717 850 3740; x_wconf 77' lang='grc' dir='ltr'>ι</span> <span class='ocrx_word' id='word_1_153' title='bbox 859 3696 891 3746; x_wconf 82' lang='lat' dir='ltr'>Et</span> <span class='ocrx_word' id='word_1_154' title='bbox 898 3695 977 3748; x_wconf 87' lang='lat' dir='ltr'>rediit</span> <span class='ocrx_word' id='word_1_155' title='bbox 987 3695 1027 3746; x_wconf 85' lang='lat' dir='ltr'>bis</span> <span class='ocrx_word' id='word_1_156' title='bbox 1038 3705 1126 3746; x_wconf 80' lang='lat' dir='ltr'>sextus</span> <span class='ocrx_word' id='word_1_157' title='bbox 1134 3690 1251 3743; x_wconf 79' lang='lat' dir='ltr'>bonos.-</span> 
     </span>
    </p>

    <p class='ocr_par' dir='ltr' id='par_1_9' title="bbox 204 3766 1254 4080">
     <span class='ocr_line' id='line_1_26' title="bbox 239 3766 888 3832; baseline 0.006 -13"><span class='ocrx_word' id='word_1_158' title='bbox 239 3766 264 3820; x_wconf 85' lang='lat'>5.</span> <span class='ocrx_word' id='word_1_159' title='bbox 283 3768 527 3832; x_wconf 53' lang='lat' dir='ltr'>Gauderaoumles.</span> <span class='ocrx_word' id='word_1_160' title='bbox 535 3769 609 3824; x_wconf 79' lang='lat' dir='ltr'>Nihil</span> <span class='ocrx_word' id='word_1_161' title='bbox 617 3785 703 3824; x_wconf 91' lang='lat' dir='ltr'>muto:</span> <span class='ocrx_word' id='word_1_162' title='bbox 750 3771 818 3824; x_wconf 87' lang='lat' dir='ltr'>Vide</span> <span class='ocrx_word' id='word_1_163' title='bbox 832 3785 888 3824; x_wconf 88' lang='lat' dir='ltr'>not.</span> 
     </span>
     <span class='ocr_line' id='line_1_27' title="bbox 204 3848 1254 3926; baseline -0.002 -26"><span class='ocrx_word' id='word_1_164' title='bbox 204 3848 256 3921; x_wconf 81' lang='lat' dir='ltr'>legi</span> <span class='ocrx_word' id='word_1_165' title='bbox 267 3861 356 3900; x_wconf 85' lang='lat' dir='ltr'>temen</span> <span class='ocrx_word' id='word_1_166' title='bbox 368 3860 471 3920; x_wconf 82' lang='lat' dir='ltr'>posset,</span> <span class='ocrx_word' id='word_1_167' title='bbox 484 3850 607 3922; x_wconf 76' lang='lat' dir='ltr'>gaudete,</span> <span class='ocrx_word' id='word_1_168' title='bbox 623 3852 706 3922; x_wconf 83' lang='lat' dir='ltr'>Quiri·</span> <span class='ocrx_word' id='word_1_169' title='bbox 788 3851 829 3903; x_wconf 73' lang='lat'>13.</span> <span class='ocrx_word' id='word_1_170' title='bbox 847 3853 930 3905; x_wconf 81' lang='lat' dir='ltr'>Janus</span> <span class='ocrx_word' id='word_1_171' title='bbox 950 3852 1013 3926; x_wconf 70' lang='lat' dir='ltr'>agit.</span> <span class='ocrx_word' id='word_1_172' title='bbox 1035 3850 1103 3905; x_wconf 83' lang='lat' dir='ltr'>cod.</span> <span class='ocrx_word' id='word_1_173' title='bbox 1125 3849 1207 3901; x_wconf 82' lang='lat' dir='ltr'>Paris.</span> <span class='ocrx_word' id='word_1_174' title='bbox 1228 3849 1254 3899; x_wconf 89' lang='lat' dir='ltr'>iu</span> 
     </span>
     <span class='ocr_line' id='line_1_28' title="bbox 205 3928 1252 4004; baseline 0.001 -24"><span class='ocrx_word' id='word_1_175' title='bbox 205 3941 254 3995; x_wconf 77' lang='lat' dir='ltr'>tes,</span> <span class='ocrx_word' id='word_1_176' title='bbox 273 3941 303 3979; x_wconf 89' lang='lat' dir='ltr'>ut</span> <span class='ocrx_word' id='word_1_177' title='bbox 320 3930 349 3981; x_wconf 87' lang='lat' dir='ltr'>in</span> <span class='ocrx_word' id='word_1_178' title='bbox 368 3942 420 3981; x_wconf 78' lang='lat' dir='ltr'>ret.</span> <span class='ocrx_word' id='word_1_179' title='bbox 436 3928 524 4002; x_wconf 84' lang='lat' dir='ltr'>lapide</span> <span class='ocrx_word' id='word_1_180' title='bbox 543 3929 617 3984; x_wconf 73' lang='lat' dir='ltr'>Athe</span> <span class='ocrx_word' id='word_1_181' title='bbox 630 3930 705 3983; x_wconf 74' lang='lat' dir='ltr'>Juiiae</span> <span class='ocrx_word' id='word_1_182' title='bbox 750 3943 838 3995; x_wconf 83' lang='lat' dir='ltr'>textu,</span> <span class='ocrx_word' id='word_1_183' title='bbox 853 3933 906 3984; x_wconf 81' lang='lat' dir='ltr'>ait=</span> <span class='ocrx_word' id='word_1_184' title='bbox 921 3931 955 3984; x_wconf 90' lang='lat' dir='ltr'>ad</span> <span class='ocrx_word' id='word_1_185' title='bbox 973 3949 1056 4000; x_wconf 74' lang='lat' dir='ltr'>marg.</span> <span class='ocrx_word' id='word_1_186' title='bbox 1070 3931 1135 4004; x_wconf 73' lang='lat' dir='ltr'>opit.</span> <span class='ocrx_word' id='word_1_187' title='bbox 1150 3929 1199 3982; x_wconf 68' lang='grc' dir='ltr'>ΡΑ.</span> <span class='ocrx_word' id='word_1_188' title='bbox 1213 3946 1252 3999; x_wconf 85' lang='lat' dir='ltr'>pr·</span> 
     </span>
     <span class='ocr_line' id='line_1_29' title="bbox 205 4008 847 4080; baseline 0.011 -25"><span class='ocrx_word' id='word_1_189' title='bbox 205 4018 320 4076; x_wconf 82' lang='lat' dir='ltr'>reperto.</span> <span class='ocrx_word' id='word_1_190' title='bbox 347 4008 447 4080; x_wconf 67' lang='lat' dir='ltr'>Aerroq.</span> <span class='ocrx_word' id='word_1_191' title='bbox 477 4010 590 4062; x_wconf 78' lang='lat' dir='ltr'>Renum.</span> <span class='ocrx_word' id='word_1_192' title='bbox 617 4025 704 4062; x_wconf 73' lang='lat' dir='ltr'>remu.</span> <span class='ocrx_word' id='word_1_193' title='bbox 750 4012 796 4062; x_wconf 79' lang='lat' dir='ltr'>ait.</span> <span class='ocrx_word' id='word_1_194' title='bbox 818 4012 847 4062; x_wconf 77' lang='lat' dir='ltr'>A.</span> 
     </span>
    </p>
   </div>
   <div class='ocr_carea' id='block_1_8' title="bbox 0 0 1418 4488">
    <p class='ocr_par' dir='ltr' id='par_1_10' title="bbox 0 0 1418 4488">
     <span class='ocr_line' id='line_1_30' title="bbox 0 0 1418 4488; baseline 0 0"><span class='ocrx_word' id='word_1_195' title='bbox 0 0 1418 4488; x_wconf 95' lang='lat' dir='ltr'> </span> 
     </span>
    </p>
   </div>
  </div>
 </body>
</html>
