2858 4492
104 191 108 208 '
189 224 252 306 234
349 222 1071 290 1011111111.111111111111.
1134 311 1148 320 ν

186 367 275 401 curam
289 349 424 401 novissimi
437 347 543 401 editoris
557 347 603 400 diu
618 363 803 420 exspectatam.
825 349 893 400 Nam
911 348 1030 402 Turnebi
1051 350 1230 404 emendationi

184 429 308 496 inhaeret,
323 429 395 501 quod
406 428 554 500 displiceat.
568 431 694 482 Praeterea
705 443 871 482 mortuorum
884 429 977 481 anime
990 430 1029 480 ita
1040 445 1165 500 vagantes
1176 445 1230 484 tur-

183 509 248 562 bare
260 524 287 561 et
302 508 412 561 illudere
428 507 585 562 dicebantur
600 508 736 576 homines,
754 511 799 580 qui
817 511 848 560 iis
865 510 931 560 vivis
948 505 1035 561 odiosi
1054 524 1151 564 canent.
1169 511 1228 564 vid.

183 588 330 642 Broulthus.
343 588 377 641 atl
387 587 485 641 Tibull.
493 591 518 655 1,
526 589 555 654 6,
570 588 651 655 15‚'et
660 591 781 660 interprr.
793 587 828 640 ad
838 587 911 653 lbin,
925 587 971 653 141
985 606 1040 661 aeq.
1052 591 1119 642 Hinc
1128 591 1230 644 Tertul-

182 670 283 736 lianus,
297 670 331 722 de
343 672 491 722 Resurrect.
505 688 577 722 carn.
594 688 617 720 o.
632 671 664 722 16
674 670 743 722 med.
762 669 858 721 illudio
869 668 1030 721 enimenim.
1045 671 1078 721 Et
1088 673 1229 724 inveniun-

183 764 226 802 tur
244 752 272 802 in
292 749 412 822 plurimis
432 749 560 821 sepulcris
582 750 698 818 antiquio
719 749 849 800 foramina
867 748 972 815 media,
992 768 1040 820 per
1056 769 1113 822 quie
1130 750 1228 804 umbra

181 843 349 882 mortuorum
360 842 440 882 nocte
450 829 541 880 volare
552 842 579 880 et
592 831 691 880 amicos
704 827 869 901 putabantur
882 831 983 896 visere,
996 842 1046 882 etc.
1066 831 1099 882 Η.
1116 867 1120 874 .

221 973 277 1038 134.
290 972 422 1046 Dolorque
426 973 519 1043 festus.
530 974 568 1024 lta
573 973 653 1043 furor
655 973 738 1044 festus
747 973 838 1026 sidon.
847 973 1008 1045 Apollinari,
1016 993 1096 1026 carm.
1105 975 1156 1042 tx,
1165 975 1223 1028 205.

179 1053 232 1120 Qui
241 1051 317 1104 locus
328 1067 353 1104 et
362 1051 465 1123 phrasis
478 1052 580 1122 egregie
593 1053 690 1104 refutat
700 1053 843 1118 Graccum,
855 1055 902 1124 qui
915 1052 1015 1123 aliquid
1031 1054 1126 1111 mutire
1141 1053 1225 1104 voluit

179 1146 270 1183 contra
279 1133 476 1188 Gronovianam
487 1134 597 1184 istorum
610 1133 684 1184 Statii
693 1130 834 1183 verborum
844 1131 1054 1202 explicationem.

489 1902 588 1947 FlllllS
612 1903 711 1949 Lllllll
737 1903 908 1950 sacuam.
