2784 4484
322 261 327 276 ι
382 313 712 382 RECENTIORIS
735 317 974 384 EDlTORlS.
1159 341 1201 384 xv

166 444 265 506 nibus
279 463 511 526 cognoscerem,
526 441 578 504 sed
591 455 641 518 ut,
655 443 739 522 quod
751 444 916 506 consilium
929 457 1022 527 poeta
1035 463 1203 527 consequn-

167 557 236 618 tns,
250 557 279 603 et
292 563 356 624 quo
367 563 480 624 genere
492 541 645 602 scribendi
660 563 730 604 usus
743 544 797 619 sit,
812 543 851 604 ad
863 547 1002 604 animum
1016 565 1202 606 revocarem.

171 639 248 718 Quo
265 638 349 698 facto
364 639 460 698 etiam
474 637 615 698 dubitare
631 637 741 714 desivi,
761 660 801 700 an
820 642 930 700 Statius
945 643 1076 721 omnino
1091 642 1203 724 dignus

169 737 269 798 fuerit
283 738 435 818 scriptor,
456 737 491 794 in
507 756 570 816 qno
589 757 740 816 magnum
754 737 891 798 studium
905 738 1109 799 collocemus:
1128 761 1204 800 nam

172 835 321 896 omnium
343 835 514 908 vitiorum,
540 853 608 916 quae
632 835 665 894 iu
689 837 788 918 poetis
811 835 928 895 Latinis
953 838 1128 897 recentioris
1148 840 1205 898 aevi

173 933 411 1013 vituperantur,
435 928 563 992 fortasse
584 931 708 994 nullum
732 943 792 1008 est,
819 932 902 1013 quod
920 953 986 994 non
1007 933 1150 1016 exemplis
1171 957 1206 996 ex

175 1029 263 1092 illins
270 1031 463 1091 omninibus
471 1030 660 1113 depromptis
670 1025 869 1094 demonstrari
881 1034 994 1115 possit,
1005 1033 1067 1093 sive
1075 1035 1206 1094 nimiam
1253 1055 1262 1076 =

175 1127 390 1210 eloquutiouis
399 1128 585 1203 ubertatem,
595 1130 658 1190 sive
667 1128 843 1192 affectatam
850 1130 1035 1205 dictionem,
1046 1132 1107 1192 sive
1115 1133 1206 1192 etiam

177 1226 369 1286 inventionis
385 1238 597 1308 paupertatem
613 1239 790 1309 spectemus.
804 1229 919 1288 Tamen
932 1249 998 1288 non
1012 1229 1104 1309 pauci
1118 1229 1208 1286 exsti-

176 1337 285 1386 terunt
296 1321 390 1404 hujus
403 1337 502 1407 poetae
514 1325 730 1402 admiratores,
745 1326 824 1387 etde
838 1327 913 1409 ipsis
929 1325 1020 1407 hujus
1031 1327 1207 1386 aestimatio-

177 1423 229 1482 nis
240 1422 352 1482 caussis
363 1441 499 1502 quaerere
510 1425 664 1484 convenit.
684 1425 750 1486 Hoc
765 1446 856 1500 vero,
871 1446 938 1485 mea
952 1427 1120 1500 sententia,
1134 1423 1208 1484 inde

177 1517 299 1578 factum
316 1531 377 1592 est,
396 1517 482 1598 quod
501 1517 637 1600 singulas
651 1520 778 1582 virtutes
793 1522 994 1600 agnoverint,
1013 1521 1111 1602 iisque
1129 1503 1210 1578 dele-

178 1617 253 1677 ctati
272 1615 310 1676 de
328 1613 472 1676 universo
492 1617 635 1698 ingenio,
660 1629 713 1676 aut
731 1615 809 1678 falsa
823 1617 955 1697 judicia,
979 1629 1033 1712 apt
1050 1637 1118 1675 non
1141 1617 1210 1676 satis

182 1715 402 1796 circumspecta
422 1716 628 1796 conceperint.
650 1716 712 1776 Nec
731 1715 884 1790 mirabor,
904 1715 948 1787 ei,
970 1715 1025 1793 qui
1045 1712 1211 1773 electione

183 1811 310 1891 Virgilii
322 1823 351 1870 et
362 1812 480 1872 Lucani
497 1811 534 1871 ad
553 1813 683 1871 Statium
699 1824 851 1886 transeat,
867 1810 966 1870 multa
984 1812 1016 1868 iu
1036 1807 1096 1868 hoc
1114 1810 1212 1890 magis

185 1907 321 1992 placere,
340 1909 471 1992 plurima
490 1913 588 1990 magis
607 1912 769 1991 ingeniosa
785 1909 893 1968 videri.
913 1907 1005 1986 Quod
1017 1909 1100 1967 enim
1112 1919 1211 1989 poetae

186 2007 273 2066 istius
291 2009 436 2089 temporis
454 2010 581 2089 ingenio
600 2021 629 2067 et
647 2019 712 2067 arte
731 2008 841 2089 saepius
860 2007 947 2066 abusi
966 2007 1045 2082 sint,
1071 2005 1103 2066 id
1121 2027 1211 2088 aequo

184 2107 290 2168 animo
308 2107 458 2182 feremus,
477 2109 501 2167 si
520 2107 615 2168 modo
635 2109 731 2189 ipsius
748 2107 864 2188 ingenii
881 2107 1007 2186 vestigia
1026 2115 1212 2188 appareant,

186 2225 284 2287 usqne
303 2206 378 2264 artis
396 2203 547 2281 defectus,
566 2205 616 2264 sed
639 2211 779 2286 perversa
796 2190 859 2284 ejirs
877 2201 1039 2283 disciplina
1060 2202 1093 2259 in
1110 2221 1211 2280 repre-

185 2301 367 2363 hensionem
382 2304 530 2363 incurrat.

219 2437 354 2496 «statius
362 2457 460 2517 quum
468 2435 572 2496 subito
580 2435 681 2496 calore
688 2435 859 2515 etqnadam
867 2404 1032 2494 festinandi
1039 2432 1212 2514 voluptate,

185 2545 220 2594 ut
240 2533 306 2616 ipse
325 2535 385 2602 ait,
405 2533 537 2615 ideoque
557 2535 653 2614 magis
672 2534 789 2614 impetu
809 2553 903 2614 quam
923 2530 1055 2591 consilio
1075 2531 1213 2591 carmina

186 2629 367 2710 scripsisset,
383 2627 448 2689 haec
464 2631 519 2690 etsi
533 2630 637 2689 multis
651 2630 732 2688 vitiis
746 2629 913 2717 laborent,
925 2629 957 2688 id
975 2639 1079 2688 tamen
1097 2624 1215 2688 habent

187 2726 366 2808 proprium,
377 2727 463 2808 quod
474 2727 615 2786 nativum
623 2727 791 2808 quemdam
804 2727 940 2787 colorem
953 2725 1104 2801 referunt,
1118 2738 1148 2786 ct
1158 2724 1214 2784 ubi

190 2841 259 2880 non
271 2821 309 2881 ad
319 2822 424 2884 dolosa
436 2823 565 2883 artificia
578 2825 734 2900 aberrant,
749 2837 801 2884 aut
810 2823 926 2884 lascivo
936 2825 1078 2884 acumine
1087 2822 1215 2895 ludunt,

190 2937 297 2976 veram
315 2917 455 2982 exhibent
476 2935 596 2985 naturae
614 2921 799 3001 imaginem
821 2921 853 2980 id
868 2919 953 3000 quod
969 2919 1100 2978 maxime
1119 2921 1152 2978 in
1167 2917 1216 2977 de-

188 3017 407 3099 scriptionibus
424 3039 528 3079 rerum
547 3019 644 3078 oculis
661 3032 876 3102 perceptarum
894 3017 1039 3076 cernitur.
1059 3017 1165 3097 Neque
1182 3017 1215 3076 in

189 3115 256 3196 ipsa
267 3117 447 3178 inventione
459 3131 583 3199 poetam
596 3117 752 3177 infelicem
763 3115 1016 3188 existimaverim,
1034 3113 1085 3174 scd
1098 3113 1216 3175 cultum
1268 3117 1272 3122 '
1303 3131 1315 3140 ·

190 3211 306 3291 ingenii
327 3215 425 3294 magis
447 3212 603 3288 desidero,
625 3235 720 3293 quarn
739 3214 945 3274 instrumenta
959 3203 1093 3272 'nature
1118 3213 1217 3295 Atque

190 3305 343 3382 celeritas,
362 3329 432 3390 quae
448 3310 482 3370 in
496 3310 564 3370 aliis
581 3312 672 3370 rebus
685 3309 849 3396 utilitatem
867 3306 976 3384 habet,
995 3311 1029 3369 in
1048 3311 1134 3391 poesi
1152 3331 1218 3370 ma-

189 3426 326 3490 gnopere
339 3420 440 3470 nocet.
455 3409 558 3486 Quare
575 3410 633 3470 nisi
649 3410 761 3470 Statius
777 3410 827 3468 isti
843 3408 981 3469 facultati
993 3429 1096 3469 versus
1107 3423 1220 3468 extem·

190 3522 263 3583 pore
274 3505 428 3566 scribendi
444 3506 578 3566 nimium
595 3505 784 3580 indulsisset,
802 3519 833 3566 et
849 3505 980 3566 lnxuriae
996 3503 1219 3565 effervescentis

193 3617 296 3664 aestum
306 3605 556 3687 compescuisset,
569 3604 716 3686 nequead
728 3603 852 3706 herpica
864 3617 1058 3686 argumenta,
1072 3623 1140 3687 quae
1153 3626 1220 3666 uon

196 3697 288 3762 subita
309 3703 412 3764 animi
435 3703 666 3778 commotione,
689 3701 742 3762 sed
764 3701 932 3784 tranquilla
957 3702 1220 3784 contemplatione

195 3802 433 3882 concipiuntur,
454 3823 486 3862 se
507 3799 717 3883 applicuisset,
738 3800 877 3882 profecto
897 3819 965 3862 non
984 3799 1219 3869 versificatoris,

194 3893 242 3954 sed
253 3899 394 3960 melioris
413 3911 514 3981 poetae
528 3919 645 3958 nomen
659 3899 824 3958 meriturus
840 3897 967 3960 fuisset:
987 3917 1060 3956 nam
1075 3917 1140 3956 non
1157 3909 1219 3953 tam

194 3993 301 4058 virium
325 4018 425 4078 quam
451 3997 546 4056 studii
565 3997 641 4056 vitio
663 3995 843 4080 laborabat,
866 4009 896 4055 et
916 4017 1012 4076 quum
1036 4009 1098 4053 tam
1125 3991 1220 4051 multa
