2858 4492
213 264 279 332 316
388 264 494 329 NOT.
515 263 562 326 ΙΝ
582 263 724 327 ctttM.
746 264 759 325 l
780 263 868 328 LlB.
891 262 949 326 Ill
968 262 1080 327 SILV.

210 391 282 442 caria
295 407 377 460 potua
390 387 487 440 dabam
500 387 637 440 manihut:
649 411 660 435 ι
683 406 765 459 quum
780 386 917 460 Cynthium
932 387 1057 440 inviseret
1071 385 1252 440 dormientem:

212 483 239 520 et
247 467 385 538 Virgilius,
401 469 489 539 Eclofl.
499 469 534 520 lll
542 506 551 535 ,
560 467 611 533 64,
624 465 717 520 «Malo
727 487 770 520 me
778 467 886 520 Galatea
897 468 976 538 petit,
985 465 1082 519 lasciva
1091 466 1196 538 puella;
1206 492 1217 514 ι
1229 483 1255 521 at

211 547 301 619 Eclug.
317 549 356 614 ll,
371 547 419 618 51,
436 571 446 594 ι
459 550 518 618 lpse
533 565 583 619 ego
597 565 665 618 caua
679 547 763 618 legam
779 561 870 600 tenera
883 546 1009 617 lanugine
1023 546 1107 598 mala:
1122 569 1133 593 ιι
1151 547 1186 600 ad
1200 567 1255 620 qun

210 627 315 680 Servius
337 651 343 679 ι
367 624 538 679 «verecunde
558 645 612 678 rem
630 627 797 679 inhonestam
819 627 977 699 supprimit,
999 645 1079 698 quam
1098 625 1255 680 Theocritus

213 717 303 778 aperte
312 719 516 769 commemorat;
527 731 538 755 ι
553 706 613 758 vide
623 705 810 778 procedentia.
823 711 905 760 Vetus
918 707 1085 777 Epigramma
1097 724 1113 757 a
1124 705 1256 778 Scaligeru

212 785 328 839 editum:

396 857 509 919 Qualibus
518 859 676 921 Hippomenes
685 859 763 919 rapuit
771 855 908 903 &honerat
917 857 1005 919 pomis,

426 928 538 990 Qualibus
547 929 701 991 Hesperidum
710 927 795 974 nobilia
804 926 886 974 hortus
895 939 953 972 crat.

212 1016 370 1089 Hujusmodi
382 1018 462 1088 igitur
471 1035 565 1089 poma,
577 1018 662 1089 inquit
671 1017 785 1084 Statius,
799 1017 889 1088 ingere
900 1017 927 1068 in
938 1015 1066 1087 gremium
1076 1014 1171 1068 Polite:
1184 1017 1255 1069 Nam

212 1097 283 1167 capit
287 1119 297 1158 ‚·
310 1115 393 1167 capax
404 1109 445 1148 est
457 1111 566 1168 propter
574 1109 693 1160 atatem,
706 1115 761 1148 non
771 1096 859 1148 vetula
870 1098 962 1164 nimis,
974 1095 985 1165 (
992 1094 1064 1148 unde
1073 1096 1101 1146 iu
1110 1096 1254 1148 Surrentin.

212 1193 236 1226 v.
254 1192 299 1241 ro,
314 1173 422 1226 «nitida
434 1175 559 1246 juvenilis
575 1177 661 1246 gratia
677 1173 797 1246 Pullus)
811 1189 838 1228 et
850 1176 938 1247 cupit,·
959 1185 1062 1227 ιαηιιιηι
1077 1175 1161 1226 ambit
1174 1173 1256 1228 Ιιοηο-

213 1271 285 1305 rem:
302 1267 328 1306 et
340 1267 465 1318 meretur,-
480 1274 533 1309 uon
547 1257 658 1329 degener
666 1256 754 1308 ambit.
767 1257 843 1307 lianc
857 1253 964 1307 Pollam
974 1255 1094 1306 eamdem
1106 1255 1255 1325 fuisseque

212 1331 293 1384 Polla
302 1334 471 1406 Arpmtaria,
481 1335 582 1387 Lucani
591 1353 671 1400 uuor,
678 1337 735 1406 jam
743 1334 800 1387 fere
809 1335 987 1405 persuadeor;
996 1347 1024 1386 et
1033 1336 1128 1386 erroris
1138 1335 1256 1404 imputa·

212 1413 284 1464 tinne
297 1412 464 1466 liberandum
479 1433 536 1468 esse
550 1415 685 1468 Sidonium
702 1413 900 1485 Apollinarem,
913 1416 958 1485 qai
969 1415 1069 1466 duobus
1079 1415 1164 1484 poetis
1176 1416 1256 1484 juga·

214 1504 268 1544 tam
279 1511 338 1546 eam
348 1493 429 1555 facin
442 1494 499 1546 teil.
510 1495 615 1548 Ιησαηο
625 1507 652 1546 et
665 1492 731 1558 huic„
737 1493 840 1560 Pollio,
851 1509 909 1547 nou
916 1495 1009 1547 Statio.
1023 1493 1158 1564 videque
1167 1495 1257 1545 notari

213 1570 248 1624 ad
259 1573 362 1624 Proelat.
374 1572 419 1625 lih.
431 1575 461 1625 ll.

252 1707 311 1783 173.
325 1709 424 1762 Duram
434 1713 485 1765 scio
495 1712 596 1764 vincere
604 1721 722 1765 mortem.
734 1712 800 1764 Cum
810 1713 897 1764 Morte
907 1712 978 1764 euim
987 1712 1102 1765 luctatus
1111 1723 1152 1764 est
1159 1711 1257 1764 Hercu·

213 1785 266 1854 les,
275 1802 302 1839 et
311 1790 335 1840 ei
345 1791 441 1862 eripuit
450 1789 610 1864 Alcestidem
617 1789 722 1842 Admeti
730 1808 853 1842 uxorem:
864 1789 938 1862 quod
949 1789 982 1842 ad
992 1789 1127 1842 mediciute
1137 1793 1257 1862 peritiam

213 1867 293 1919 refert
306 1868 472 1923 Plutarchus.
486 1873 596 1936 Noster,
609 1872 685 1922 Herc.
699 1871 846 1941 Epitrapea.
858 1889 882 1920 v.
896 1869 960 1935 104:
976 1871 1046 1922 nllic
1057 1882 1197 1941 penetrata
1209 1871 1257 1922 tihi

214 1943 380 2019 spoliataque
391 1949 481 2000 limina
490 1951 584 2002 Mortis
595 1950 738 2001 Concinet:
751 1972 762 1994 ι
774 1947 808 2000 de
817 1948 929 2001 llercule
938 1949 1065 2022 loquitur.
1077 1949 1259 2003 Sicdbatcau·

214 2023 280 2091 tius,
293 2026 330 2091 V,
346 2043 373 2091 t,
387 2025 484 2078 dieitur
498 2050 509 2072 ι
521 2030 614 2097 ingena
626 2041 758 2080 certamen
771 2046 831 2080 cum
844 2027 931 2080 Morte
942 2047 1042 2099 gerere.
1052 2053 1064 2076 ι

252 2161 310 2213 185.
329 2161 500 2236 Populeaque
513 2183 618 2217 movens
631 2163 747 2218 albentia
761 2177 877 2240 tempora
889 2165 964 2219 silva.
980 2165 1100 2240 Populea
1110 2164 1176 2219 silva
1190 2164 1257 2218 idern

215 2238 289 2311 quod
298 2242 423 2312 populus,
439 2261 497 2314 quse
509 2243 610 2297 Alcide
622 2246 783 2320 pretiosiora,
797 2259 826 2297 ut
842 2247 879 2297 ait
892 2245 1035 2316 Virgilius:
1051 2260 1077 2298 et
1089 2245 1150 2298 ideo
1164 2265 1194 2298 ex
1207 2244 1258 2298 hac

214 2323 309 2375 arbore
318 2340 441 2376 coronam
451 2324 580 2394 gestabat.
595 2325 661 2377 Vide
671 2325 785 2386 Broulrh,
796 2324 828 2378 ad
839 2325 1002 2393 'ributt.1,4‚
1013 2327 1056 2380 30.
1068 2327 1171 2392 Senec,
1180 2327 1257 2378 llere.

213 2405 275 2458 OEt.
288 2421 356 2455 vers.
370 2403 437 2471 1640
449 2425 455 2455 z
473 2427 484 2452 a
495 2407 611 2458 contexit
622 2425 714 2478 pyram
727 2406 846 2477 Populea
858 2405 935 2473 silva,
948 2406 1049 2460 frondis
1061 2407 1194 2460 Herculeas
1208 2426 1259 2460 ne-

213 2502 287 2536 mus:
304 2506 316 2530 a
332 2481 377 2534 uhi
389 2502 438 2553 pro
450 2485 564 2536 contexit
572 2505 667 2557 pyram
678 2487 795 2557 optimus
805 2485 888 2538 codex
897 2487 1012 2538 Florent.
1022 2485 1104 2539 habet
1113 2505 1139 2540 se
1147 2484 1261 2559 complet

215 2580 276 2635 roqo
289 2583 297 2612 .·
314 2561 385 2614 unde
400 2561 550 2616 Gronovius
567 2564 735 2634 dubitanter,
750 2585 776 2620 te
791 2565 894 2638 confert
909 2583 980 2642 rupo.
996 2565 1047 2619 Sed
1059 2584 1142 2637 quare
1153 2585 1261 2629 nemas,

215 2660 296 2713 quum
307 2639 400 2693 silvam
409 2643 470 2716 jam
484 2641 602 2708 dixerat3
620 2657 646 2697 et
662 2645 727 2715 quid
744 2658 784 2697 est
799 2663 891 2698 nemus
901 2645 1024 2717 frondis?
1039 2644 1099 2716 lege
1114 2645 1263 2698 certissima

214 2719 414 2788 emendatione,
427 2745 438 2769 ι
449 2741 476 2775 se
486 2725 590 2776 confert
598 2743 664 2795 rogo
674 2724 790 2796 Populea
800 2724 878 2789 silve,
889 2725 982 2778 frontis
992 2724 1128 2777 Herculeas
1137 2723 1235 2778 decus:
1247 2749 1259 2774 ι

214 2799 267 2853 hoe
283 2814 322 2854 est
341 2802 415 2854 Statii
428 2802 543 2875 populea
558 2803 674 2857 albentia
690 2818 806 2878 tempora
821 2802 894 2856 silva.
913 2801 1021 2873 Confert
1034 2807 1172 2876 proprium
1188 2805 1217 2856 in
1235 2822 1264 2856 re

209 2879 318 2952 fituehi
329 2882 454 2950 verbnm,
469 2895 498 2936 ut
512 2883 634 2955 pluribus
646 2884 763 2937 dicemus
777 2883 809 2938 ad
821 2885 933 2936 Lacum.
945 2885 1048 2936 Etrusc.
1067 2903 1092 2934 v.
1109 2881 1156 2948 ¹³⁴l
1173 2902 1180 2932 :
1198 2882 1264 2936 Ha·

215 2975 299 3014 noret
307 2962 487 3034 decusfrorttie
497 2978 609 3017 vocatur
620 2983 715 3018 corona
729 2983 776 3016 seu
789 2975 894 3018 sertum
909 2963 1019 3016 Glaucia
1029 2962 1156 3026 Melioris,
1167 2979 1192 3012 v.
1207 2963 1263 3028 ali,

191 3101 197 3110 ι
218 3063 230 3087 ι
239 3041 272 3094 Ει
284 3061 355 3095 nuuc
366 3039 434 3096 heul
447 3045 517 3096 vittis
529 3059 556 3097 et
567 3047 660 3098 frontis
673 3044 775 3097 honore
787 3045 884 3098 soluto.
895 3068 907 3092 ι
921 3043 1048 3098 Thebaid.
1061 3045 1100 3108 X,
1113 3038 1177 3106 ²54:

400 3140 468 3186 Ponit
476 3142 582 3188 adoratas
592 3139 692 3188 Phubea
701 3141 796 3202 insignia
806 3139 914 3196 hender,

399 3211 553 3276 longaevique
562 3213 629 3260 ducis
637 3212 725 3274 gremio
735 3211 883 3260 commendat
891 3209 1005 3259 honorem

400 3281 506 3329 Frontis:

216 3363 305 3433 idest,
318 3385 440 3422 coronam
453 3370 578 3424 lauream.
592 3373 808 3445 Appositiseime,
823 3369 932 3442 Epieed.
949 3374 976 3424 in
993 3372 1067 3422 Puer.
1085 3389 1108 3421 r.
1126 3367 1174 3421 28:
1190 3391 1202 3414 ι
1214 3370 1265 3424 ted

216 3465 265 3500 nec
280 3447 361 3501 solite
374 3450 439 3503 mihi
449 3455 546 3506 vertice
559 3454 661 3519 laurus,
673 3455 729 3508 Nec
738 3454 820 3506 fronti
830 3454 937 3506 vittatus
947 3451 1035 3504 honos
1045 3474 1051 3504 :
1062 3471 1097 3504 en
1106 3463 1182 3503 taxea
1194 3469 1266 3504 mar·

216 3541 258 3580 cet
269 3527 335 3580 Silta
349 3533 459 3584 comin-
475 3534 562 3587 Taxea
573 3532 640 3587 silva
651 3552 702 3606 pro
715 3545 795 3586 tarro.

433 3811 514 3832 t——-
524 3803 1042 3840 ww*
