2850 4488
381 317 514 388 urani
538 320 724 420 ourani
748 290 1001 390 suviauu.
1149 329 1213 416 49³

387 447 469 495 Nobile
478 449 571 512 bytippt'
582 461 666 494 manue
675 462 783 512 opusque
792 447 863 496 ridet.

171 541 239 595 Vide
248 541 349 613 reliqua
360 538 440 610 liujus
452 539 661 610 epigrammatis,
673 550 700 589 et
712 556 772 589 cnm
783 540 882 591 Nostro
895 541 987 592 confer
1000 539 1091 612 (Nost.
1100 544 1212 599 Martial.

170 623 223 676 vol.
236 623 277 689 ll,
288 639 349 694 pag.
362 618 423 685 Ati.
435 617 495 690 Eu.)
509 620 597 670 omnia
609 617 701 670 eadem
711 619 739 671 in
752 630 867 690 utroque
879 620 1010 683 inveniea3
1022 634 1053 673 nt
1061 641 1168 678 necesse
1182 628 1215 679 eit

171 715 217 756 eat
230 701 342 754 Statium
358 718 389 752 ex
403 696 540 764 Martiale,
553 697 595 750 rel
608 697 757 750 Martialem
771 715 802 750 ex
814 699 897 751 Statio
910 713 1004 753 mutuo
1016 703 1150 757 rumeitte.
1164 707 1215 757 Pro

171 791 196 834 et
212 780 278 846 icc,
297 780 348 832 ioci
364 790 392 830 ut
404 777 471 844 luc,
484 789 515 829 nt
526 776 669 829 denotetur
680 778 823 849 oppositio.
838 775 922 830 Theb.
938 780 966 846 l,
986 795 1050 832 tta:
1065 779 1142 833 abac
1155 783 1216 852 igne

171 858 256 930 rogali
265 854 404 929 Fulgurat,
416 853 471 907 huc
484 856 544 906 vivo
558 872 652 909 manna
667 872 728 908 aera
740 853 991 928 verberathydro31
1005 859 1106 912 Auaon.
1120 859 1216 932 Cupid.

171 956 243 991 cruc.
256 957 280 990 r.
292 937 342 1008 39,
356 935 504 1006 ⁸(lonjngia
517 933 587 1000 bac,
600 933 655 986 beo
668 936 765 1005 petria,
780 947 808 986 ut
821 933 877 988 brec
888 935 1213 1008 perithoapitireneetn31

172 1022 209 1070 ita
219 1016 359 1089 legendnm
367 1034 417 1088 pro
427 1027 453 1067 et
461 1014 598 1087 bacqerit,
607 1013 687 1066 simili
696 1011 895 1085 depravatione.
903 1015 1024 1086 Propert.
1034 1017 1083 1083 lll,
1095 1031 1154 1082 ψ.
1166 1016 1215 1069 35ι

357 1107 410 1152 llac
419 1104 516 1151 bederaa
524 1102 579 1166 legit
588 1104 614 1148 in
622 1101 725 1166 tbyraot,
735 1100 784 1150 bec
793 1103 894 1149 carmine
904 1106 982 1151 nerrit

386 1179 472 1241 Aptat,
482 1188 506 1224 at
515 1175 552 1222 illa
561 1191 632 1223 manu
642 1176 698 1222 terit
707 1187 805 1238 utraque
814 1189 890 1224 rotam
900 1191 906 1222 t

172 1280 252 1351 vulgo
270 1281 349 1332 etiam
366 1276 404 1330 ibi
421 1289 446 1330 et
463 1275 513 1328 illa
526 1293 616 1328 mauu.
630 1273 728 1347 Aspera
741 1275 822 1336 rederr
835 1293 898 1329 rutro
917 1277 987 1328 enim
1002 1275 1129 1342 cedebam
1144 1276 1217 1331 unde

171 1359 286 1414 Martial.
300 1359 367 1411 dura
377 1357 465 1412 redeat
474 1373 537 1409 roxa
547 1354 660 1428 mitiqat.
675 1356 823 1408 Par-mentia
834 1354 931 1409 habet:
947 1369 996 1408 tet
1008 1355 1064 1410 brec
1077 1357 1145 1412 ltere
1160 1377 1217 1412 me·

171 1444 433 1574 fflitenntealnppflgrpu
450 1437 550 1504 aetia,·
567 1433 670 1508 ruguit
684 1454 734 1508 per
749 1433 862 1488 caudam
874 1437 917 1489 rei
930 1457 949 1509 p
963 1436 1052 1490 ductu.
1065 1437 1218 1493 Certissima

206 1665 250 1718 61.
269 1667 306 1718 Et
318 1663 438 1718 certium
455 1679 557 1716 occutus
571 1677 657 1713 recum
670 1660 792 1730 portabat
801 1669 829 1710 et
841 1670 918 1712 otuu.
935 1657 1020 1731 sagax
1032 1658 1116 1712 lector
1133 1662 1217 1714 inter·

170 1743 329 1818 polotricern
340 1761 449 1796 menum
460 1740 503 1794 bic
515 1737 710 1813 deprebendet;
722 1737 781 1790 vide
793 1738 865 1790 enim
879 1740 1119 1791 conttructionem:
1136 1741 1218 1794 ιΔΙρ.

170 1825 271 1880 xautler
285 1843 374 1880 aecum
386 1822 511 1898 portabat
521 1821 591 1874 hanc
606 1831 721 1874 statuam
732 1821 855 1871 comitem
867 1835 978 1870 occatur
990 1831 1017 1870 et
1028 1834 1138 1884 ortum·
1153 1840 1217 1893 ergo

170 1903 226 1958 hae
240 1916 328 1958 etatae
343 1920 427 1956 comes
440 1914 496 1954 erat
511 1917 566 1951 non
579 1895 725 1950 Alexandri
738 1895 787 1949 aed
802 1913 903 1949 occasio
918 1908 944 1947 et
959 1908 1042 1960 antu,-
1054 1916 1118 1969 ergo
1130 1899 1218 1952 Butu-

168 1984 266 2038 ditium
276 2001 360 2037 comet
368 1994 413 2035 aut
424 1983 577 2036 Surrentum
586 1978 678 2031 ductus
686 1995 832 2042 amenum,
843 1988 872 2028 nt
882 1975 1002 2048 loquitur
1011 1979 1150 2045 Horatius,
1161 1998 1218 2032 non

169 2077 212 2117 eat
224 2075 285 2116 tutu
295 2080 389 2127 comes,
402 2060 465 2114 licet
479 2075 507 2113 tu
518 2062 586 2114 ictuc
598 2057 672 2110 illum
684 2055 782 2122 ducet,
797 2053 844 2107 aed
858 2073 941 2109 comes
953 2056 1086 2110 Brundisii
1098 2059 1140 2113 vel
1153 2060 1217 2113 Sur-

168 2143 240 2196 renti
244 2165 254 2204 ,-
273 2142 367 2196 eodem
378 2159 487 2216 proreut
501 2137 629 2213 loquendi
640 2155 738 2209 genere
749 2153 803 2208 quo
817 2134 874 2187 brec
885 2148 972 2189 statua
983 2154 1067 2191 comet
1078 2153 1135 2191 eret
1146 2157 1218 2192 occa·

168 2243 225 2292 rtet,
240 2226 302 2296 quia
319 2223 497 2278 Alexandrum
514 2221 548 2275 ad
561 2220 602 2274 vel
616 2237 664 2292 per
680 2235 798 2271 cecorum
814 2215 994 2270 comitabatur.
1009 2218 1113 2274 Dixiaee
1125 2219 1218 2274 debuit

167 2305 291 2359 comitem
301 2323 350 2378 per
359 2323 478 2359 marum
488 2315 514 2356 et
527 2315 628 2368 ortum,
641 2312 671 2351 ut
682 2299 715 2365 V,
730 2315 753 2364 1,
768 2319 780 2344 ι
791 2311 879 2350 tecum
894 2296 994 2368 gelidae
1012 2317 1100 2352 comer
1112 2299 1158 2354 illu
1169 2319 1218 2373 per

167 2386 280 2446 Arcton
290 2408 302 2432 ι
316 2383 357 2456 yel
368 2387 404 2439 nd
414 2403 547 2448 occatum,
558 2395 590 2434 ut
601 2381 708 2434 Straton.
721 2377 822 2429 Neron.
834 2397 858 2429 c.
871 2375 888 2429 5
893 2413 902 2443 ,
916 2394 1028 2430 «comer
1042 2377 1076 2429 ad
1089 2381 1218 2432 orientem

168 2468 201 2521 G.
216 2469 325 2522 Cauris
340 2467 454 2537 juverit.
465 2489 477 2513 n
493 2463 604 2515 nivem
621 2461 689 2512 ratio
704 2469 744 2511 ert
757 2456 818 2509 Silr.
831 2461 865 2524 V,
882 2473 914 2522 a,
930 2474 955 2508 r.
975 2457 1026 2523 35,
1039 2456 1087 2510 ubi
1101 2457 1219 2512 Bolanus

167 2543 269 2600 dicitur
283 2563 367 2599 comer
379 2543 442 2598 belli
455 2539 617 2604 Corbuloni,
632 2537 660 2590 id
676 2548 729 2602 eet,
743 2535 773 2588 iu
788 2532 857 2588 hetto
863 2556 875 2596 ,-
890 2533 928 2586 ibi
941 2537 1010 2588 enim
1024 2538 1093 2590 actio
1107 2535 1219 2590 denota-

167 2639 229 2692 tur;
243 2626 287 2679 bic
300 2626 370 2680 locut
382 2635 495 2677 tentum.
508 2623 547 2674 lta
560 2613 644 2672 comet
654 2617 751 2670 utodtt
762 2633 868 2668 accerrut
881 2613 954 2686 apud
967 2617 1051 2669 Tacit.
1064 2615 1160 2670 Annal.
1174 2621 1218 2685 IV,

166 2705 198 2758 id
213 2718 267 2771 eet,
282 2708 310 2758 iu
323 2703 424 2758 liltodio
436 2696 712 2763 xceuu3de11ucillio
726 2697 835 2765 Longo:
848 2712 932 2748 comes
944 2697 1064 2748 omnium
1076 2698 1220 2771 mpeditio·

167 2803 236 2840 rrum
242 2825 251 2853 ,
263 2785 417 2849 Suetonius,
429 2781 462 2835 de
471 2781 568 2833 Illuttr.
579 2777 724 2829 Grammet.
735 2773 768 2826 de
779 2774 875 2826 Lenteo
884 2776 1003 2846 Pompeii
1013 2775 1118 2830 liberto.
1129 2779 1220 2851 Surpi-

167 2884 220 2918 cor
231 2883 247 2916 a
258 2864 341 2918 Statio
352 2863 433 2914 iniere
440 2900 449 2928 ,
465 2861 519 2911 elit
529 2857 654 2909 comitem
670 2871 747 2906 caena
761 2870 853 2904 secum
865 2851 993 2923 portabat
1003 2854 1031 2907 in
1042 2874 1172 2920 ornnem
1187 2877 1219 2910 ex

165 2944 263 3016 virgil.
276 2943 328 3010 lli,
342 2959 407 3013 ²77²
423 2941 477 2994 ιΕι
488 2939 611 2992 comitem
624 2951 701 2988 caeno
713 2931 878 3005 complector
888 2932 917 2982 in
929 2949 1055 2996 omnem·
1070 2953 1149 3005 quem
1160 2937 1220 2988 imi.

167 3037 245 3078 tatur
255 3023 300 3078 Sil.
313 3022 436 3089 italicus,
449 3022 477 3090 1,
490 3017 539 3090 76:
555 3017 610 3068 elit
620 3035 648 3070 se
659 3015 819 3088 participem
830 3029 908 3065 catut
920 3013 1034 3066 tocierat
1045 3015 1074 3068 in
1088 3032 1216 3080 omnam·

166 3119 197 3158 et
207 3105 241 3174 V,
253 3123 320 3160 vert.
336 3104 400 3176 137:

357 3200 441 3249 Nobile
450 3199 550 3262 Gargeni
559 3196 660 3261 rpolinm
668 3232 676 3255 ‚
685 3193 751 3258 qnod
760 3207 815 3255 rege
824 3191 937 3255 ruperbtu

357 3271 467 3318 Boiorum
476 3284 535 3317 carto
544 3269 615 3333 capiti
624 3263 764 3314 illacerabile
773 3265 848 3310 victor

356 3345 466 3406 Aptara,
476 3356 614 3406 pugnatque
624 3339 696 3388 decue
705 3336 814 3400 perurat
822 3336 848 3380 in
857 3349 946 3382 omnea.

167 3445 270 3496 Emere
291 3441 390 3494 librarii
410 3443 539 3512 toriptum
560 3452 633 3504 erat,
657 3438 712 3490 ·t:t
733 3435 857 3488 comitem
880 3451 991 3487 occatur
1011 3451 1121 3502 tecum,
1140 3450 1215 3489 otc·

166 3519 288 3588 deinde,
304 3521 366 3594 qnia
381 3537 436 3573 non
451 3517 647 3590 intelligebatur
663 3533 765 3582 occatur
776 3514 807 3566 t'tt
820 3529 921 3580 omnes,
938 3530 1052 3584 pronum
1066 3515 1117 3568 fuit
1132 3515 1220 3571 iacere

166 3619 275 3654 occatur
292 3611 317 3652 et
334 3610 410 3653 ortua.
429 3597 659 3669 Quemadmodum
672 3614 736 3648 vcro
750 3592 901 3646 Alexander
918 3591 990 3644 hune
1008 3594 1164 3662 Herculem,
1182 3598 1219 3649 ita

166 3683 244 3734 Nero
259 3681 418 3733 Amazonem
430 3678 605 3732 circumtulit:
620 3677 719 3729 Plinius
729 3713 737 3741 ,
748 3677 814 3728 liitt.
828 3673 890 3724 Nar.
903 3673 1022 3740 xxxiv,
1037 3675 1068 3728 ὃς
1083 3677 1218 3728 ecircum-

166 3761 235 3814 tulit
246 3773 272 3812 et
282 3761 354 3814 Nero
366 3763 489 3832 princepe
501 3760 660 3812 Amazonem
670 3755 703 3810 de
716 3775 768 3828 qua
780 3755 913 3821 dicemus,
926 3763 952 3806 et
963 3753 1045 3826 paulo
1057 3769 1118 3808 ente
1129 3757 1159 3809 C.
1173 3753 1220 3807 Ge·

166 3841 239 3892 ttius
251 3839 397 3893 contulerit
409 3840 532 3910 tignum,
545 3834 618 3910 quod
628 3854 718 3889 aecum
730 3835 809 3887 etiam
820 3833 849 3884 in
858 3831 949 3904 praelio
961 3829 1063 3886 hebuit.
1075 3831 1219 3886 Alexandri

166 3937 282 3991 quoque
293 3920 384 3991 Magni
394 3917 597 3972 tabernaculum
609 3918 740 3971 sustinere
752 3911 893 3967 traduntur
905 3912 987 3966 tolita
998 3927 1098 3967 etatum.
1110 3937 1121 3961 ι
1135 3915 1218 3966 llein·

166 4001 243 4064 eine,
258 4012 312 4050 not.
328 3997 365 4050 ad
378 3997 455 4050 Orid.
470 3999 533 4050 Met.
548 3997 594 4064 lV,
609 3995 674 4068 762,
688 4005 774 4046 totum
784 3992 875 4044 locum
890 3991 927 4042 sic
942 3989 1019 4061 legit,

624 4139 628 4149 .
640 4138 645 4148 .
655 4137 660 4148 .
672 4136 678 4148 .
687 4101 782 4149 Pellena
790 4099 891 4146 babebat
