2850 4488
425 331 568 408 urens
592 331 660 409 ιν,
684 331 880 408 clnuuu
906 335 973 400 111.
1155 339 1214 418 441

298 457 429 548 Ingenti
440 453 540 550 plaga
550 471 754 527 marmorata
764 456 883 526 dorso:

296 564 405 660 Hujus
414 563 818 663 janua,prosperumque
828 568 931 638 limen
1000 635 1004 644 .

296 681 402 744 Arcus
412 728 421 760 ‚
433 673 582 768 belligeri
592 680 695 758 Ducis
707 676 865 772 trophaeis

297 792 341 856 Et
350 789 428 856 totis
439 791 603 880 Ligurum
613 791 725 859 nitens
737 789 899 874 metallis,

297 903 452 984 Quantus
463 898 579 969 nubila
592 903 651 995 qui
661 919 802 970 coronat
811 901 921 972 imbri.

297 1007 372 1078 lllic
382 1007 528 1087 flectitur
539 1015 647 1081 exitus
659 1016 809 1100 viarum

297 1121 370 1190 lllic
380 1126 487 1217 Appio
498 1148 536 1193 se
547 1124 639 1194 dolet
648 1126 810 1223 relinqui:

297 1237 395 1302 'Iunc
405 1234 550 1306 velocior
559 1241 734 1335 acriorque
745 1263 883 1323 cursus,

298 1346 396 1412 Tuno
407 1347 498 1439 ipsos
506 1345 603 1441 juvat
613 1350 761 1444 impetus
769 1349 913 1444 jugales,

286 1457 366 1522 ·Geu
377 1455 475 1525 fessis
486 1456 545 1526 ubi
556 1463 721 1551 remigum
732 1459 865 1529 lacertis

299 1569 436 1650 Primae,
449 1568 586 1636 carbasa
596 1568 781 1653 ventiletis,
793 1593 894 1638 nurae.

343 1680 433 1768 Ergo
444 1701 562 1747 omnes
572 1732 581 1762 ,
592 1704 672 1772 nge,
685 1704 762 1775 quae
774 1680 838 1750 sub
850 1703 912 1748 axe
924 1682 1033 1773 primo

297 1789 438 1855 Romani
450 1787 557 1856 colitis
568 1788 671 1857 iidem
681 1792 829 1882 parentis
841 1843 850 1873 ,

299 1900 410 1965 Prono
421 1896 527 1968 limite
538 1915 723 1969 commeate
735 1917 850 1993 gentes
861 1925 868 1965 :

297 2009 377 2075 Eoae
387 2011 485 2076 citius
497 2012 607 2079 venite
618 2010 751 2095 laurus,

297 2114 351 2182 Nil
362 2115 473 2186 obstat
484 2119 630 2211 cupidis,
643 2119 727 2188 nihil
739 2136 898 2190 moretur.

297 2225 384 2312 [Qui
394 2232 505 2320 primo
515 2230 676 2323 Tyberim
687 2231 824 2326 reliquit
834 2247 927 2315 ortu,

298 2335 408 2404 Primo
419 2362 559 2433 vespere
570 2343 705 2434 naviget
715 2344 911 2410 Lucrinum.
921 2343 932 2429 ]

343 2446 407 2516 Sed
418 2473 521 2543 quum
531 2450 598 2520 line
609 2455 673 2521 viee
684 2455 828 2522 recentis
840 2454 928 2532 imo,

296 2562 370 2643 Qua
381 2579 548 2632 monstrat
557 2579 688 2634 veteres
699 2564 819 2658 Apollo
829 2568 973 2643 Cumas,

299 2664 416 2736 Albam
427 2672 593 2754 crinibus,
604 2672 787 2767 inl'ulisque
797 2677 920 2742 cerno?

183 2903 266 2959 edidit
279 2905 403 2960 Croesus.
415 2937 451 2948 --
462 2909 528 2962 Cod.
542 2911 623 2964 Paris.
638 2911 680 2966 ed.
724 2917 820 2980 uisset,
835 2916 947 2968 rPrimae
957 2913 1065 2966 carbasa
1075 2910 1224 2963 ventilantis

184 3003 224 3055 pr·
237 2983 345 3037 levarat·
363 2985 395 3037 Α·
727 3011 804 3046 surm.
816 3017 828 3040 ι
843 2996 877 3047 Et
890 2996 927 3046 ite
943 3007 983 3048 eet
995 2995 1023 3045 in
1038 2991 1185 3057 Parmensi,
1199 3003 1225 3042 et

222 3083 279 3120 100.
298 3067 382 3138 Lege,
395 3087 448 3141 quo
461 3073 641 3139 communis,
656 3086 683 3125 et
725 3069 1226 3138 inMS.Rhod.;viditGronov.;uude,

183 3143 242 3196 vide
253 3158 309 3198 not.
322 3143 357 3197 ud
368 3165 406 3200 vs.
418 3164 462 3217 99.
726 3151 812 3224 Reliq.
825 3152 859 3204 ad
868 3152 931 3205 Stet.
943 3151 1002 3206 Silr.
1013 3153 1090 3224 legit,
1102 3152 1225 3216 spumae,

222 3241 279 3278 rot.
297 3226 391 3280 Exitus
404 3229 511 3282 sianum.
525 3231 625 3302 Vulgo,
637 3251 682 3284 ex·
727 3230 837 3284 carbasa
844 3232 989 3301 ventilatis,
998 3251 1079 3296 uurm3
1088 3256 1100 3280 ι
1110 3230 1226 3301 utplsne

183 3305 247 3358 eittu
258 3305 356 3368 uiator5
367 3302 456 3360 Helos.
469 3307 551 3362 exitio
563 3311 680 3364 viarum.-
727 3309 787 3363 ood.
800 3311 892 3364 Sulisb.
908 3325 935 3363 et
948 3323 1069 3382 excerpta
1082 3307 1226 3362 Lindenbr.

183 3384 297 3452 Veneto,
308 3385 391 3439 exitm
399 3388 489 3439 uiator.
500 3417 537 3428 -·
545 3389 610 3442 Cod.
623 3392 680 3442 Pur.
727 3389 800 3444 Nihil
810 3394 906 3444 verius.
919 3391 1016 3444 Sensus
1029 3389 1101 3442 idem
1114 3401 1167 3456 est,
1179 3387 1227 3441 sed

184 3460 225 3514 ed.
236 3481 278 3534 pr.
289 3463 384 3518 exeitru
393 3465 482 3519 viator.
493 3465 569 3520 Gonl.
581 3480 638 3522 not.
648 3469 682 3524 ad
727 3488 818 3524 versus
832 3471 917 3524 multo
933 3468 1035 3536 melior,
1052 3472 1132 3540 quain
1150 3470 1173 3521 ei
1186 3480 1227 3520 tot

184 3560 221 3594 vr.
235 3557 278 3610 99.
295 3544 328 3596 Δ.
726 3566 805 3601 voces
816 3551 844 3602 iu
854 3571 872 3603 a
883 3551 1005 3603 exissent.
1014 3548 1127 3600 -Edit
1140 3549 1225 3619 prinu.

221 3621 279 3676 105.
298 3623 383 3678 fessis.
397 3623 463 3678 God.
480 3627 561 3680 Puris.
574 3645 589 3680 e
602 3645 682 3680 manu
727 3629 858 3682 Primo...
873 3626 1120 3688 ventilationem
1135 3639 1160 3678 et
1175 3629 1226 3692 sie,

184 3703 282 3772 prime,
289 3703 389 3775 semes:
401 3721 432 3756 ex
442 3705 683 3780 emendationes*
727 3708 755 3758 ni
767 3706 853 3776 fallor,
866 3707 926 3761 cod.
938 3709 997 3760 Par.
1009 3725 1115 3761 ameno
1125 3705 1225 3778 primae

183 3781 231 3834 sis.-
241 3780 294 3834 boo
305 3781 388 3838 hebet
400 3783 441 3836 ed.
453 3800 495 3856 pr.
514 3786 546 3838 A.
728 3787 775 3856 qui
783 3805 814 3838 ex
821 3786 1005 3842 emendatione
1015 3784 1148 3856 vulgatam
1155 3781 1227 3836 exhi-

222 3862 280 3915 106.
299 3864 390 3916 Prima
405 3865 508 3919 turim
522 3867 685 3919 ventilantur
727 3864 781 3916 bet.
799 3865 832 3917 A.

184 3958 257 3992 oum.
267 3943 306 3996 ltu
318 3939 401 3995 edidit
409 3961 456 3996 teu
465 3947 584 4016 consopit
594 3945 684 3996 Domi·
766 3961 822 3996 ιη.
842 3945 882 3998 De
898 3943 952 4001 hou
969 3957 995 3998 et
1014 3943 1135 4014 sequenti
1147 3956 1226 3992 versu

184 4015 252 4086 tius,
264 4039 346 4092 quum
358 4022 387 4073 in
398 4023 451 4074 tuis
462 4020 598 4078 codicibus
610 4024 683 4074 inre·
727 4024 798 4076 conf.
811 4037 866 4076 not.
887 4025 917 4074 Δ.
