2776 4484
196 341 235 405 52
441 342 475 402 Ρ.·
502 341 537 402 P.
563 339 717 404 STATll
742 339 983 406 SILVARUM

238 471 434 557 Raptorem,
448 464 592 556 Phrygio
604 467 632 530 si
644 487 713 529 non
725 487 787 555 ego
795 462 913 556 juncta
924 467 1066 533 marito?

238 575 365 667 Lydius
378 574 467 642 unde
478 597 570 640 meos
583 577 735 640 iterasset
746 574 856 641 Tibris
871 572 981 641 Iulos?
1185 605 1234 656 ιφ

237 688 319 773 Quis
334 686 604 779 septemgeminae
614 688 783 778 posuisset
795 688 918 753 moenia
929 691 1061 768 Romae‚

237 799 373 891 Imperii
386 795 512 862 Latiale
524 813 639 887 capnt,
651 797 716 861 nisi
729 794 884 862 Dardana
895 795 986 863 furto

236 911 386 1001 Cepisset
397 912 557 987 Martem,
571 929 633 972 nec
644 928 699 972 me
710 901 924 997 prohibente,
937 905 1112 973 sacerdos?
1124 937 1137 964 n

283 1021 342 1084 His
355 1017 481 1085 mulcet
492 1015 605 1098 diutia,
619 1017 825 1110 tacitumque
837 1017 979 1108 inspirat
990 1038 1139 1082 amorem

165 1220 171 1230 ἱ
236 1127 576 1196 Connubii:redeunt
587 1124 780 1218 animojam
792 1143 870 1193 vota
881 1150 1080 1221 precesque,
1184 1139 1231 1206 195

191 1350 238 1401 28:
254 1371 265 1393 ι
277 1349 352 1402 Unde
363 1368 440 1422 pares
452 1369 560 1404 somnos
571 1349 687 1423 populo,
732 1367 823 1400 omnes
831 1348 1078 1419 praeterlleinsium,
1088 1343 1231 1418 quiinSyl-

190 1428 687 1500 noctemqnebeatam?·ltalegendnm
731 1425 792 1496 loge
803 1428 885 1498 Epist.
899 1438 1041 1497 raptorem,
1053 1425 1081 1475 in
1093 1441 1175 1494 marg.
1190 1443 1230 1475 ex.

188 1525 238 1578 pro
253 1507 353 1578 populi.
371 1507 451 1560 Simili
467 1508 547 1560 modo
558 1528 609 1579 quo
625 1526 686 1559 cum
730 1510 815 1559 Parm.
827 1518 949 1558 notatum
959 1503 1089 1576 probavit.
1108 1504 1189 1553 llsnn

189 1598 282 1657 quarto
292 1605 369 1652 casn,
378 1588 516 1652 Horatius,
526 1587 608 1659 Epist.
621 1590 645 1652 1,
656 1586 686 1650 5,
771 1588 827 1657 189.
846 1586 956 1651 Sinon,
971 1599 1021 1636 etc.
1038 1582 1105 1636 Cod.
1122 1583 1229 1634 Uratisl.

192 1681 230 1714 ra.
244 1665 308 1731 Quae
321 1663 375 1716 duo
390 1663 448 1716 luca
460 1665 570 1717 adduxit
580 1666 686 1718 Grono-
732 1665 812 1718 habet
822 1667 866 1718 sic.
886 1666 967 1715 llsnn.

188 1746 254 1794 vius.
267 1745 364 1796 Pariter
372 1745 496 1818 Virgilius
509 1747 567 1797 AEn.
581 1749 625 1812 IV,
635 1745 685 1815 98:
770 1761 828 1814 ¹9⁰·
851 1744 943 1795 Unde..
965 1741 1044 1795 Iulos.
1057 1739 1126 1793 Edit.
1143 1739 1227 1812 princ.

191 1820 265 1874 «sed
284 1824 342 1894 quia
362 1825 411 1873 erit
431 1821 545 1875 modus?
566 1835 611 1874 aut
632 1841 685 1894 quo
731 1824 818 1875 inde...
831 1820 915 1874 iullos.

188 1919 259 1951 nnuc
276 1903 417 1953 certamina
433 1901 542 1954 tantais
560 1904 599 1953 lta
615 1915 685 1954 reete
770 1919 827 1972 ¹9¹·
842 1903 1033 1972 Quisseptemy.
1046 1900 1097 1969 Qui
1105 1908 1166 1970 sept.
1176 1896 1231 1948 edi·

188 1979 335 2032 emendavit
351 1982 391 2032 vir
408 1980 441 2032 cl.
457 1983 497 2032 Fr.
516 1983 585 2033 flare
602 1983 684 2053 Epist.
730 1980 758 2032 di
774 2001 788 2033 e
804 1981 870 2034 cod.
885 1979 989 2030 Uratisl.
1005 1992 1032 2030 et
1046 1981 1161 2048 antiquis
1175 1977 1230 2030 edi-

187 2059 250 2108 Crit.
262 2076 323 2127 pag.
336 2058 444 2128 a3,pro
455 2060 595 2111 certamine
604 2068 685 2110 tanto.
730 2059 813 2109 tionn.
835 2054 930 2108 Aldina
950 2055 1047 2119 habet,
1066 2059 1139 2127 quis,
1159 2057 1230 2108 unde

190 2135 246 2203 Quo
257 2149 296 2186 est
308 2153 441 2208 quorsum,
455 2137 498 2187 cui
508 2137 582 2188 hono.
594 2131 685 2204 virgil.
729 2135 836 2207 relique
847 2151 947 2186 omnes.
959 2135 1040 2185 lisso.
1049 2163 1084 2174 —
1093 2134 1159 2186 Cod.
1169 2136 1228 2186 Par.

188 2213 246 2265 AEn.
265 2217 302 2280 X,
317 2214 384 2268 315:
401 2213 486 2266 nlnde
498 2213 597 2266 liuhan
612 2214 685 2279 ferit,
730 2212 904 2285 prebetquis.

188 2306 320 2344 exsectum
333 2297 388 2365 jum
405 2305 486 2345 matre
503 2305 638 2364 perempta
654 2293 687 2343 Et
770 2309 827 2362 ¹9²·
848 2292 958 2345 Nisi...
982 2291 1228 2360 tepescentem.

186 2371 248 2434 tibi,
266 2371 377 2440 Phoebs,
394 2391 515 2434 sacrum
532 2389 608 2423 ossus
626 2389 687 2422 eva·
730 2371 796 2422 Cod.
816 2367 922 2422 Uratisl.
942 2369 977 2432 si,-
995 2386 1066 2420 omn.
1088 2367 1147 2420 edd.
1168 2382 1230 2422 ante

187 2448 248 2500 ders
263 2451 326 2502 ferri
342 2452 417 2523 Quod
427 2445 502 2502 licuit
518 2468 609 2522 parvo.
629 2449 685 2500 Noc
729 2450 809 2502 Gron.
825 2450 953 2520 cepissem
969 2449 1102 2512 Romana,
1117 2450 1231 2519 caepisset

186 2525 281 2596 longe,
302 2542 374 2581 etc.»
396 2530 434 2580 lta
451 2525 527 2597 vulgo
547 2526 641 2594 legitur
660 2538 685 2577 et
729 2526 1228 2598 matrm;Venetaecoepissentmatrem.

187 2604 371 2675 distinguimus
382 2605 428 2656 ubi
438 2618 512 2656 notat
523 2603 638 2655 Servius:
649 2603 686 2655 le·
729 2606 811 2658 Hsnn.
825 2633 861 2645 —
875 2604 941 2658 cod.
953 2606 1033 2658 Paris.
1046 2603 1128 2656 habet
1141 2606 1230 2678 cepis-

187 2684 257 2752 gitur
272 2696 298 2734 et
313 2684 365 2736 cui.
383 2685 415 2734 Et
431 2683 543 2753 respexit
559 2680 594 2733 ad
605 2679 685 2748 illud,
729 2695 767 2735 set
779 2686 902 2737 Martem.

188 2760 261 2831 quod
278 2762 378 2813 ferrum
397 2778 467 2811 nnnc
482 2761 586 2831 juvenis
603 2763 685 2812 vitare
769 2763 826 2832 ¹94·
847 2763 965 2816 Tacimm
977 2761 1085 2834 inspirat
1096 2762 1228 2816 honorem.

187 2859 241 2891 non
252 2843 355 2911 potnit,
373 2839 444 2911 quod
457 2858 553 2911 parvus
567 2841 656 2892 evasit.
672 2865 682 2887 ι
730 2842 780 2892 Pro
794 2861 908 2893 amorem
922 2842 1069 2894 Parmensis
1086 2839 1166 2893 habet
1182 2843 1230 2893 lto-

188 2922 286 2972 Pierius
304 2919 402 2992 probat
421 2919 499 2993 quod.
518 2919 585 2971 Vide
608 2938 687 2992 quam
730 2939 829 2973 norem
847 2924 940 2975 Vener.
961 2939 1067 2994 quoqne
1089 2920 1228 2973 honorem.-

188 2997 265 3049 laoile
275 2998 482 3069 elegantissimus
490 2998 687 3052 locnsrestitni-
729 2999 799 3051 forte
813 3003 919 3052 rectius.
933 3001 1022 3052 Tacito
1038 3018 1158 3071 quoque,
1174 3017 1230 3051 nou

188 3089 246 3127 tur:
262 3078 312 3128 «Et
323 3077 385 3144 tibi,
397 3076 508 3144 Phoebe,
519 3097 631 3132 sacrum.
642 3081 688 3132 Ca·
731 3078 851 3144 tucinam,
861 3076 1019 3137 eadem3sed
1027 3097 1081 3128 nou
1090 3091 1145 3129 tam
1151 3077 1228 3130 bene.

189 3154 685 3229 suseradereferriQnolicuitparvul·
729 3155 751 3205 E
767 3155 832 3206 Cod.
848 3159 921 3208 Urat.
941 3168 968 3206 et
985 3155 1047 3207 edit.
1063 3157 1163 3224 prino,
1183 3159 1230 3227 qni

187 3234 236 3285 Cui
253 3231 325 3286 bono
342 3236 392 3287 fuir
407 3237 481 3290 illum
497 3256 608 3308 parvum
624 3255 687 3288 eva·
729 3234 846 3302 prebent
854 3233 931 3286 tacito
939 3234 1074 3298 lunarem,
1087 3236 1175 3303 recepi
1183 3235 1231 3284 lro-

188 3312 253 3362 sisse
274 3329 351 3366 casus
373 3315 450 3383 ferri,
471 3320 493 3368 si
511 3319 566 3386 jam
581 3316 685 3384 juvenis
731 3327 818 3362 norem
830 3330 880 3383 pro
893 3309 1125 3380 vulgariamorem.
1146 3313 1228 3365 flius.

188 3393 260 3443 ferro
272 3393 424 3447 interiturus
436 3395 521 3447 esset?
532 3393 587 3443 Val.
598 3392 683 3443 Flacc.
769 3389 826 3461 195.
845 3389 963 3442 Redeunt
978 3409 1002 3440 a.
1015 3393 1040 3461 j.
1057 3390 1133 3440 dona.
1150 3389 1231 3442 Dona

188 3470 232 3535 lv,
245 3471 313 3542 476:
327 3495 338 3518 ι
350 3477 459 3525 ...Nam
471 3483 555 3524 vestra
564 3467 685 3521 voluntas
729 3465 795 3519 nihil
805 3469 839 3520 ad
850 3487 920 3520 rem:
933 3485 986 3518 non
997 3469 1067 3518 enirn
1076 3467 1231 3522 Violantilla

188 3552 263 3618 Quo,
277 3554 400 3622 juvenes,
416 3553 471 3601 sine
483 3566 548 3617 pace
560 3549 682 3598 Deumr»
730 3549 817 3598 animo
828 3548 895 3599 adeo
906 3545 1013 3598 sordido
1021 3559 1046 3598 et
1057 3548 1159 3600 minuto
1169 3550 1230 3616 fuit,

187 3627 234 3679 ubi
244 3629 375 3698 paritario
383 3626 452 3678 Mss.
461 3623 685 3696 eratquod.-Et
731 3641 759 3678 ut
775 3629 844 3678 dona
859 3625 943 3678 Stellae
961 3628 1103 3698 acciperet,
1121 3627 1228 3680 Stellam

189 3703 282 3772 legitur
293 3705 330 3756 itu
346 3705 374 3754 in
390 3701 473 3754 Cudd.
488 3701 593 3755 Uratisl.
612 3701 684 3754 Leid.
730 3703 1228 3778 rejiceret.Nonhocconsenitiis,qun

188 3782 333 3846 Vaticanis,
352 3783 430 3834 Paris.
445 3793 472 3833 et
488 3783 513 3832 in
527 3781 599 3832 editt.
617 3783 686 3833 unti-
730 3783 889 3855 supradixit,
900 3784 1045 3855 vineitopes
1053 3785 1150 3839 animo.
1159 3787 1228 3856 Lege

189 3863 255 3933 quis.
267 3863 393 3912 drantius
403 3881 480 3928 vero,
493 3861 592 3914 Anltnae
602 3881 687 3915 corre-
731 3874 789 3915 uota
798 3881 941 3934 precesque.
956 3865 1042 3935 Supra
1052 3883 1089 3916 vs.
1103 3865 1151 3926 68;
1165 3863 1226 3915 Silv.

187 3955 255 4006 otor,
268 3953 296 3991 ut
307 3939 418 4008 ridetur,
431 3941 464 3994 de
476 3945 628 4012 conjectura
641 3942 687 3995 de-
729 3945 763 4008 V,
773 3960 802 4008 a,
814 3941 875 4011 1593
885 3940 1012 3995 Thebaid.
1024 3941 1145 4008 xt,616;
1155 3943 1225 4010 Virg.

188 4020 394 4090 alumpnum,
415 4041 491 4095 quem
507 4025 610 4094 sequuti
626 4037 687 4074 sunt
732 4022 832 4074 AEneid.
844 4024 894 4088 vt,
907 4022 955 4082 ὄις
972 4021 1015 4075 Sil.
1028 4021 1089 4085 llll,
1104 4023 1167 4088 3273
1182 4018 1227 4071 ΑΙ-
