<?xml version="1.0" encoding="UTF-8"?>
<!DOCTYPE html PUBLIC "-//W3C//DTD XHTML 1.0 Transitional//EN"
    "http://www.w3.org/TR/xhtml1/DTD/xhtml1-transitional.dtd">
<html xmlns="http://www.w3.org/1999/xhtml" xml:lang="en" lang="en">
 <head>
  <title>
</title>
<meta http-equiv="Content-Type" content="text/html;charset=utf-8" />
  <meta name='ocr-system' content='tesseract 3.04.00' />
  <meta name='ocr-capabilities' content='ocr_page ocr_carea ocr_par ocr_line ocrx_word'/>
</head>
<body>
  <div class='ocr_page' id='page_1' title='image "./quexstantomniao03lemagoog_0124.png"; bbox 0 0 2776 4484; ppageno 0'>
   <div class='ocr_carea' id='block_1_1' title="bbox 217 331 1096 409">
    <p class='ocr_par' dir='ltr' id='par_1_1' title="bbox 217 331 1096 409">
     <span class='ocr_line' id='line_1_1' title="bbox 217 331 1096 409; baseline -0.001 0"><span class='ocrx_word' id='word_1_1' title='bbox 217 339 259 409; x_wconf 85' lang='grc'>86</span> <span class='ocrx_word' id='word_1_2' title='bbox 378 342 511 409; x_wconf 81' lang='lat' dir='ltr'><strong>NOTAE</strong></span> <span class='ocrx_word' id='word_1_3' title='bbox 536 341 585 405; x_wconf 88' lang='lat' dir='ltr'>IN</span> <span class='ocrx_word' id='word_1_4' title='bbox 608 331 805 406; x_wconf 79' lang='lat' dir='ltr'>CARMEN</span> <span class='ocrx_word' id='word_1_5' title='bbox 829 336 1096 408; x_wconf 86' lang='lat' dir='ltr'>SECUNDUM</span> 
     </span>
    </p>
   </div>
   <div class='ocr_carea' id='block_1_2' title="bbox 213 463 1261 1893">
    <p class='ocr_par' dir='ltr' id='par_1_2' title="bbox 213 463 1261 1893">
     <span class='ocr_line' id='line_1_2' title="bbox 252 463 1255 539; baseline -0.002 -19"><span class='ocrx_word' id='word_1_6' title='bbox 252 469 303 521; x_wconf 73' lang='lat' dir='ltr'>aba</span> <span class='ocrx_word' id='word_1_7' title='bbox 316 477 341 521; x_wconf 88' lang='lat' dir='ltr'>et</span> <span class='ocrx_word' id='word_1_8' title='bbox 354 467 412 520; x_wconf 71' lang='lat' dir='ltr'>abt.</span> <span class='ocrx_word' id='word_1_9' title='bbox 431 466 482 518; x_wconf 76' lang='lat' dir='ltr'>Sed</span> <span class='ocrx_word' id='word_1_10' title='bbox 493 464 621 539; x_wconf 76' lang='lat' dir='ltr'>praecipue</span> <span class='ocrx_word' id='word_1_11' title='bbox 633 463 681 538; x_wconf 80' lang='lat' dir='ltr'>qui</span> <span class='ocrx_word' id='word_1_12' title='bbox 691 480 776 537; x_wconf 76' lang='lat' dir='ltr'>pressu</span> <span class='ocrx_word' id='word_1_13' title='bbox 787 463 1040 533; x_wconf 70' lang='lat' dir='ltr'>ermmoftaudatls</span> <span class='ocrx_word' id='word_1_14' title='bbox 1054 475 1125 536; x_wconf 78' lang='lat' dir='ltr'>optat.</span> <span class='ocrx_word' id='word_1_15' title='bbox 1137 465 1202 519; x_wconf 80' lang='lat' dir='ltr'>Satis</span> <span class='ocrx_word' id='word_1_16' title='bbox 1214 467 1255 518; x_wconf 84' lang='lat' dir='ltr'>in-</span> 
     </span>
     <span class='ocr_line' id='line_1_3' title="bbox 215 542 1256 620; baseline 0 -19"><span class='ocrx_word' id='word_1_17' title='bbox 215 548 341 620; x_wconf 65' lang='lat' dir='ltr'>telllpltur</span> <span class='ocrx_word' id='word_1_18' title='bbox 353 547 417 620; x_wconf 89' lang='lat' dir='ltr'>quid</span> <span class='ocrx_word' id='word_1_19' title='bbox 428 547 491 599; x_wconf 82' lang='lat' dir='ltr'>velit</span> <span class='ocrx_word' id='word_1_20' title='bbox 501 563 549 618; x_wconf 86' lang='lat' dir='ltr'>per</span> <span class='ocrx_word' id='word_1_21' title='bbox 558 543 644 598; x_wconf 80' lang='lat' dir='ltr'>nobile</span> <span class='ocrx_word' id='word_1_22' title='bbox 655 563 734 616; x_wconf 82' lang='lat' dir='ltr'>opus,·</span> <span class='ocrx_word' id='word_1_23' title='bbox 745 545 840 614; x_wconf 79' lang='lat' dir='ltr'><strong>poesin</strong></span> <span class='ocrx_word' id='word_1_24' title='bbox 852 557 946 612; x_wconf 81' lang='lat' dir='ltr'>nempe</span> <span class='ocrx_word' id='word_1_25' title='bbox 958 542 1101 616; x_wconf 72' lang='lat' dir='ltr'>heroipam.</span> <span class='ocrx_word' id='word_1_26' title='bbox 1115 545 1164 599; x_wconf 84' lang='lat' dir='ltr'>Sed</span> <span class='ocrx_word' id='word_1_27' title='bbox 1176 545 1256 600; x_wconf 82' lang='lat' dir='ltr'>verba</span> 
     </span>
     <span class='ocr_line' id='line_1_4' title="bbox 216 621 1256 699; baseline -0.001 -20"><span class='ocrx_word' id='word_1_28' title='bbox 216 631 264 680; x_wconf 85' lang='lat' dir='ltr'>ista</span> <span class='ocrx_word' id='word_1_29' title='bbox 277 647 326 699; x_wconf 89' lang='lat' dir='ltr'>per</span> <span class='ocrx_word' id='word_1_30' title='bbox 340 645 367 680; x_wconf 87' lang='lat' dir='ltr'>ae</span> <span class='ocrx_word' id='word_1_31' title='bbox 381 642 435 679; x_wconf 90' lang='lat' dir='ltr'>non</span> <span class='ocrx_word' id='word_1_32' title='bbox 445 625 516 678; x_wconf 88' lang='lat' dir='ltr'>istud</span> <span class='ocrx_word' id='word_1_33' title='bbox 527 625 667 684; x_wconf 75' lang='lat' dir='ltr'>denotant3</span> <span class='ocrx_word' id='word_1_34' title='bbox 682 624 769 672; x_wconf 78' lang='lat' dir='ltr'>notite</span> <span class='ocrx_word' id='word_1_35' title='bbox 781 622 850 672; x_wconf 87' lang='lat' dir='ltr'>enim</span> <span class='ocrx_word' id='word_1_36' title='bbox 863 639 925 692; x_wconf 83' lang='lat' dir='ltr'>opus</span> <span class='ocrx_word' id='word_1_37' title='bbox 937 633 1009 673; x_wconf 80' lang='lat' dir='ltr'>recte</span> <span class='ocrx_word' id='word_1_38' title='bbox 1023 621 1120 675; x_wconf 88' lang='lat' dir='ltr'>dicitur</span> <span class='ocrx_word' id='word_1_39' title='bbox 1131 623 1163 676; x_wconf 90' lang='lat' dir='ltr'>de</span> <span class='ocrx_word' id='word_1_40' title='bbox 1176 642 1256 696; x_wconf 90' lang='lat' dir='ltr'>opere</span> 
     </span>
     <span class='ocr_line' id='line_1_5' title="bbox 215 700 1256 781; baseline -0.003 -22"><span class='ocrx_word' id='word_1_41' title='bbox 215 711 341 781; x_wconf 82' lang='lat' dir='ltr'>quopiam</span> <span class='ocrx_word' id='word_1_42' title='bbox 351 702 422 780; x_wconf 78' lang='lat' dir='ltr'>quod</span> <span class='ocrx_word' id='word_1_43' title='bbox 432 715 481 758; x_wconf 80' lang='lat' dir='ltr'>auo</span> <span class='ocrx_word' id='word_1_44' title='bbox 490 721 587 775; x_wconf 71' lang='lat' dir='ltr'>genere</span> <span class='ocrx_word' id='word_1_45' title='bbox 595 701 709 761; x_wconf 80' lang='lat' dir='ltr'>excellit3</span> <span class='ocrx_word' id='word_1_46' title='bbox 721 713 750 752; x_wconf 87' lang='lat' dir='ltr'>ut</span> <span class='ocrx_word' id='word_1_47' title='bbox 761 701 872 771; x_wconf 72' lang='lat' dir='ltr'>uLibycl</span> <span class='ocrx_word' id='word_1_48' title='bbox 881 700 971 752; x_wconf 84' lang='lat' dir='ltr'>nobile</span> <span class='ocrx_word' id='word_1_49' title='bbox 979 701 1064 754; x_wconf 86' lang='lat' dir='ltr'>dentis</span> <span class='ocrx_word' id='word_1_50' title='bbox 1074 721 1141 775; x_wconf 82' lang='lat' dir='ltr'>opus</span> <span class='ocrx_word' id='word_1_51' title='bbox 1149 729 1160 752; x_wconf 73' lang='grc' dir='ltr'>ι</span> <span class='ocrx_word' id='word_1_52' title='bbox 1168 744 1176 770; x_wconf 87' lang='grc'><em>,</em></span> <span class='ocrx_word' id='word_1_53' title='bbox 1184 703 1256 776; x_wconf 83' lang='lat' dir='ltr'>apud</span> 
     </span>
     <span class='ocr_line' id='line_1_6' title="bbox 215 779 1256 857; baseline -0.003 -18"><span class='ocrx_word' id='word_1_54' title='bbox 215 787 328 839; x_wconf 76' lang='lat' dir='ltr'>Martini.</span> <span class='ocrx_word' id='word_1_55' title='bbox 347 788 434 857; x_wconf 75' lang='lat' dir='ltr'>Epigr.</span> <span class='ocrx_word' id='word_1_56' title='bbox 449 785 518 848; x_wconf 76' lang='lat' dir='ltr'>xlv,</span> <span class='ocrx_word' id='word_1_57' title='bbox 538 783 568 846; x_wconf 80' lang='lat'>3,</span> <span class='ocrx_word' id='word_1_58' title='bbox 587 794 614 831; x_wconf 88' lang='lat' dir='ltr'>et</span> <span class='ocrx_word' id='word_1_59' title='bbox 633 780 698 831; x_wconf 82' lang='lat' dir='ltr'>alios</span> <span class='ocrx_word' id='word_1_60' title='bbox 714 780 820 850; x_wconf 82' lang='lat' dir='ltr'>passim.</span> <span class='ocrx_word' id='word_1_61' title='bbox 839 781 891 830; x_wconf 88' lang='lat' dir='ltr'>Diu</span> <span class='ocrx_word' id='word_1_62' title='bbox 905 779 1022 832; x_wconf 81' lang='lat' dir='ltr'>videram</span> <span class='ocrx_word' id='word_1_63' title='bbox 1041 781 1180 852; x_wconf 75' lang='lat' dir='ltr'>legendum</span> <span class='ocrx_word' id='word_1_64' title='bbox 1199 803 1256 837; x_wconf 82' lang='lat' dir='ltr'>esse</span> 
     </span>
     <span class='ocr_line' id='line_1_7' title="bbox 216 857 1256 938; baseline -0.003 -21"><span class='ocrx_word' id='word_1_65' title='bbox 216 865 303 919; x_wconf 81' lang='lat' dir='ltr'><em>nobile</em></span> <span class='ocrx_word' id='word_1_66' title='bbox 312 884 371 938; x_wconf 83' lang='lat' dir='ltr'>epos</span> <span class='ocrx_word' id='word_1_67' title='bbox 376 904 384 930; x_wconf 91' lang='lat'><strong><em>,</em></strong></span> <span class='ocrx_word' id='word_1_68' title='bbox 395 883 425 914; x_wconf 81' lang='lat' dir='ltr'>ex</span> <span class='ocrx_word' id='word_1_69' title='bbox 434 861 542 922; x_wconf 73' lang='lat' dir='ltr'>Ouidio,</span> <span class='ocrx_word' id='word_1_70' title='bbox 552 857 658 910; x_wconf 78' lang='lat' dir='ltr'>Rerired.</span> <span class='ocrx_word' id='word_1_71' title='bbox 669 860 759 910; x_wconf 80' lang='lat' dir='ltr'>Amor.</span> <span class='ocrx_word' id='word_1_72' title='bbox 771 877 795 908; x_wconf 90' lang='lat' dir='ltr'>v.</span> <span class='ocrx_word' id='word_1_73' title='bbox 806 857 871 928; x_wconf 78' lang='lat'><strong>396,</strong></span> <span class='ocrx_word' id='word_1_74' title='bbox 882 858 928 909; x_wconf 88' lang='lat' dir='ltr'>ubi</span> <span class='ocrx_word' id='word_1_75' title='bbox 940 861 1075 911; x_wconf 83' lang='lat' dir='ltr'>Heinsium</span> <span class='ocrx_word' id='word_1_76' title='bbox 1085 861 1175 914; x_wconf 87' lang='lat' dir='ltr'>itidem</span> <span class='ocrx_word' id='word_1_77' title='bbox 1186 861 1256 914; x_wconf 87' lang='lat' dir='ltr'>hunc</span> 
     </span>
     <span class='ocr_line' id='line_1_8' title="bbox 216 936 1257 1010; baseline -0.01 -11"><span class='ocrx_word' id='word_1_78' title='bbox 216 947 290 1000; x_wconf 86' lang='lat' dir='ltr'>Statii</span> <span class='ocrx_word' id='word_1_79' title='bbox 306 947 389 998; x_wconf 89' lang='lat' dir='ltr'>locum</span> <span class='ocrx_word' id='word_1_80' title='bbox 405 948 440 995; x_wconf 90' lang='lat' dir='ltr'>ita</span> <span class='ocrx_word' id='word_1_81' title='bbox 454 939 608 994; x_wconf 80' lang='lat' dir='ltr'>emendasse</span> <span class='ocrx_word' id='word_1_82' title='bbox 624 957 698 992; x_wconf 87' lang='lat' dir='ltr'>serus</span> <span class='ocrx_word' id='word_1_83' title='bbox 715 936 897 1010; x_wconf 79' lang='lat' dir='ltr'>deprehendo.</span> <span class='ocrx_word' id='word_1_84' title='bbox 917 937 1025 992; x_wconf 79' lang='lat' dir='ltr'>Dubitat</span> <span class='ocrx_word' id='word_1_85' title='bbox 1041 954 1131 994; x_wconf 87' lang='lat' dir='ltr'>tamen</span> <span class='ocrx_word' id='word_1_86' title='bbox 1145 945 1185 995; x_wconf 84' lang='lat' dir='ltr'>vir</span> <span class='ocrx_word' id='word_1_87' title='bbox 1200 961 1257 993; x_wconf 84' lang='lat' dir='ltr'>ma.</span> 
     </span>
     <span class='ocr_line' id='line_1_9' title="bbox 218 1015 1257 1097; baseline -0.005 -21"><span class='ocrx_word' id='word_1_88' title='bbox 218 1045 284 1097; x_wconf 74' lang='lat' dir='ltr'>gnus</span> <span class='ocrx_word' id='word_1_89' title='bbox 299 1025 332 1077; x_wconf 90' lang='lat' dir='ltr'>de</span> <span class='ocrx_word' id='word_1_90' title='bbox 347 1025 383 1092; x_wconf 73' lang='lat' dir='ltr'>aqi</span> <span class='ocrx_word' id='word_1_91' title='bbox 397 1039 456 1093; x_wconf 79' lang='lat' dir='ltr'>epos</span> <span class='ocrx_word' id='word_1_92' title='bbox 471 1019 615 1084; x_wconf 81' lang='lat' dir='ltr'>ovidiana,</span> <span class='ocrx_word' id='word_1_93' title='bbox 630 1031 655 1070; x_wconf 88' lang='lat' dir='ltr'>et</span> <span class='ocrx_word' id='word_1_94' title='bbox 669 1015 736 1068; x_wconf 87' lang='lat' dir='ltr'>nihil</span> <span class='ocrx_word' id='word_1_95' title='bbox 750 1029 847 1068; x_wconf 83' lang='lat' dir='ltr'>temere</span> <span class='ocrx_word' id='word_1_96' title='bbox 862 1015 1016 1070; x_wconf 91' lang='lat' dir='ltr'>mutandum</span> <span class='ocrx_word' id='word_1_97' title='bbox 1031 1035 1136 1087; x_wconf 87' lang='lat' dir='ltr'>censet,</span> <span class='ocrx_word' id='word_1_98' title='bbox 1151 1019 1257 1094; x_wconf 86' lang='lat' dir='ltr'>quando</span> 
     </span>
     <span class='ocr_line' id='line_1_10' title="bbox 217 1099 1259 1178; baseline -0.005 -21"><span class='ocrx_word' id='word_1_99' title='bbox 217 1105 324 1178; x_wconf 83' lang='lat' dir='ltr'>quidem</span> <span class='ocrx_word' id='word_1_100' title='bbox 338 1121 428 1156; x_wconf 88' lang='lat' dir='ltr'>omnes</span> <span class='ocrx_word' id='word_1_101' title='bbox 439 1102 528 1171; x_wconf 87' lang='lat' dir='ltr'>scripti</span> <span class='ocrx_word' id='word_1_102' title='bbox 540 1099 646 1150; x_wconf 88' lang='lat' dir='ltr'>codices</span> <span class='ocrx_word' id='word_1_103' title='bbox 656 1099 783 1150; x_wconf 70' lang='lat' dir='ltr'>retineant</span> <span class='ocrx_word' id='word_1_104' title='bbox 796 1115 866 1170; x_wconf 86' lang='lat' dir='ltr'>opus.</span> <span class='ocrx_word' id='word_1_105' title='bbox 878 1099 934 1150; x_wconf 82' lang='lat' dir='ltr'>Nec</span> <span class='ocrx_word' id='word_1_106' title='bbox 944 1115 993 1169; x_wconf 73' lang='lat' dir='ltr'>ego</span> <span class='ocrx_word' id='word_1_107' title='bbox 1004 1099 1147 1172; x_wconf 83' lang='lat' dir='ltr'>quidquam</span> <span class='ocrx_word' id='word_1_108' title='bbox 1160 1115 1259 1152; x_wconf 85' lang='lat' dir='ltr'>temere</span> 
     </span>
     <span class='ocr_line' id='line_1_11' title="bbox 217 1175 1259 1249; baseline -0.005 -14"><span class='ocrx_word' id='word_1_109' title='bbox 217 1190 346 1236; x_wconf 83' lang='lat' dir='ltr'>mutatum</span> <span class='ocrx_word' id='word_1_110' title='bbox 362 1181 438 1234; x_wconf 81' lang='lat' dir='ltr'>velini</span> <span class='ocrx_word' id='word_1_111' title='bbox 456 1193 482 1232; x_wconf 89' lang='lat' dir='ltr'>et</span> <span class='ocrx_word' id='word_1_112' title='bbox 496 1178 597 1249; x_wconf 83' lang='lat' dir='ltr'>absque</span> <span class='ocrx_word' id='word_1_113' title='bbox 612 1195 712 1229; x_wconf 84' lang='lat' dir='ltr'>summa</span> <span class='ocrx_word' id='word_1_114' title='bbox 727 1177 899 1238; x_wconf 86' lang='lat' dir='ltr'>necessitate;</span> <span class='ocrx_word' id='word_1_115' title='bbox 920 1175 1141 1248; x_wconf 82' lang='lat' dir='ltr'>quemadmodum</span> <span class='ocrx_word' id='word_1_116' title='bbox 1159 1181 1187 1231; x_wconf 90' lang='lat' dir='ltr'>ln</span> <span class='ocrx_word' id='word_1_117' title='bbox 1205 1179 1259 1230; x_wconf 86' lang='lat' dir='ltr'>hoc</span> 
     </span>
     <span class='ocr_line' id='line_1_12' title="bbox 216 1257 1260 1333; baseline -0.004 -19"><span class='ocrx_word' id='word_1_118' title='bbox 216 1265 292 1328; x_wconf 85' lang='lat' dir='ltr'>loco,</span> <span class='ocrx_word' id='word_1_119' title='bbox 304 1264 349 1315; x_wconf 91' lang='lat' dir='ltr'>ubi</span> <span class='ocrx_word' id='word_1_120' title='bbox 361 1262 494 1333; x_wconf 81' lang='lat' dir='ltr'>oppositio</span> <span class='ocrx_word' id='word_1_121' title='bbox 507 1276 600 1310; x_wconf 83' lang='lat' dir='ltr'>vocum</span> <span class='ocrx_word' id='word_1_122' title='bbox 613 1257 681 1329; x_wconf 81' lang='lat' dir='ltr'>elepi</span> <span class='ocrx_word' id='word_1_123' title='bbox 694 1271 719 1309; x_wconf 88' lang='lat' dir='ltr'>et</span> <span class='ocrx_word' id='word_1_124' title='bbox 731 1275 791 1328; x_wconf 85' lang='lat' dir='ltr'>epos</span> <span class='ocrx_word' id='word_1_125' title='bbox 802 1259 951 1309; x_wconf 81' lang='lat' dir='ltr'>necessario</span> <span class='ocrx_word' id='word_1_126' title='bbox 964 1259 1083 1329; x_wconf 81' lang='lat' dir='ltr'>postulat</span> <span class='ocrx_word' id='word_1_127' title='bbox 1095 1273 1123 1311; x_wconf 91' lang='lat' dir='ltr'>ut</span> <span class='ocrx_word' id='word_1_128' title='bbox 1135 1261 1170 1311; x_wconf 86' lang='lat' dir='ltr'>ita</span> <span class='ocrx_word' id='word_1_129' title='bbox 1185 1258 1260 1330; x_wconf 77' lang='lat' dir='ltr'>lepa-</span> 
     </span>
     <span class='ocr_line' id='line_1_13' title="bbox 217 1337 1261 1414; baseline -0.006 -18"><span class='ocrx_word' id='word_1_130' title='bbox 217 1363 290 1407; x_wconf 85' lang='lat' dir='ltr'>rnna;</span> <span class='ocrx_word' id='word_1_131' title='bbox 305 1346 353 1396; x_wconf 83' lang='lat' dir='ltr'>nisi</span> <span class='ocrx_word' id='word_1_132' title='bbox 365 1341 472 1414; x_wconf 81' lang='lat' dir='ltr'>probari</span> <span class='ocrx_word' id='word_1_133' title='bbox 486 1341 570 1412; x_wconf 85' lang='lat' dir='ltr'>possit</span> <span class='ocrx_word' id='word_1_134' title='bbox 583 1338 669 1391; x_wconf 87' lang='lat' dir='ltr'>nobile</span> <span class='ocrx_word' id='word_1_135' title='bbox 679 1357 744 1411; x_wconf 83' lang='lat' dir='ltr'>opus</span> <span class='ocrx_word' id='word_1_136' title='bbox 757 1337 879 1392; x_wconf 84' lang='lat' dir='ltr'>absolute</span> <span class='ocrx_word' id='word_1_137' title='bbox 891 1351 1019 1403; x_wconf 80' lang='lat' dir='ltr'>sumtum,</span> <span class='ocrx_word' id='word_1_138' title='bbox 1033 1339 1103 1392; x_wconf 92' lang='lat' dir='ltr'>idem</span> <span class='ocrx_word' id='word_1_139' title='bbox 1115 1359 1172 1392; x_wconf 83' lang='lat' dir='ltr'>esse</span> <span class='ocrx_word' id='word_1_140' title='bbox 1184 1339 1261 1414; x_wconf 90' lang='lat' dir='ltr'>quod</span> 
     </span>
     <span class='ocr_line' id='line_1_14' title="bbox 217 1415 1261 1496; baseline -0.008 -20"><span class='ocrx_word' id='word_1_141' title='bbox 217 1443 288 1496; x_wconf 84' lang='lat' dir='ltr'>epos,</span> <span class='ocrx_word' id='word_1_142' title='bbox 301 1422 373 1496; x_wconf 90' lang='lat' dir='ltr'>quod</span> <span class='ocrx_word' id='word_1_143' title='bbox 382 1440 436 1472; x_wconf 93' lang='lat' dir='ltr'>non</span> <span class='ocrx_word' id='word_1_144' title='bbox 448 1437 538 1471; x_wconf 82' lang='lat' dir='ltr'>rerum</span> <span class='ocrx_word' id='word_1_145' title='bbox 551 1437 607 1473; x_wconf 82' lang='lat' dir='ltr'>esse</span> <span class='ocrx_word' id='word_1_146' title='bbox 620 1420 686 1472; x_wconf 83' lang='lat' dir='ltr'>ecio.</span> <span class='ocrx_word' id='word_1_147' title='bbox 698 1419 738 1470; x_wconf 89' lang='lat' dir='ltr'>De</span> <span class='ocrx_word' id='word_1_148' title='bbox 747 1415 808 1470; x_wconf 85' lang='lat' dir='ltr'>locu</span> <span class='ocrx_word' id='word_1_149' title='bbox 820 1417 910 1470; x_wconf 80' lang='lat' dir='ltr'>Nostri</span> <span class='ocrx_word' id='word_1_150' title='bbox 923 1417 984 1469; x_wconf 74' lang='lat' dir='ltr'>silv.</span> <span class='ocrx_word' id='word_1_151' title='bbox 996 1420 1040 1484; x_wconf 87' lang='lat' dir='ltr'>lv,</span> <span class='ocrx_word' id='word_1_152' title='bbox 1053 1435 1078 1489; x_wconf 84' lang='lat'>7,</span> <span class='ocrx_word' id='word_1_153' title='bbox 1090 1418 1119 1483; x_wconf 86' lang='lat'>3,</span> <span class='ocrx_word' id='word_1_154' title='bbox 1133 1437 1212 1490; x_wconf 88' lang='lat' dir='ltr'>quern</span> <span class='ocrx_word' id='word_1_155' title='bbox 1225 1417 1261 1469; x_wconf 91' lang='lat' dir='ltr'>ad</span> 
     </span>
     <span class='ocr_line' id='line_1_15' title="bbox 217 1487 1260 1576; baseline -0.008 -20"><span class='ocrx_word' id='word_1_156' title='bbox 217 1518 376 1576; x_wconf 73' lang='lat' dir='ltr'>partescum</span> <span class='ocrx_word' id='word_1_157' title='bbox 389 1501 470 1554; x_wconf 79' lang='lat' dir='ltr'>trahit</span> <span class='ocrx_word' id='word_1_158' title='bbox 480 1501 618 1566; x_wconf 77' lang='lat' dir='ltr'>Heinsius,</span> <span class='ocrx_word' id='word_1_159' title='bbox 629 1499 714 1550; x_wconf 81' lang='lat' dir='ltr'>dicem</span> <span class='ocrx_word' id='word_1_160' title='bbox 727 1497 834 1568; x_wconf 78' lang='lat' dir='ltr'>quando</span> <span class='ocrx_word' id='word_1_161' title='bbox 848 1513 879 1549; x_wconf 91' lang='lat' dir='ltr'>eo</span> <span class='ocrx_word' id='word_1_162' title='bbox 890 1495 1030 1550; x_wconf 82' lang='lat' dir='ltr'>deventum</span> <span class='ocrx_word' id='word_1_163' title='bbox 1043 1511 1089 1551; x_wconf 88' lang='lat' dir='ltr'>eet.</span> <span class='ocrx_word' id='word_1_164' title='bbox 1102 1487 1194 1551; x_wconf 82' lang='lat' dir='ltr'>llobile</span> <span class='ocrx_word' id='word_1_165' title='bbox 1205 1497 1260 1548; x_wconf 86' lang='lat' dir='ltr'>hoc</span> 
     </span>
     <span class='ocr_line' id='line_1_16' title="bbox 218 1577 1261 1654; baseline -0.008 -18"><span class='ocrx_word' id='word_1_166' title='bbox 218 1602 278 1654; x_wconf 81' lang='lat' dir='ltr'>epos</span> <span class='ocrx_word' id='word_1_167' title='bbox 287 1597 364 1635; x_wconf 76' lang='lat' dir='ltr'>vocat</span> <span class='ocrx_word' id='word_1_168' title='bbox 379 1581 465 1635; x_wconf 83' lang='lat' dir='ltr'>nobile</span> <span class='ocrx_word' id='word_1_169' title='bbox 478 1599 581 1634; x_wconf 83' lang='lat' dir='ltr'>cannen</span> <span class='ocrx_word' id='word_1_170' title='bbox 597 1578 711 1632; x_wconf 82' lang='lat' dir='ltr'>Geneth.</span> <span class='ocrx_word' id='word_1_171' title='bbox 721 1579 836 1644; x_wconf 87' lang='lat' dir='ltr'>Lucani,</span> <span class='ocrx_word' id='word_1_172' title='bbox 845 1597 871 1629; x_wconf 75' lang='lat' dir='ltr'>v.</span> <span class='ocrx_word' id='word_1_173' title='bbox 886 1579 947 1646; x_wconf 77' lang='lat'>¹¹4³</span> <span class='ocrx_word' id='word_1_174' title='bbox 957 1578 1029 1650; x_wconf 80' lang='lat' dir='ltr'>forte</span> <span class='ocrx_word' id='word_1_175' title='bbox 1036 1599 1109 1651; x_wconf 83' lang='lat' dir='ltr'>epos,</span> <span class='ocrx_word' id='word_1_176' title='bbox 1120 1577 1261 1637; x_wconf 69' lang='lat' dir='ltr'>lloratiuee</span> 
     </span>
     <span class='ocr_line' id='line_1_17' title="bbox 219 1655 1260 1734; baseline -0.006 -21"><span class='ocrx_word' id='word_1_177' title='bbox 219 1663 320 1714; x_wconf 85' lang='lat' dir='ltr'>Fortem</span> <span class='ocrx_word' id='word_1_178' title='bbox 336 1663 428 1734; x_wconf 85' lang='lat' dir='ltr'>pedem</span> <span class='ocrx_word' id='word_1_179' title='bbox 446 1659 578 1712; x_wconf 74' lang='lat' dir='ltr'>Domitius</span> <span class='ocrx_word' id='word_1_180' title='bbox 594 1657 695 1710; x_wconf 82' lang='lat' dir='ltr'>Marsus</span> <span class='ocrx_word' id='word_1_181' title='bbox 710 1657 907 1728; x_wconf 68' lang='lat' dir='ltr'>Epigrammata</span> <span class='ocrx_word' id='word_1_182' title='bbox 922 1656 954 1708; x_wconf 92' lang='lat' dir='ltr'>de</span> <span class='ocrx_word' id='word_1_183' title='bbox 971 1656 1070 1711; x_wconf 78' lang='lat' dir='ltr'>Tibulli</span> <span class='ocrx_word' id='word_1_184' title='bbox 1087 1669 1183 1719; x_wconf 83' lang='lat' dir='ltr'>mutte;</span> <span class='ocrx_word' id='word_1_185' title='bbox 1198 1655 1260 1709; x_wconf 91' lang='lat' dir='ltr'>inde</span> 
     </span>
     <span class='ocr_line' id='line_1_18' title="bbox 213 1737 1260 1816; baseline -0.006 -21"><span class='ocrx_word' id='word_1_186' title='bbox 213 1744 293 1816; x_wconf 81' lang='lat' dir='ltr'>sortis</span> <span class='ocrx_word' id='word_1_187' title='bbox 304 1745 397 1809; x_wconf 83' lang='lat' dir='ltr'>Erato,</span> <span class='ocrx_word' id='word_1_188' title='bbox 412 1743 511 1795; x_wconf 85' lang='lat' dir='ltr'>Nostro</span> <span class='ocrx_word' id='word_1_189' title='bbox 524 1741 570 1806; x_wconf 83' lang='lat' dir='ltr'>IV,</span> <span class='ocrx_word' id='word_1_190' title='bbox 583 1757 612 1810; x_wconf 82' lang='lat'>7,</span> <span class='ocrx_word' id='word_1_191' title='bbox 628 1739 663 1791; x_wconf 92' lang='lat' dir='ltr'>ob</span> <span class='ocrx_word' id='word_1_192' title='bbox 678 1738 775 1792; x_wconf 83' lang='lat' dir='ltr'>heroos</span> <span class='ocrx_word' id='word_1_193' title='bbox 790 1737 871 1791; x_wconf 84' lang='lat' dir='ltr'>acilio.</span> <span class='ocrx_word' id='word_1_194' title='bbox 886 1739 1004 1793; x_wconf 86' lang='lat' dir='ltr'>labores.</span> <span class='ocrx_word' id='word_1_195' title='bbox 1016 1741 1142 1793; x_wconf 72' lang='lat' dir='ltr'>Martialis</span> <span class='ocrx_word' id='word_1_196' title='bbox 1154 1737 1260 1812; x_wconf 81' lang='lat' dir='ltr'>quidem</span> 
     </span>
     <span class='ocr_line' id='line_1_19' title="bbox 221 1821 470 1893; baseline -0.004 -21"><span class='ocrx_word' id='word_1_197' title='bbox 221 1823 378 1893; x_wconf 70' lang='lat' dir='ltr'>Epigramm.</span> <span class='ocrx_word' id='word_1_198' title='bbox 391 1825 424 1887; x_wconf 86' lang='lat' dir='ltr'>V,</span> <span class='ocrx_word' id='word_1_199' title='bbox 438 1821 470 1873; x_wconf 83' lang='lat'>5:</span> 
     </span>
    </p>
   </div>
   <div class='ocr_carea' id='block_1_3' title="bbox 405 1910 936 2049">
    <p class='ocr_par' dir='ltr' id='par_1_3' title="bbox 405 1910 936 2049">
     <span class='ocr_line' id='line_1_20' title="bbox 405 1910 870 1976; baseline -0.004 -15"><span class='ocrx_word' id='word_1_200' title='bbox 405 1913 441 1962; x_wconf 75' lang='lat' dir='ltr'>ad</span> <span class='ocrx_word' id='word_1_201' title='bbox 450 1913 570 1976; x_wconf 74' lang='lat' dir='ltr'>Capitolini</span> <span class='ocrx_word' id='word_1_202' title='bbox 581 1910 678 1959; x_wconf 72' lang='lat' dir='ltr'>celestia</span> <span class='ocrx_word' id='word_1_203' title='bbox 688 1915 788 1959; x_wconf 75' lang='lat' dir='ltr'>carmine</span> <span class='ocrx_word' id='word_1_204' title='bbox 799 1913 870 1972; x_wconf 89' lang='lat' dir='ltr'>belli,</span> 
     </span>
     <span class='ocr_line' id='line_1_21' title="bbox 435 1977 936 2049; baseline 0.002 -18"><span class='ocrx_word' id='word_1_205' title='bbox 435 1984 527 2032; x_wconf 80' lang='lat' dir='ltr'>Grande</span> <span class='ocrx_word' id='word_1_206' title='bbox 537 1982 669 2031; x_wconf 82' lang='lat' dir='ltr'>cothurnati</span> <span class='ocrx_word' id='word_1_207' title='bbox 678 1999 741 2047; x_wconf 89' lang='lat' dir='ltr'>pone</span> <span class='ocrx_word' id='word_1_208' title='bbox 751 1977 855 2032; x_wconf 81' lang='lat' dir='ltr'>Maronia</span> <span class='ocrx_word' id='word_1_209' title='bbox 864 1999 936 2049; x_wconf 77' lang='lat' dir='ltr'>opus:</span> 
     </span>
    </p>
   </div>
   <div class='ocr_carea' id='block_1_4' title="bbox 218 2082 1263 2318">
    <p class='ocr_par' dir='ltr' id='par_1_4' title="bbox 218 2082 1263 2318">
     <span class='ocr_line' id='line_1_22' title="bbox 221 2082 1262 2160; baseline 0 -21"><span class='ocrx_word' id='word_1_210' title='bbox 221 2085 270 2139; x_wconf 87' lang='lat' dir='ltr'>Sed</span> <span class='ocrx_word' id='word_1_211' title='bbox 289 2105 338 2138; x_wconf 92' lang='lat' dir='ltr'>nec</span> <span class='ocrx_word' id='word_1_212' title='bbox 354 2085 391 2137; x_wconf 90' lang='lat' dir='ltr'>ibi</span> <span class='ocrx_word' id='word_1_213' title='bbox 408 2085 515 2157; x_wconf 87' lang='lat' dir='ltr'>quidem</span> <span class='ocrx_word' id='word_1_214' title='bbox 534 2082 687 2155; x_wconf 80' lang='lat' dir='ltr'>simpliciter</span> <span class='ocrx_word' id='word_1_215' title='bbox 702 2086 801 2160; x_wconf 75' lang='lat' dir='ltr'>prande</span> <span class='ocrx_word' id='word_1_216' title='bbox 819 2103 898 2158; x_wconf 80' lang='lat' dir='ltr'>opus,</span> <span class='ocrx_word' id='word_1_217' title='bbox 916 2083 963 2137; x_wconf 85' lang='lat' dir='ltr'>aed</span> <span class='ocrx_word' id='word_1_218' title='bbox 980 2085 1129 2140; x_wconf 75' lang='lat' dir='ltr'>cothurnati</span> <span class='ocrx_word' id='word_1_219' title='bbox 1144 2087 1262 2139; x_wconf 82' lang='lat' dir='ltr'>Maronis</span> 
     </span>
     <span class='ocr_line' id='line_1_23' title="bbox 218 2165 1263 2244; baseline -0.002 -22"><span class='ocrx_word' id='word_1_220' title='bbox 218 2168 317 2244; x_wconf 79' lang='lat' dir='ltr'>prande</span> <span class='ocrx_word' id='word_1_221' title='bbox 326 2185 398 2241; x_wconf 73' lang='lat' dir='ltr'>opus.</span> <span class='ocrx_word' id='word_1_222' title='bbox 408 2196 444 2208; x_wconf 90' lang='lat'><em>-</em></span> <span class='ocrx_word' id='word_1_223' title='bbox 452 2168 519 2218; x_wconf 86' lang='lat' dir='ltr'>Date</span> <span class='ocrx_word' id='word_1_224' title='bbox 528 2167 645 2218; x_wconf 80' lang='lat' dir='ltr'>cannino</span> <span class='ocrx_word' id='word_1_225' title='bbox 649 2166 724 2238; x_wconf 82' lang='lat' dir='ltr'>festis</span> <span class='ocrx_word' id='word_1_226' title='bbox 733 2168 812 2242; x_wconf 65' lang='lat' dir='ltr'>digna</span> <span class='ocrx_word' id='word_1_227' title='bbox 823 2169 890 2220; x_wconf 75' lang='lat' dir='ltr'>toris.</span> <span class='ocrx_word' id='word_1_228' title='bbox 902 2165 1007 2219; x_wconf 85' lang='lat' dir='ltr'>Mallem</span> <span class='ocrx_word' id='word_1_229' title='bbox 1011 2168 1108 2240; x_wconf 81' lang='lat' dir='ltr'>faustis</span> <span class='ocrx_word' id='word_1_230' title='bbox 1117 2169 1185 2222; x_wconf 78' lang='lat' dir='ltr'>teris.</span> <span class='ocrx_word' id='word_1_231' title='bbox 1195 2167 1263 2220; x_wconf 83' lang='lat' dir='ltr'>Vide</span> 
     </span>
     <span class='ocr_line' id='line_1_24' title="bbox 222 2245 1262 2318; baseline -0.004 -15"><span class='ocrx_word' id='word_1_232' title='bbox 222 2245 257 2304; x_wconf 89' lang='lat' dir='ltr'>ad</span> <span class='ocrx_word' id='word_1_233' title='bbox 266 2248 376 2304; x_wconf 87' lang='lat' dir='ltr'>Geneth.</span> <span class='ocrx_word' id='word_1_234' title='bbox 388 2251 489 2302; x_wconf 85' lang='lat' dir='ltr'>Lucan.</span> <span class='ocrx_word' id='word_1_235' title='bbox 501 2266 524 2300; x_wconf 86' lang='lat' dir='ltr'>v.</span> <span class='ocrx_word' id='word_1_236' title='bbox 537 2247 584 2310; x_wconf 76' lang='lat'>885</span> <span class='ocrx_word' id='word_1_237' title='bbox 599 2245 724 2314; x_wconf 81' lang='lat' dir='ltr'>Ovidius,</span> <span class='ocrx_word' id='word_1_238' title='bbox 739 2247 873 2300; x_wconf 85' lang='lat' dir='ltr'>Ponticor.</span> <span class='ocrx_word' id='word_1_239' title='bbox 887 2247 932 2299; x_wconf 89' lang='lat' dir='ltr'>lib.</span> <span class='ocrx_word' id='word_1_240' title='bbox 942 2250 968 2316; x_wconf 85' lang='lat' dir='ltr'>l‚</span> <span class='ocrx_word' id='word_1_241' title='bbox 982 2249 1057 2318; x_wconf 88' lang='lat' dir='ltr'>epist.</span> <span class='ocrx_word' id='word_1_242' title='bbox 1072 2267 1101 2314; x_wconf 81' lang='lat' dir='ltr'>a,</span> <span class='ocrx_word' id='word_1_243' title='bbox 1112 2267 1180 2302; x_wconf 82' lang='lat' dir='ltr'>vera.</span> <span class='ocrx_word' id='word_1_244' title='bbox 1197 2249 1262 2303; x_wconf 77' lang='lat'>1332</span> 
     </span>
    </p>
   </div>
   <div class='ocr_carea' id='block_1_5' title="bbox 403 2342 999 2476">
    <p class='ocr_par' dir='ltr' id='par_1_5' title="bbox 403 2342 999 2476">
     <span class='ocr_line' id='line_1_25' title="bbox 403 2342 999 2408; baseline 0.002 -16"><span class='ocrx_word' id='word_1_245' title='bbox 403 2343 445 2392; x_wconf 91' lang='lat' dir='ltr'>llle</span> <span class='ocrx_word' id='word_1_246' title='bbox 455 2359 510 2406; x_wconf 67' lang='lat' dir='ltr'>epo,</span> <span class='ocrx_word' id='word_1_247' title='bbox 521 2344 562 2408; x_wconf 85' lang='lat' dir='ltr'>qui</span> <span class='ocrx_word' id='word_1_248' title='bbox 571 2342 626 2390; x_wconf 81' lang='lat' dir='ltr'>duxi</span> <span class='ocrx_word' id='word_1_249' title='bbox 634 2355 724 2391; x_wconf 80' lang='lat' dir='ltr'>vestroe</span> <span class='ocrx_word' id='word_1_250' title='bbox 733 2345 874 2407; x_wconf 72' lang='lat' dir='ltr'>Hymenaeon</span> <span class='ocrx_word' id='word_1_251' title='bbox 883 2343 914 2390; x_wconf 83' lang='lat' dir='ltr'>ad</span> <span class='ocrx_word' id='word_1_252' title='bbox 922 2347 999 2406; x_wconf 64' lang='lat' dir='ltr'>ignes,</span> 
     </span>
     <span class='ocr_line' id='line_1_26' title="bbox 435 2414 890 2476; baseline -0.004 -14"><span class='ocrx_word' id='word_1_253' title='bbox 435 2417 463 2462; x_wconf 76' lang='lat' dir='ltr'>Et</span> <span class='ocrx_word' id='word_1_254' title='bbox 472 2417 545 2463; x_wconf 86' lang='lat' dir='ltr'>cecini</span> <span class='ocrx_word' id='word_1_255' title='bbox 555 2415 631 2462; x_wconf 70' lang='lat' dir='ltr'>taurin</span> <span class='ocrx_word' id='word_1_256' title='bbox 640 2417 741 2462; x_wconf 85' lang='lat' dir='ltr'>carmina</span> <span class='ocrx_word' id='word_1_257' title='bbox 751 2414 819 2476; x_wconf 72' lang='lat' dir='ltr'>digna</span> <span class='ocrx_word' id='word_1_258' title='bbox 829 2427 890 2461; x_wconf 87' lang='lat' dir='ltr'>tora.</span> 
     </span>
    </p>
   </div>
   <div class='ocr_carea' id='block_1_6' title="bbox 222 2509 1264 2666">
    <p class='ocr_par' dir='ltr' id='par_1_6' title="bbox 222 2509 1264 2666">
     <span class='ocr_line' id='line_1_27' title="bbox 222 2509 1264 2584; baseline -0.004 -18"><span class='ocrx_word' id='word_1_259' title='bbox 222 2515 260 2566; x_wconf 86' lang='lat' dir='ltr'>En</span> <span class='ocrx_word' id='word_1_260' title='bbox 273 2512 401 2584; x_wconf 82' lang='lat' dir='ltr'>ipsissima</span> <span class='ocrx_word' id='word_1_261' title='bbox 412 2511 504 2579; x_wconf 83' lang='lat' dir='ltr'>rerba,</span> <span class='ocrx_word' id='word_1_262' title='bbox 516 2525 545 2564; x_wconf 87' lang='lat' dir='ltr'>nt</span> <span class='ocrx_word' id='word_1_263' title='bbox 554 2510 588 2565; x_wconf 91' lang='lat' dir='ltr'>de</span> <span class='ocrx_word' id='word_1_264' title='bbox 597 2509 648 2564; x_wconf 88' lang='lat' dir='ltr'>hac</span> <span class='ocrx_word' id='word_1_265' title='bbox 659 2511 842 2565; x_wconf 82' lang='lat' dir='ltr'>emendatione</span> <span class='ocrx_word' id='word_1_266' title='bbox 855 2529 909 2562; x_wconf 89' lang='lat' dir='ltr'>non</span> <span class='ocrx_word' id='word_1_267' title='bbox 919 2513 953 2564; x_wconf 88' lang='lat' dir='ltr'>sit</span> <span class='ocrx_word' id='word_1_268' title='bbox 962 2509 1145 2564; x_wconf 81' lang='lat' dir='ltr'>dubitandum.</span> <span class='ocrx_word' id='word_1_269' title='bbox 1155 2513 1189 2564; x_wconf 78' lang='lat' dir='ltr'>at</span> <span class='ocrx_word' id='word_1_270' title='bbox 1200 2527 1264 2564; x_wconf 79' lang='lat' dir='ltr'>sane</span> 
     </span>
     <span class='ocr_line' id='line_1_28' title="bbox 222 2593 960 2666; baseline -0.001 -21"><span class='ocrx_word' id='word_1_271' title='bbox 222 2595 264 2645; x_wconf 78' lang='lat' dir='ltr'>vix</span> <span class='ocrx_word' id='word_1_272' title='bbox 272 2593 349 2666; x_wconf 84' lang='lat' dir='ltr'>plura</span> <span class='ocrx_word' id='word_1_273' title='bbox 358 2611 389 2645; x_wconf 84' lang='lat' dir='ltr'>ex</span> <span class='ocrx_word' id='word_1_274' title='bbox 399 2593 507 2665; x_wconf 75' lang='lat' dir='ltr'>Virgilio</span> <span class='ocrx_word' id='word_1_275' title='bbox 518 2611 597 2666; x_wconf 83' lang='lat' dir='ltr'>qaam</span> <span class='ocrx_word' id='word_1_276' title='bbox 607 2611 639 2644; x_wconf 82' lang='lat' dir='ltr'>ex</span> <span class='ocrx_word' id='word_1_277' title='bbox 648 2593 743 2648; x_wconf 76' lang='lat' dir='ltr'>ovidio</span> <span class='ocrx_word' id='word_1_278' title='bbox 753 2593 845 2645; x_wconf 79' lang='lat' dir='ltr'>sumsit</span> <span class='ocrx_word' id='word_1_279' title='bbox 853 2593 960 2646; x_wconf 79' lang='lat' dir='ltr'>Statius.</span> 
     </span>
    </p>
   </div>
   <div class='ocr_carea' id='block_1_7' title="bbox 168 2753 1286 3860">
    <p class='ocr_par' dir='ltr' id='par_1_7' title="bbox 168 2753 1286 3860">
     <span class='ocr_line' id='line_1_29' title="bbox 260 2753 1267 2828; baseline -0.001 -21"><span class='ocrx_word' id='word_1_280' title='bbox 260 2755 319 2809; x_wconf 75' lang='lat'>25².</span> <span class='ocrx_word' id='word_1_281' title='bbox 338 2755 417 2807; x_wconf 82' lang='lat' dir='ltr'>Hunc</span> <span class='ocrx_word' id='word_1_282' title='bbox 434 2754 487 2828; x_wconf 83' lang='lat' dir='ltr'>ipse</span> <span class='ocrx_word' id='word_1_283' title='bbox 501 2755 580 2808; x_wconf 84' lang='lat' dir='ltr'>choro</span> <span class='ocrx_word' id='word_1_284' title='bbox 594 2753 735 2826; x_wconf 77' lang='lat' dir='ltr'>plaudente</span> <span class='ocrx_word' id='word_1_285' title='bbox 746 2753 872 2808; x_wconf 81' lang='lat' dir='ltr'>Philetas.</span> <span class='ocrx_word' id='word_1_286' title='bbox 886 2759 936 2809; x_wconf 84' lang='lat' dir='ltr'>Pro</span> <span class='ocrx_word' id='word_1_287' title='bbox 952 2755 1030 2810; x_wconf 85' lang='lat' dir='ltr'>ehoro</span> <span class='ocrx_word' id='word_1_288' title='bbox 1039 2754 1183 2828; x_wconf 76' lang='lat' dir='ltr'>plaudente</span> <span class='ocrx_word' id='word_1_289' title='bbox 1194 2767 1267 2808; x_wconf 89' lang='lat' dir='ltr'>recte</span> 
     </span>
     <span class='ocr_line' id='line_1_30' title="bbox 223 2831 1267 2898; baseline 0 -12"><span class='ocrx_word' id='word_1_290' title='bbox 223 2835 372 2886; x_wconf 80' lang='lat' dir='ltr'>Bernartius</span> <span class='ocrx_word' id='word_1_291' title='bbox 388 2835 455 2886; x_wconf 84' lang='lat' dir='ltr'>Coa:</span> <span class='ocrx_word' id='word_1_292' title='bbox 469 2834 543 2886; x_wconf 83' lang='lat' dir='ltr'>etita</span> <span class='ocrx_word' id='word_1_293' title='bbox 557 2831 630 2886; x_wconf 90' lang='lat' dir='ltr'>editt.</span> <span class='ocrx_word' id='word_1_294' title='bbox 645 2848 766 2898; x_wconf 82' lang='lat' dir='ltr'>vetustae,</span> <span class='ocrx_word' id='word_1_295' title='bbox 779 2837 927 2888; x_wconf 72' lang='lat' dir='ltr'>Parmensis</span> <span class='ocrx_word' id='word_1_296' title='bbox 942 2837 1105 2888; x_wconf 82' lang='lat' dir='ltr'>et.llomana.</span> <span class='ocrx_word' id='word_1_297' title='bbox 1121 2836 1207 2886; x_wconf 82' lang='lat' dir='ltr'>Prima</span> <span class='ocrx_word' id='word_1_298' title='bbox 1220 2853 1267 2886; x_wconf 85' lang='lat' dir='ltr'>eu·</span> 
     </span>
     <span class='ocr_line' id='line_1_31' title="bbox 224 2912 1264 2985; baseline -0.003 -20"><span class='ocrx_word' id='word_1_299' title='bbox 224 2928 276 2966; x_wconf 89' lang='lat' dir='ltr'>tem</span> <span class='ocrx_word' id='word_1_300' title='bbox 291 2915 319 2966; x_wconf 91' lang='lat' dir='ltr'>in</span> <span class='ocrx_word' id='word_1_301' title='bbox 333 2914 396 2966; x_wconf 77' lang='lat' dir='ltr'>caus</span> <span class='ocrx_word' id='word_1_302' title='bbox 408 2925 479 2965; x_wconf 89' lang='lat' dir='ltr'>recta</span> <span class='ocrx_word' id='word_1_303' title='bbox 491 2914 641 2984; x_wconf 85' lang='lat' dir='ltr'>corripitur,</span> <span class='ocrx_word' id='word_1_304' title='bbox 652 2927 682 2966; x_wconf 88' lang='lat' dir='ltr'>nt</span> <span class='ocrx_word' id='word_1_305' title='bbox 696 2913 768 2985; x_wconf 84' lang='lat' dir='ltr'>apud</span> <span class='ocrx_word' id='word_1_306' title='bbox 781 2914 937 2968; x_wconf 86' lang='lat' dir='ltr'>Marcellum</span> <span class='ocrx_word' id='word_1_307' title='bbox 950 2915 1109 2985; x_wconf 81' lang='lat' dir='ltr'>Empiricunr</span> <span class='ocrx_word' id='word_1_308' title='bbox 1121 2912 1154 2964; x_wconf 87' lang='lat' dir='ltr'>de</span> <span class='ocrx_word' id='word_1_309' title='bbox 1167 2912 1264 2965; x_wconf 87' lang='lat' dir='ltr'>Medic.</span> 
     </span>
     <span class='ocr_line' id='line_1_32' title="bbox 168 2989 1267 3065; baseline 0 -21"><span class='ocrx_word' id='word_1_310' title='bbox 168 3033 173 3044; x_wconf 95' lang='lat'>.</span> <span class='ocrx_word' id='word_1_311' title='bbox 223 3011 247 3044; x_wconf 83' lang='lat' dir='ltr'>v.</span> <span class='ocrx_word' id='word_1_312' title='bbox 265 2993 295 3045; x_wconf 82' lang='lat'>5:</span> <span class='ocrx_word' id='word_1_313' title='bbox 314 3016 325 3038; x_wconf 75' lang='lat' dir='ltr'>a</span> <span class='ocrx_word' id='word_1_314' title='bbox 334 2989 467 3064; x_wconf 88' lang='lat' dir='ltr'>Quodque</span> <span class='ocrx_word' id='word_1_315' title='bbox 478 2993 549 3046; x_wconf 86' lang='lat' dir='ltr'>Cous</span> <span class='ocrx_word' id='word_1_316' title='bbox 560 2991 653 3045; x_wconf 88' lang='lat' dir='ltr'>docuit</span> <span class='ocrx_word' id='word_1_317' title='bbox 666 2997 762 3046; x_wconf 78' lang='lat' dir='ltr'>senior.</span> <span class='ocrx_word' id='word_1_318' title='bbox 773 3018 783 3041; x_wconf 87' lang='grc' dir='ltr'>ι</span> <span class='ocrx_word' id='word_1_319' title='bbox 800 2993 867 3045; x_wconf 87' lang='lat' dir='ltr'>Vide</span> <span class='ocrx_word' id='word_1_320' title='bbox 879 2993 1041 3065; x_wconf 81' lang='lat' dir='ltr'>Stephanum</span> <span class='ocrx_word' id='word_1_321' title='bbox 1053 2992 1221 3062; x_wconf 68' lang='lat' dir='ltr'>bysuntinum</span> <span class='ocrx_word' id='word_1_322' title='bbox 1234 2990 1267 3043; x_wconf 88' lang='lat' dir='ltr'>de</span> 
     </span>
     <span class='ocr_line' id='line_1_33' title="bbox 224 3067 1268 3143; baseline -0.001 -20"><span class='ocrx_word' id='word_1_323' title='bbox 224 3070 357 3136; x_wconf 81' lang='lat' dir='ltr'>Urbibus,</span> <span class='ocrx_word' id='word_1_324' title='bbox 366 3073 393 3122; x_wconf 96' lang='lat' dir='ltr'>in</span> <span class='ocrx_word' id='word_1_325' title='bbox 403 3091 467 3124; x_wconf 86' lang='lat' dir='ltr'>voce</span> <span class='ocrx_word' id='word_1_326' title='bbox 477 3073 532 3128; x_wconf 66' lang='lat' dir='ltr'>Kir.</span> <span class='ocrx_word' id='word_1_327' title='bbox 543 3103 578 3114; x_wconf 89' lang='lat'>-·</span> <span class='ocrx_word' id='word_1_328' title='bbox 588 3073 756 3138; x_wconf 79' lang='lat' dir='ltr'>Marcellum,</span> <span class='ocrx_word' id='word_1_329' title='bbox 766 3076 842 3143; x_wconf 87' lang='lat' dir='ltr'>cujus</span> <span class='ocrx_word' id='word_1_330' title='bbox 853 3071 972 3141; x_wconf 80' lang='lat' dir='ltr'>eneruplo</span> <span class='ocrx_word' id='word_1_331' title='bbox 982 3083 1128 3140; x_wconf 75' lang='lat' dir='ltr'>correptam</span> <span class='ocrx_word' id='word_1_332' title='bbox 1138 3067 1268 3139; x_wconf 71' lang='lat' dir='ltr'>syllabam</span> 
     </span>
     <span class='ocr_line' id='line_1_34' title="bbox 224 3147 1266 3226; baseline 0 -25"><span class='ocrx_word' id='word_1_333' title='bbox 224 3149 384 3216; x_wconf 84' lang='lat' dir='ltr'>defendunt,</span> <span class='ocrx_word' id='word_1_334' title='bbox 395 3155 537 3222; x_wconf 84' lang='lat' dir='ltr'>pessimum</span> <span class='ocrx_word' id='word_1_335' title='bbox 547 3173 604 3207; x_wconf 84' lang='lat' dir='ltr'>case</span> <span class='ocrx_word' id='word_1_336' title='bbox 614 3154 745 3226; x_wconf 70' lang='lat' dir='ltr'>prosodia</span> <span class='ocrx_word' id='word_1_337' title='bbox 755 3155 922 3223; x_wconf 77' lang='lat' dir='ltr'>magistrum,</span> <span class='ocrx_word' id='word_1_338' title='bbox 936 3151 992 3222; x_wconf 85' lang='lat' dir='ltr'>quis</span> <span class='ocrx_word' id='word_1_339' title='bbox 1003 3149 1101 3201; x_wconf 71' lang='lat' dir='ltr'>nescit?</span> <span class='ocrx_word' id='word_1_340' title='bbox 1112 3147 1192 3214; x_wconf 89' lang='lat' dir='ltr'>Quod</span> <span class='ocrx_word' id='word_1_341' title='bbox 1202 3169 1266 3201; x_wconf 82' lang='lat' dir='ltr'>vero</span> 
     </span>
     <span class='ocr_line' id='line_1_35' title="bbox 223 3215 1266 3299; baseline 0.002 -19"><span class='ocrx_word' id='word_1_342' title='bbox 223 3230 377 3283; x_wconf 82' lang='lat' dir='ltr'>Parrhasius</span> <span class='ocrx_word' id='word_1_343' title='bbox 397 3237 424 3284; x_wconf 88' lang='lat' dir='ltr'>e&#39;t</span> <span class='ocrx_word' id='word_1_344' title='bbox 443 3235 594 3287; x_wconf 75' lang='lat' dir='ltr'>Bernartius</span> <span class='ocrx_word' id='word_1_345' title='bbox 613 3235 809 3296; x_wconf 80' lang='lat' dir='ltr'>existimarunt,</span> <span class='ocrx_word' id='word_1_346' title='bbox 831 3246 927 3281; x_wconf 86' lang='lat' dir='ltr'>nomen</span> <span class='ocrx_word' id='word_1_347' title='bbox 944 3227 1035 3279; x_wconf 78' lang='lat' dir='ltr'>insule</span> <span class='ocrx_word' id='word_1_348' title='bbox 1050 3225 1129 3296; x_wconf 71' lang='lat' dir='ltr'>longe</span> <span class='ocrx_word' id='word_1_349' title='bbox 1147 3215 1266 3299; x_wconf 72' lang='lat' dir='ltr'>syllaba,</span> 
     </span>
     <span class='ocr_line' id='line_1_36' title="bbox 224 3305 1267 3378; baseline 0.001 -18"><span class='ocrx_word' id='word_1_350' title='bbox 224 3307 296 3361; x_wconf 79' lang='lat' dir='ltr'>brevi</span> <span class='ocrx_word' id='word_1_351' title='bbox 308 3329 370 3362; x_wconf 79' lang='lat' dir='ltr'>vero</span> <span class='ocrx_word' id='word_1_352' title='bbox 383 3322 479 3365; x_wconf 86' lang='lat' dir='ltr'>nomen</span> <span class='ocrx_word' id='word_1_353' title='bbox 492 3317 586 3366; x_wconf 78' lang='lat' dir='ltr'>rivium</span> <span class='ocrx_word' id='word_1_354' title='bbox 601 3314 703 3377; x_wconf 74' lang='lat' dir='ltr'>efferri,</span> <span class='ocrx_word' id='word_1_355' title='bbox 717 3310 745 3364; x_wconf 89' lang='lat' dir='ltr'>ld</span> <span class='ocrx_word' id='word_1_356' title='bbox 760 3311 793 3363; x_wconf 87' lang='lat' dir='ltr'>nb</span> <span class='ocrx_word' id='word_1_357' title='bbox 806 3311 878 3361; x_wconf 88' lang='lat' dir='ltr'>omni</span> <span class='ocrx_word' id='word_1_358' title='bbox 894 3311 996 3360; x_wconf 74' lang='lat' dir='ltr'>ratione</span> <span class='ocrx_word' id='word_1_359' title='bbox 1008 3319 1087 3378; x_wconf 73' lang='lat' dir='ltr'>atque</span> <span class='ocrx_word' id='word_1_360' title='bbox 1104 3322 1153 3359; x_wconf 87' lang='lat' dir='ltr'>usu</span> <span class='ocrx_word' id='word_1_361' title='bbox 1166 3305 1267 3361; x_wconf 83' lang='lat' dir='ltr'>abhor-</span> 
     </span>
     <span class='ocr_line' id='line_1_37' title="bbox 238 3384 1286 3464; baseline 0.002 -25"><span class='ocrx_word' id='word_1_362' title='bbox 238 3401 271 3439; x_wconf 88' lang='lat' dir='ltr'>et.</span> <span class='ocrx_word' id='word_1_363' title='bbox 288 3392 339 3441; x_wconf 84' lang='lat' dir='ltr'>Ceo</span> <span class='ocrx_word' id='word_1_364' title='bbox 350 3390 491 3462; x_wconf 80' lang='lat' dir='ltr'>plaudenti</span> <span class='ocrx_word' id='word_1_365' title='bbox 505 3395 562 3464; x_wconf 84' lang='lat' dir='ltr'>quis</span> <span class='ocrx_word' id='word_1_366' title='bbox 573 3409 664 3444; x_wconf 79' lang='lat' dir='ltr'>seusus</span> <span class='ocrx_word' id='word_1_367' title='bbox 679 3390 769 3458; x_wconf 73' lang='lat' dir='ltr'>affingi</span> <span class='ocrx_word' id='word_1_368' title='bbox 779 3389 863 3459; x_wconf 85' lang='lat' dir='ltr'>possit</span> <span class='ocrx_word' id='word_1_369' title='bbox 877 3387 917 3438; x_wconf 81' lang='lat' dir='ltr'>rel</span> <span class='ocrx_word' id='word_1_370' title='bbox 930 3384 1087 3449; x_wconf 79' lang='lat' dir='ltr'>tolerabilis,</span> <span class='ocrx_word' id='word_1_371' title='bbox 1102 3389 1265 3441; x_wconf 78' lang='lat' dir='ltr'>comminisci</span> <span class='ocrx_word' id='word_1_372' title='bbox 1283 3402 1286 3408; x_wconf 81' lang='grc'>’</span> 
     </span>
     <span class='ocr_line' id='line_1_38' title="bbox 223 3465 1265 3543; baseline 0 -22"><span class='ocrx_word' id='word_1_373' title='bbox 223 3487 339 3541; x_wconf 82' lang='lat' dir='ltr'>nequeo.</span> <span class='ocrx_word' id='word_1_374' title='bbox 351 3471 446 3524; x_wconf 83' lang='lat' dir='ltr'>Plenus</span> <span class='ocrx_word' id='word_1_375' title='bbox 457 3485 497 3525; x_wconf 83' lang='lat' dir='ltr'>est</span> <span class='ocrx_word' id='word_1_376' title='bbox 509 3487 534 3525; x_wconf 89' lang='lat' dir='ltr'>et</span> <span class='ocrx_word' id='word_1_377' title='bbox 547 3473 660 3543; x_wconf 87' lang='lat' dir='ltr'>optimus</span> <span class='ocrx_word' id='word_1_378' title='bbox 671 3471 699 3522; x_wconf 91' lang='lat' dir='ltr'>in</span> <span class='ocrx_word' id='word_1_379' title='bbox 711 3487 776 3520; x_wconf 81' lang='lat' dir='ltr'>voce</span> <span class='ocrx_word' id='word_1_380' title='bbox 788 3469 914 3540; x_wconf 73' lang='lat' dir='ltr'>genuina,</span> <span class='ocrx_word' id='word_1_381' title='bbox 927 3465 1004 3519; x_wconf 80' lang='lat' dir='ltr'>choro</span> <span class='ocrx_word' id='word_1_382' title='bbox 1014 3466 1169 3537; x_wconf 84' lang='lat' dir='ltr'>plaudente,</span> <span class='ocrx_word' id='word_1_383' title='bbox 1182 3469 1265 3522; x_wconf 83' lang='lat' dir='ltr'>choro</span> 
     </span>
     <span class='ocr_line' id='line_1_39' title="bbox 224 3546 1264 3624; baseline 0.002 -25"><span class='ocrx_word' id='word_1_384' title='bbox 224 3549 347 3602; x_wconf 87' lang='lat' dir='ltr'>nimirum</span> <span class='ocrx_word' id='word_1_385' title='bbox 359 3551 489 3624; x_wconf 79' lang='lat' dir='ltr'>Apollinis</span> <span class='ocrx_word' id='word_1_386' title='bbox 500 3564 526 3604; x_wconf 88' lang='lat' dir='ltr'>et</span> <span class='ocrx_word' id='word_1_387' title='bbox 538 3553 688 3616; x_wconf 78' lang='lat' dir='ltr'>Musarum,</span> <span class='ocrx_word' id='word_1_388' title='bbox 703 3549 799 3621; x_wconf 85' lang='lat' dir='ltr'>quibus</span> <span class='ocrx_word' id='word_1_389' title='bbox 811 3547 898 3618; x_wconf 74' lang='lat' dir='ltr'>Elegia</span> <span class='ocrx_word' id='word_1_390' title='bbox 913 3563 940 3600; x_wconf 81' lang='lat' dir='ltr'>se</span> <span class='ocrx_word' id='word_1_391' title='bbox 951 3546 1023 3599; x_wconf 85' lang='lat' dir='ltr'>velut</span> <span class='ocrx_word' id='word_1_392' title='bbox 1037 3547 1165 3600; x_wconf 82' lang='lat' dir='ltr'>decimam</span> <span class='ocrx_word' id='word_1_393' title='bbox 1179 3549 1264 3601; x_wconf 91' lang='lat' dir='ltr'>immi·</span> 
     </span>
     <span class='ocr_line' id='line_1_40' title="bbox 224 3627 1265 3700; baseline 0.001 -22"><span class='ocrx_word' id='word_1_394' title='bbox 224 3630 299 3680; x_wconf 84' lang='lat' dir='ltr'>acuit.</span> <span class='ocrx_word' id='word_1_395' title='bbox 314 3632 342 3680; x_wconf 90' lang='lat' dir='ltr'>ln</span> <span class='ocrx_word' id='word_1_396' title='bbox 359 3632 411 3682; x_wconf 79' lang='lat' dir='ltr'>Coo</span> <span class='ocrx_word' id='word_1_397' title='bbox 422 3629 564 3700; x_wconf 85' lang='lat' dir='ltr'>plaudente</span> <span class='ocrx_word' id='word_1_398' title='bbox 577 3627 705 3680; x_wconf 78' lang='lat' dir='ltr'>herentes</span> <span class='ocrx_word' id='word_1_399' title='bbox 718 3628 792 3678; x_wconf 91' lang='lat' dir='ltr'>obliti</span> <span class='ocrx_word' id='word_1_400' title='bbox 806 3639 877 3678; x_wconf 88' lang='lat' dir='ltr'>certe</span> <span class='ocrx_word' id='word_1_401' title='bbox 887 3627 1113 3694; x_wconf 64' lang='lat' dir='ltr'>themanorum,</span> <span class='ocrx_word' id='word_1_402' title='bbox 1129 3643 1184 3698; x_wconf 73' lang='lat' dir='ltr'>quae</span> <span class='ocrx_word' id='word_1_403' title='bbox 1197 3627 1265 3698; x_wconf 77' lang='lat' dir='ltr'>lege-</span> 
     </span>
     <span class='ocr_line' id='line_1_41' title="bbox 224 3695 1266 3779; baseline 0 -22"><span class='ocrx_word' id='word_1_404' title='bbox 224 3721 283 3760; x_wconf 86' lang='lat' dir='ltr'>rant</span> <span class='ocrx_word' id='word_1_405' title='bbox 294 3711 371 3761; x_wconf 86' lang='lat' dir='ltr'>inltiu</span> <span class='ocrx_word' id='word_1_406' title='bbox 383 3695 504 3760; x_wconf 82' lang='lat' dir='ltr'>carminis</span> <span class='ocrx_word' id='word_1_407' title='bbox 516 3706 657 3759; x_wconf 76' lang='lat' dir='ltr'>elaborati:</span> <span class='ocrx_word' id='word_1_408' title='bbox 673 3711 756 3772; x_wconf 76' lang='lat' dir='ltr'>«Cui,</span> <span class='ocrx_word' id='word_1_409' title='bbox 769 3710 857 3774; x_wconf 75' lang='lat' dir='ltr'>Peon,</span> <span class='ocrx_word' id='word_1_410' title='bbox 869 3724 937 3760; x_wconf 79' lang='lat' dir='ltr'>nova</span> <span class='ocrx_word' id='word_1_411' title='bbox 950 3707 1050 3779; x_wconf 86' lang='lat' dir='ltr'>plectra</span> <span class='ocrx_word' id='word_1_412' title='bbox 1062 3709 1168 3760; x_wconf 81' lang='lat' dir='ltr'>moves?</span> <span class='ocrx_word' id='word_1_413' title='bbox 1178 3709 1266 3760; x_wconf 88' lang='lat' dir='ltr'>Demi-</span> 
     </span>
     <span class='ocr_line' id='line_1_42' title="bbox 224 3785 1264 3860; baseline 0.001 -22"><span class='ocrx_word' id='word_1_414' title='bbox 224 3803 301 3856; x_wconf 70' lang='lat' dir='ltr'>grant</span> <span class='ocrx_word' id='word_1_415' title='bbox 316 3787 442 3840; x_wconf 80' lang='lat' dir='ltr'>Helicone</span> <span class='ocrx_word' id='word_1_416' title='bbox 453 3785 521 3852; x_wconf 75' lang='lat' dir='ltr'>dee,</span> <span class='ocrx_word' id='word_1_417' title='bbox 536 3799 607 3838; x_wconf 75' lang='lat' dir='ltr'>etc·</span> <span class='ocrx_word' id='word_1_418' title='bbox 624 3801 663 3838; x_wconf 85' lang='lat' dir='ltr'>vs.</span> <span class='ocrx_word' id='word_1_419' title='bbox 675 3787 724 3840; x_wconf 78' lang='lat' dir='ltr'>ab:</span> <span class='ocrx_word' id='word_1_420' title='bbox 742 3789 800 3840; x_wconf 75' lang='lat' dir='ltr'>«Te</span> <span class='ocrx_word' id='word_1_421' title='bbox 816 3789 933 3841; x_wconf 79' lang='lat' dir='ltr'>concinit</span> <span class='ocrx_word' id='word_1_422' title='bbox 948 3790 996 3841; x_wconf 82' lang='lat' dir='ltr'>iste</span> <span class='ocrx_word' id='word_1_423' title='bbox 1009 3787 1115 3860; x_wconf 88' lang='lat' dir='ltr'>(pande</span> <span class='ocrx_word' id='word_1_424' title='bbox 1130 3787 1211 3859; x_wconf 80' lang='lat' dir='ltr'>iores)</span> <span class='ocrx_word' id='word_1_425' title='bbox 1224 3799 1264 3852; x_wconf 85' lang='lat' dir='ltr'>te,</span> 
     </span>
    </p>
   </div>
   <div class='ocr_carea' id='block_1_8' title="bbox 224 3865 1360 3940">
    <p class='ocr_par' dir='ltr' id='par_1_8' title="bbox 224 3865 1360 3940">
     <span class='ocr_line' id='line_1_43' title="bbox 224 3865 1360 3940; baseline -0.002 -20"><span class='ocrx_word' id='word_1_426' title='bbox 224 3869 319 3934; x_wconf 79' lang='lat' dir='ltr'>Stella,</span> <span class='ocrx_word' id='word_1_427' title='bbox 332 3867 442 3928; x_wconf 76' lang='lat' dir='ltr'>clrorus3</span> <span class='ocrx_word' id='word_1_428' title='bbox 453 3867 500 3918; x_wconf 90' lang='lat' dir='ltr'>tibi</span> <span class='ocrx_word' id='word_1_429' title='bbox 513 3865 639 3933; x_wconf 71' lang='lat' dir='ltr'>thebas,</span> <span class='ocrx_word' id='word_1_430' title='bbox 653 3879 701 3921; x_wconf 81' lang='lat' dir='ltr'>eto.</span> <span class='ocrx_word' id='word_1_431' title='bbox 714 3893 724 3916; x_wconf 87' lang='grc' dir='ltr'>ι</span> <span class='ocrx_word' id='word_1_432' title='bbox 739 3871 818 3923; x_wconf 80' lang='lat' dir='ltr'>Nunc</span> <span class='ocrx_word' id='word_1_433' title='bbox 829 3886 920 3934; x_wconf 81' lang='lat' dir='ltr'>nemo,</span> <span class='ocrx_word' id='word_1_434' title='bbox 936 3869 1029 3936; x_wconf 82' lang='lat' dir='ltr'>credo,</span> <span class='ocrx_word' id='word_1_435' title='bbox 1043 3869 1188 3936; x_wconf 78' lang='lat' dir='ltr'>dubitabit,</span> <span class='ocrx_word' id='word_1_436' title='bbox 1201 3869 1264 3940; x_wconf 84' lang='lat' dir='ltr'>quin</span> <span class='ocrx_word' id='word_1_437' title='bbox 1356 3879 1360 3887; x_wconf 77' lang='grc'>’</span> 
     </span>
    </p>
   </div>
   <div class='ocr_carea' id='block_1_9' title="bbox 225 3947 1265 4026">
    <p class='ocr_par' dir='ltr' id='par_1_9' title="bbox 225 3947 1265 4026">
     <span class='ocr_line' id='line_1_44' title="bbox 225 3947 1265 4026; baseline -0.002 -25"><span class='ocrx_word' id='word_1_438' title='bbox 225 3951 368 4019; x_wconf 69' lang='lat' dir='ltr'>genuinum</span> <span class='ocrx_word' id='word_1_439' title='bbox 380 3948 415 4000; x_wconf 85' lang='lat' dir='ltr'>sit</span> <span class='ocrx_word' id='word_1_440' title='bbox 424 3947 502 4002; x_wconf 81' lang='lat' dir='ltr'>ebora</span> <span class='ocrx_word' id='word_1_441' title='bbox 509 3947 663 4021; x_wconf 67' lang='lat' dir='ltr'>plaudam,-</span> <span class='ocrx_word' id='word_1_442' title='bbox 676 3953 718 4005; x_wconf 86' lang='lat' dir='ltr'>cui</span> <span class='ocrx_word' id='word_1_443' title='bbox 728 3967 798 4007; x_wconf 88' lang='lat' dir='ltr'>certe</span> <span class='ocrx_word' id='word_1_444' title='bbox 807 3951 885 4006; x_wconf 82' lang='lat' dir='ltr'>elium</span> <span class='ocrx_word' id='word_1_445' title='bbox 896 3951 990 4006; x_wconf 80' lang='lat' dir='ltr'>celesti</span> <span class='ocrx_word' id='word_1_446' title='bbox 999 3948 1208 4026; x_wconf 63' lang='lat' dir='ltr'>perplacuiseent</span> <span class='ocrx_word' id='word_1_447' title='bbox 1218 3951 1265 4000; x_wconf 75' lang='lat' dir='ltr'>ore</span> 
     </span>
    </p>
   </div>
   <div class='ocr_carea' id='block_1_10' title="bbox 225 4024 1264 4106">
    <p class='ocr_par' dir='ltr' id='par_1_10' title="bbox 225 4024 1264 4106">
     <span class='ocr_line' id='line_1_45' title="bbox 225 4024 1264 4106; baseline -0.002 -25"><span class='ocrx_word' id='word_1_448' title='bbox 225 4027 358 4098; x_wconf 84' lang='lat' dir='ltr'>qnondam</span> <span class='ocrx_word' id='word_1_449' title='bbox 377 4029 529 4098; x_wconf 84' lang='lat' dir='ltr'>Musarum,</span> <span class='ocrx_word' id='word_1_450' title='bbox 547 4031 618 4085; x_wconf 86' lang='lat' dir='ltr'>Cone</span> <span class='ocrx_word' id='word_1_451' title='bbox 634 4030 746 4086; x_wconf 80' lang='lat' dir='ltr'>Philetas</span> <span class='ocrx_word' id='word_1_452' title='bbox 763 4047 788 4088; x_wconf 88' lang='lat' dir='ltr'>et</span> <span class='ocrx_word' id='word_1_453' title='bbox 804 4033 981 4088; x_wconf 74' lang='lat' dir='ltr'>Callimachus</span> <span class='ocrx_word' id='word_1_454' title='bbox 997 4029 1151 4106; x_wconf 64' lang='lat' dir='ltr'>Epi-eneas,</span> <span class='ocrx_word' id='word_1_455' title='bbox 1163 4024 1264 4084; x_wconf 78' lang='lat' dir='ltr'>Umber</span> 
     </span>
    </p>
   </div>
   <div class='ocr_carea' id='block_1_11' title="bbox 0 0 1400 4484">
    <p class='ocr_par' dir='ltr' id='par_1_11' title="bbox 0 0 1400 4484">
     <span class='ocr_line' id='line_1_46' title="bbox 0 0 1400 4484; baseline 0 0"><span class='ocrx_word' id='word_1_456' title='bbox 0 0 1400 4484; x_wconf 95' lang='lat' dir='ltr'> </span> 
     </span>
    </p>
   </div>
  </div>
 </body>
</html>
