2824 4488
184 294 247 362 362
363 295 499 358 NOTAE
522 296 571 358 ΙΝ
595 293 792 358 ΟΔΒΜΕΝ
817 295 1044 362 TERTIUM

182 423 254 492 ipse,
266 422 305 472 Dc
316 419 444 486 Oratore,
457 420 507 486 111,
521 421 566 488 dr,
577 418 731 491 usurpanda
745 438 801 472 esse
812 417 891 474 docet
904 420 1011 491 quaudo
1024 421 1161 482 translatio
1174 423 1221 478 du-

182 503 235 552 rior
247 501 363 554 videtur:
379 525 390 550 ι
401 501 427 554 si
436 519 542 553 vereare
554 520 588 554 ue
599 500 691 573 paullo
702 501 795 554 durior
804 501 942 554 translatio
952 520 1009 554 esse
1020 503 1147 570 videatur,
1158 506 1224 558 mol-

181 580 267 632 lienda
280 595 320 634 est
331 583 473 653 praeposito
485 600 553 651 sape
565 580 661 634 verbo:
674 595 705 634 ut
716 583 737 633 si
751 581 830 647 olim,
843 585 881 636 M.
894 583 994 636 Catone
1005 599 1125 652 mortuo,
1138 587 1225 658 Pupil·

182 660 235 710 lum
249 660 374 712 Senatum
389 664 448 734 quis
462 660 582 712 relictum
598 661 713 728 diceret,
726 661 816 732 paullo
833 661 937 724 durium
955 664 1010 729 sin,
1027 676 1056 714 ut
1070 666 1106 716 ita
1122 664 1224 729 dicam,

181 738 327 808 Pupillum,
342 738 476 811 aliquanto
489 741 607 792 mitius·
622 741 680 792 lant
692 759 755 792 sero
768 758 839 792 meus
850 759 897 794 seu
909 740 1011 792 animus
1024 759 1103 814 sapas
1116 763 1171 796 uon
1185 757 1224 794 est

182 815 273 869 durior
286 819 438 885 translatio,
450 819 496 872 sed
508 822 603 872 usitata
618 820 735 880 locutio;
749 832 777 870 ut
789 839 821 871 ex
831 821 953 872 Lucretio
966 835 991 872 et
1004 820 1127 892 exemplis
1140 823 1224 874 allatis

182 893 271 959 vides;
290 911 316 948 et
332 897 442 968 proinde
457 917 512 950 non
530 916 597 969 opus
614 899 665 950 fuit
682 913 710 950 ut
727 897 776 950 bac
792 900 967 952 exornationis
983 899 1097 952 turmula
1109 913 1226 954 uteretur

182 977 282 1030 Cicero.
298 977 349 1032 Sed
363 978 435 1030 aliud
447 978 524 1040 latet;
542 991 568 1030 et
580 979 684 1050 scripsit
695 978 813 1044 Tullius,
828 979 1038 1048 :celerrimeque
1051 979 1132 1032 multa
1147 979 1225 1032 simul

183 1056 341 1124 agitantem,
359 1071 400 1124 et,
420 1071 449 1110 ut
461 1060 499 1109 ita
511 1058 613 1124 dicam,
627 1072 786 1128 satagacem.
797 1081 809 1104 ι
827 1061 867 1112 En
880 1058 928 1110 tibi
942 1077 1039 1110 novam
1052 1078 1145 1112 vocem
1162 1059 1224 1112 celo

182 1138 275 1190 huno
289 1137 427 1190 donatam:
446 1157 524 1211 wana
539 1138 739 1191 introducturus
755 1139 849 1190 Cicero
864 1139 1015 1208 prolatione
1028 1158 1055 1190 se
1069 1142 1163 1192 munit.
1175 1141 1224 1194 Sa·

183 1227 261 1289 tapes
272 1228 311 1268 cst
323 1217 449 1289 quicquid
459 1219 542 1270 multo
555 1218 689 1284 discursu,
703 1233 728 1270 et
740 1221 885 1286 anxietate,
896 1231 922 1270 et
934 1237 1025 1270 omues
1036 1219 1159 1290 strophas
1171 1239 1225 1272 ver·

183 1311 255 1362 tens,
264 1297 364 1368 aliquid
374 1301 442 1368 agit:
456 1299 589 1368 eleganter
599 1313 624 1350 et
634 1298 771 1369 analogice
780 1300 893 1349 formata
904 1318 966 1350 vox:
978 1313 1008 1349 ut
1017 1301 1086 1350 enim
1095 1319 1110 1351 a
1120 1319 1224 1371 sperato,

183 1376 235 1442 nis,
248 1377 277 1426 fit
287 1396 412 1448 spernam
423 1397 437 1428 a
449 1391 545 1442 sterno,
558 1380 610 1445 ais,
620 1389 736 1438 stentem
748 1377 781 1428 ab
791 1395 862 1443 emo,
876 1396 966 1438 ernam
977 1397 990 1427 a
1003 1377 1100 1441 ventio,
1112 1380 1225 1440 uetadun

184 1474 200 1506 a
214 1466 273 1527 tago
286 1457 410 1528 (antiqua
421 1476 472 1528 pro
484 1456 592 1530 tango),
605 1468 698 1529 tapam
711 1473 725 1507 a
732 1455 820 1527 fallo,
829 1455 935 1527 fallax,
949 1469 976 1508 et
986 1455 1096 1520 similia,
1110 1458 1146 1508 ita
1159 1475 1173 1509 a
1185 1477 1225 1512 ta-

184 1548 258 1607 tapo,
267 1539 321 1608 pis,
335 1549 450 1609 sataque.
464 1539 550 1590 Notus
562 1537 606 1588 ille
620 1539 729 1590 Domitii
738 1537 796 1588 Afri
808 1537 834 1586 in
849 1535 899 1588 lrae
910 1555 975 1588 voce
987 1539 1078 1606 jocus,
1093 1555 1171 1609 quem
1187 1556 1227 1590 re·

184 1615 235 1668 sert
248 1618 440 1685 Quintilianus,
458 1621 544 1672 lastit.
557 1620 608 1684 v1,
622 1621 653 1671 3:
673 1617 757 1670 anser
770 1619 839 1668 euim
853 1629 962 1670 venuste
974 1617 1101 1670 Manlium
1118 1619 1226 1682 Suram,

185 1695 295 1750 multum
311 1701 338 1750 in
354 1698 457 1770 agendo
472 1697 679 1761 discursantem‚
695 1698 846 1761 salientem,
859 1713 952 1748 manus
964 1699 1124 1766 jactantem,
1139 1711 1227 1768 togam

184 1775 350 1844 dejicientem
368 1794 394 1832 et
412 1793 600 1850 reponentem,
619 1798 672 1830 non
692 1797 769 1849 agere
786 1777 867 1843 dixit,
886 1776 932 1830 sed
948 1792 1083 1848 satagera3
1101 1791 1142 1830 est
1159 1779 1228 1832 euim

185 1855 284 1908 dictum
301 1876 349 1928 per
364 1878 393 1912 ae
410 1859 557 1924 urbanum,
571 1873 707 1929 satagere,
724 1859 836 1911 etiamsi
853 1857 923 1908 nulla
938 1856 1024 1910 subsit
1035 1857 1144 1910 alterius
1157 1857 1228 1910 verbi

185 1935 359 1988 similitudo.»
376 1939 510 1990 Ciceronis
524 1955 629 1990 sensum
641 1940 669 1988 iu
684 1956 752 1992 nova
765 1936 816 1992 hac
827 1955 894 1988 voce
906 1935 972 1990 nihil
989 1935 1083 1990 melius
1099 1935 1227 2007 explicare

184 2017 274 2084 potuit
284 2035 363 2086 quam
376 2020 425 2070 iste
436 2017 593 2085 Quintiliani
605 2017 690 2070 locus.

218 2093 339 2147 Tandem
352 2099 379 2148 in
394 2099 574 2167 conjecturam
590 2096 688 2164 incidi,
707 2115 787 2168 quam
804 2115 853 2168 pro
870 2114 949 2150 manu
964 2097 1039 2150 Statii
1057 2116 1132 2168 pune
1146 2099 1228 2150 ausim

184 2174 328 2228 venditare.
341 2178 379 2230 Ea
392 2193 444 2230 est:
463 2178 552 2248 avigil
566 2180 636 2250 ipse,
648 2181 791 2250 animoque
803 2179 891 2248 sagaci
902 2178 1025 2242 Excitus,
1036 2178 1136 2231 evolvis
1148 2195 1230 2249 quan-

186 2265 257 2318 tum,
273 2267 345 2306 etc·
362 2255 476 2326 Vulgata
493 2270 552 2308 est:
577 2257 669 2327 «Vigil
688 2258 737 2309 iste
755 2259 887 2327 animique
907 2257 1009 2326 sagacis
1025 2255 1115 2308 Exitus
1134 2256 1230 2308 evolvit

186 2349 333 2405 quantum,
346 2349 395 2389 etc.
407 2361 417 2384 n
433 2356 492 2408 quae
506 2351 545 2390 est
557 2340 703 2391 Parmensis
715 2337 803 2391 lectio.
821 2339 876 2404 Tu,
888 2339 995 2389 Etrusca
1006 2337 1105 2406 (iuquit
1117 2336 1228 2396 Statius;

186 2432 275 2468 senem
290 2421 359 2470 enim
373 2418 517 2489 alloquitur
529 2434 556 2472 et
567 2438 647 2491 supra
662 2433 688 2474 et
701 2419 798 2490 infra),
811 2417 876 2492 viqii
885 2429 911 2470 et
921 2420 1018 2472 excitus
1026 2419 1112 2492 requei
1122 2418 1228 2480 animo,

186 2494 282 2547 evolvis
296 2511 438 2570 quantum,
456 2515 506 2551 etc.
524 2501 582 2572 Ipse
594 2519 644 2572 pro
661 2503 721 2565 iste,
739 2519 796 2571 quae
810 2501 917 2552 minima
935 2511 975 2551 eat
988 2500 1106 2552 mutatio.
1124 2498 1229 2549 Excitat

186 2575 276 2627 animo
288 2580 388 2652 soqaci,
405 2592 436 2632 ut
447 2579 519 2651 apud
530 2582 621 2634 Senes.
637 2579 744 2651 Hippoi.
758 2599 782 2632 v.
799 2580 880 2630 1082:
898 2578 988 2630 «Turn
1000 2595 1063 2628 vero
1076 2575 1172 2647 pavida
1185 2595 1230 2628 su·

186 2656 293 2727 nipedes
306 2671 394 2710 utente
406 2663 484 2712 exciti
494 2663 606 2733 Imperia
621 2661 726 2714 solvunt
735 2682 764 2723 μ
780 2661 825 2732 qui
838 2659 914 2711 loeus
928 2658 992 2710 inihi
1006 2658 1075 2712 hauc
1087 2660 1231 2711 correctio-

186 2755 245 2788 nem
258 2741 359 2808 primus
371 2741 498 2809 firmavit,
513 2743 574 2795 licet
588 2742 689 2796 dudum
701 2747 737 2796 ita
751 2743 932 2812 conjecissem.
947 2739 1012 2792 Vide
1025 2741 1090 2792 Stat.
1102 2737 1231 2794 Thebaid.

186 2819 233 2882 Ill,
245 2815 306 2886 598.
319 2819 397 2873 ovid,
409 2823 517 2874 Metam.
530 2825 568 2887 11,
581 2839 646 2892 779,
662 2822 738 2876 -Nee
750 2822 847 2873 fruitur
858 2837 967 2883 somno,
979 2818 1135 2888 vigilacibus
1147 2818 1231 2870 excita

187 2899 264 2949 curis.
274 2921 285 2946 a
294 2900 331 2952 Er
342 2899 394 2952 boe
402 2919 481 2954 versu
489 2921 596 2956 sensum
606 2921 683 2956 suurn
693 2905 791 2954 Noster
798 2899 901 2953 videtur
911 2900 1042 2952 sumsisse.
1051 2901 1127 2952 Potes
1138 2899 1232 2960 edant,

187 2975 315 3047 vigilans,
331 2980 372 3032 vel
388 2980 486 3052 vigilax
501 2984 641 3054 animoque
655 2982 741 3054 sagaci
754 2982 877 3041 Excitor.-
895 2979 941 3032 sed
955 2980 1036 3049 magis
1054 2977 1143 3049 placet
1157 2979 1232 3047 prior

187 3059 350 3123 conjectura.
363 3061 395 3112 Et
410 3080 473 3114 saue
484 3065 578 3116 Venet.
592 3061 672 3114 habet
687 3063 809 3125 Excitat,
823 3075 850 3112 et
863 3060 979 3132 vigilite.

226 3215 283 3279 ¹04.
304 3218 368 3284 Quoe
377 3220 476 3270 Diuum
489 3221 517 3270 iu
529 3219 617 3272 vultus
627 3220 683 3289 igni
689 3218 835 3289 sumenda
847 3219 970 3292 liquescat
982 3219 1084 3270 Masso:
1101 3217 1166 3289 quid
1178 3217 1233 3270 Au-

185 3292 264 3343 sonioe
277 3296 401 3366 seriptum
419 3308 503 3369 crepet
521 3300 581 3370 ipae
597 3309 717 3350 monete.
737 3301 765 3350 ln
781 3300 869 3372 priore
884 3317 961 3354 versu
981 3300 1038 3372 iqui
1055 3300 1168 3368 ponitur
1186 3313 1232 3367 pro

187 3373 259 3442 ique,
272 3375 445 3445 antiquorum
458 3397 540 3429 more.
553 3379 651 3430 Sumsit
663 3379 761 3430 Noster
772 3397 805 3432 ex
816 3379 887 3449 Virg.
901 3378 986 3448 eclog.
998 3377 1072 3441 Vlll,
1085 3377 1134 3430 80:

372 3483 450 3527 Limus
459 3493 485 3528 ut
493 3481 532 3527 lrit
542 3483 653 3540 durescit,
664 3495 687 3530 et
696 3483 745 3532 hacc
754 3497 780 3532 ut
789 3503 841 3532 cera
849 3486 957 3548 liquescit

373 3553 426 3597 Uuo
436 3553 566 3616 eodemque
576 3557 623 3618 igni
632 3575 639 3612 ;
649 3558 682 3602 sic
692 3569 772 3604 nostro
782 3558 886 3620 Daphnis
895 3571 988 3607 amores

187 3651 257 3720 Virg.
271 3667 301 3700 cx
314 3649 452 3716 Lucretio,
462 3653 509 3716 Vl,
522 3651 589 3720 514:

372 3759 468 3806 lllittual
476 3759 598 3809 hamorem
609 3762 728 3825 pluvium,
739 3763 869 3828 stillantque
880 3764 944 3828 quasi
954 3763 999 3824 igni

372 3831 430 3876 Cera
439 3847 509 3894 super
518 3832 593 3880 calido
604 3835 725 3884 tabescens
734 3833 807 3882 multa
817 3835 938 3898 liquescat.

188 3929 267 3981 llucte
281 3931 360 4000 igitur
373 3932 428 4002 iqui
442 3931 566 4006 liquescat
580 3936 605 3985 iu
621 3937 706 4006 priano
723 3936 796 3988 Statii
813 3952 905 3994 versu,
921 3931 992 3982 undo
1011 3932 1095 4001 arrugia
1113 3941 1234 4000 suspiria

188 4012 307 4064 redditur
320 4033 369 4066 vox
384 4015 456 4087 ipae,
468 4018 494 4068 iu
507 4019 642 4087 sequenti;
657 4017 774 4070 abundat
789 4019 867 4068 etiarn
879 4011 905 4066 ri
919 4016 994 4086 iprae,⁴
1013 4014 1076 4064 satis
1094 4014 1165 4064 rniur
1181 4021 1235 4062 erat

1398 530 1405 681 l
