2858 4492
184 315 248 378 252
436 317 469 377 P.
496 316 530 376 P.
556 314 709 379 STATll
734 313 975 380 SlLVARUM

183 444 293 509 Litore
305 443 455 534 virgineo
466 441 584 509 Thetis
597 441 778 509 occultavit
787 438 968 509 Achillem:

183 557 251 620 Nec
262 555 389 620 circum
401 555 480 620 saevi
491 552 675 644 fugientem
687 555 808 620 moenia
823 551 936 620 Phoebi

182 661 321 729 Troilon
334 666 493 730 AEmoniae
504 661 683 754 deprendit
693 660 808 729 lancea
820 659 958 728 dextrae.

228 771 344 856 Qualis
356 796 444 852 eras,
456 770 574 865 procul
586 769 670 839 heu!
686 775 815 838 cunctis
828 774 1010 866 puerisque
1021 775 1168 868 virisque

183 882 368 968 Pulchrior,
381 901 414 952 et
425 901 557 951 tantum
569 882 708 951 domino
720 885 847 950 minor!
862 881 953 950 illius
965 907 1053 952 unus
1194 901 1228 952 35

183 1003 269 1063 Ante
281 995 393 1078 decor,
406 1011 571 1089 quantum
583 993 743 1088 praecedit
753 993 843 1062 clara
855 997 1004 1062 minores

183 1110 279 1172 Luna
290 1105 394 1187 faces,
409 1122 642 1199 quantumque
654 1104 737 1173 alios
749 1107 873 1197 premit
884 1108 1054 1198 Hesperus
1066 1109 1170 1198 ignes.

184 1218 258 1282 Non
270 1215 330 1281 tibi
342 1215 526 1282 femineum
539 1214 634 1283 vultu
647 1216 766 1298 decus,
780 1240 906 1310 oraque
918 1240 1019 1309 supra

179 1322 296 1392 Mollis
308 1325 414 1394 honos
426 1324 557 1421 (quales
570 1327 681 1394 duhiae
693 1325 888 1394 discrimina
897 1327 1012 1394 formae

184 1439 232 1500 De
244 1456 326 1500 sexu
337 1439 480 1504 transire
489 1434 638 1529 jubent);
651 1460 823 1529 parvoque
835 1435 937 1503 virilis

184 1547 313 1623 Gratia,
327 1569 389 1612 nec
400 1544 555 1640 petulans
567 1549 670 1630 acieS,
683 1543 866 1641 blandique
877 1569 992 1613 severo

186 1661 268 1748 Igne
279 1657 366 1725 oculi
378 1659 501 1754 (qualis
514 1658 610 1728 bellis
619 1657 689 1751 jem
702 1657 832 1726 casside
843 1661 944 1726 missa

187 1768 446 1862 Parthenopaeus
459 1776 559 1858 erat);
573 1771 784 1865 simplexque
795 1770 935 1838 horrore
946 1769 1066 1838 decoro

186 1879 309 1961 Crinis‚
323 1895 357 1948 et
367 1881 513 1949 obsessae
525 1880 693 1964 nondum,
706 1884 884 1975 primoque
896 1883 1056 1948 micantes

187 1986 284 2056 Flore
296 2014 400 2082 geuae.
413 1991 529 2059 Talem
542 1994 653 2061 Ledeo
665 1997 795 2086 gurgite
807 1991 933 2086 pubem
1199 2005 1232 2070 45

187 2097 316 2167 Educet
326 2105 483 2186 Eurotas3
495 2105 601 2170 teneri
615 2105 662 2172 sic
673 2105 804 2195 integer
814 2105 876 2170 aevi

188 2209 262 2279 Elin
275 2213 358 2295 adit,
372 2215 567 2310 primosque
578 2220 596 2282 J
599 2219 652 2284 ovi
663 2239 748 2308 puer
759 2213 924 2309 approbat
935 2237 1052 2280 anuos.

187 2436 243 2488 vius
255 2435 337 2490 edidit
348 2453 495 2493 caventem:
508 2444 535 2493 iu
545 2445 636 2496 erratis
650 2455 687 2494 te·
731 2469 764 2478 —
776 2441 824 2492 Pro
836 2458 903 2504 eras,
917 2438 976 2490 Ald.
989 2449 1060 2499 ernt,·
1071 2436 1132 2488 edit.
1146 2437 1232 2507 princ.

187 2532 248 2566 men
258 2520 353 2588 reponi
361 2517 417 2571 vult
426 2533 568 2573 canentem.
579 2551 612 2560 -
620 2520 686 2573 Cod.
732 2540 745 2569 e
756 2521 862 2572 cuncn's.
882 2520 914 2570 A.

188 2594 246 2645 Par·
259 2597 299 2648 ed.
313 2618 353 2669 pr.
367 2611 510 2652 canentem.
531 2603 561 2652 A.
768 2596 810 2652 36.
820 2599 954 2651 Proecedit.
962 2595 1009 2647 Ed.
1019 2614 1058 2666 pr.
1065 2593 1189 2665 procedit.
1198 2595 1231 2644 A.

228 2673 270 2728 33.
290 2677 340 2728 Pro
357 2677 506 2748 deprendit,
524 2679 565 2731 cd.
580 2699 621 2752 pr.
637 2694 688 2733 trc-
768 2679 811 2747 39.
844 2677 937 2748 Quales
963 2675 1047 2726 dubio!
1074 2673 1232 2726 discrimina.

81 2758 91 2768 ”
181 2759 255 2832 Ῑθσὶῗ·
275 2760 306 2809 Α·
733 2757 799 2810 Cod.
826 2758 905 2808 Paris.
929 2753 989 2807 edd.
1013 2757 1097 2824 princ.
1123 2751 1182 2802 Ald.
1208 2765 1234 2802 et

224 2839 268 2906 34.
287 2837 376 2908 Qualis
385 2840 690 2910 eratprocullteulcun-
734 2849 785 2888 vot.
812 2835 896 2907 qualis
922 2833 1004 2885 dubie
1029 2843 1087 2904 post
1113 2830 1233 2881 crimina.

189 2922 236 2973 ctis
253 2917 391 2992 puerisque
409 2918 519 2990 virisque
539 2916 690 2970 Pulchrior!
734 2915 793 2968 Vid.
814 2929 869 2968 not.
890 2917 919 2966 Δ.

190 2999 349 3064 Parmensis,
365 2996 439 3049 Talis
453 3015 507 3050 eras
524 2995 617 3068 procul
630 2997 688 3046 En:
770 2995 813 3062 4ο.
832 2997 881 3046 Pro
893 3009 1024 3066 parvoque
1034 2989 1175 3042 Parmensis
1186 2987 1238 3040 ha-

190 3081 322 3141 ltamma,
342 3076 431 3146 Qualis
448 3096 502 3129 eras
518 3074 611 3148 procul
625 3075 690 3135 leu5
735 3077 780 3129 het
799 3087 934 3148 torvaque,·
951 3075 1080 3138 Romana,
1095 3081 1234 3140 toruoque:

190 3171 216 3208 et
229 3157 282 3208 hoo
292 3175 398 3222 uerum,
411 3175 465 3208 eras
476 3175 529 3208 non
542 3168 610 3206 emt:
624 3171 691 3224 pue-
735 3173 883 3227 perperam.
896 3181 931 3192 -
944 3150 1010 3202 Cod.
1025 3151 1083 3201 Par.
1097 3157 1235 3221 toruoque,

190 3251 248 3284 rum
260 3234 329 3284 enim
337 3235 393 3302 jam
406 3232 561 3305 alloquitur,
574 3246 602 3283 ut
614 3250 689 3295 mox,
736 3247 763 3286 et
776 3248 851 3287 emat
865 3238 893 3287 iu
906 3233 1029 3301 margine.
1045 3228 1113 3281 Edit.
1129 3247 1168 3300 pr.
1184 3237 1237 3279 tor·

194 3312 274 3361 allon
287 3308 334 3360 u'bi
344 3310 487 3362 femineum
495 3310 568 3362 vultu
578 3310 687 3362 decus·
737 3333 827 3386 voque.
847 3313 878 3364 A.

191 3386 313 3440 Notanda
323 3407 383 3440 vero
391 3407 442 3439 vox
446 3389 556 3463 procul,
566 3407 622 3461 quae
630 3407 691 3440 cum
771 3392 814 3458 la.
834 3395 964 3444 Parmeno.
982 3402 1009 3441 et
1019 3391 1095 3440 llom.
1110 3405 1160 3460 pro
1174 3385 1238 3438 belli

191 3467 370 3536 comparativo
385 3467 513 3535 significet
525 3465 617 3539 lonpc:
629 3484 690 3537 pro·
735 3470 834 3524 habent
846 3471 931 3532 belim
943 3471 1018 3521 missa
1030 3470 1108 3520 etiam
1121 3464 1239 3530 casside,

191 3543 235 3596 cul
243 3542 381 3615 pulchrior
390 3563 440 3618 pro
454 3545 531 3619 lonpe
540 3546 690 3617 pulchrion·
735 3568 784 3622 pro
795 3550 862 3618 visu,
875 3569 905 3602 ex
915 3548 969 3600 Ms.
982 3547 1091 3600 Senensi
1103 3563 1239 3616 reponen-

191 3626 227 3675 ita
240 3641 318 3692 supra
330 3641 396 3675 vers.
410 3625 442 3676 6:
461 3637 651 3677 «arctetameu
665 3639 690 3678 et
736 3629 809 3681 dum.
823 3659 859 3667 —
873 3630 952 3680 Missa
970 3641 1009 3679 est
1027 3628 1054 3677 iu
1072 3643 1154 3694 marg.
1170 3623 1239 3675 cod.

194 3701 285 3775 procul
293 3702 463 3754 intratAltius
471 3705 498 3755 iu
506 3721 690 3777 sensus;npro
736 3710 815 3761 Pario.
836 3709 958 3780 quicum
977 3706 1054 3760 Cruc]
1075 3704 1157 3757 habet
1175 3703 1238 3756 uite.

194 3784 270 3857 lonqe
283 3783 368 3836 altius.
383 3783 467 3835 Etiam
485 3786 542 3836 eine
556 3803 692 3856 compara-
738 3787 784 3840 Ed.
802 3806 843 3857 pr.
863 3786 933 3847 visu,
953 3784 1013 3838 Ald.
1032 3785 1093 3839 uisa.
1113 3787 1242 3836 l‘rarterea

195 3862 535 3932 tivoinSurreut.l³ollii‚v.
545 3864 591 3918 83:
608 3866 692 3918 nante
739 3865 800 3919 belli
811 3885 860 3938 pro
873 3864 984 3918 bellicio
997 3864 1056 3917 illd.
1075 3865 1106 3915 A.

196 3959 282 3998 tamen
297 3957 406 3997 cunctae
421 3943 514 4016 procul
530 3946 627 3998 eminet
641 3965 691 3998 uua
773 3946 815 4014 43.
835 3945 956 3996 Horrore.
976 3944 1016 3996 Sic
1031 3942 1097 3995 Cod.
1116 3944 1197 3994 Paris.
1214 3943 1244 3994 in

195 4023 285 4078 diates
294 4049 299 4088 ς
309 4051 318 4072 ι
329 4025 355 4076 irl
365 4039 414 4091 est,
422 4025 498 4098 lonpe
506 4040 566 4078 arno
575 4041 690 4078 cunctas.
738 4045 817 4096 marg.
832 4027 906 4093 cujus
918 4023 1013 4092 legitur
1025 4027 1118 4072 errore(
