2824 4488
354 312 1052 513 SILVARUM

441 707 627 798 LIBER
657 702 963 817 QUARTUS.

505 1225 567 1289 tn
591 1225 903 1312 uincentum.

620 1479 782 1498 ι*

185 1754 308 1857 lovem
332 1787 476 1872 librum,
499 1789 658 1858 Marcelle
682 1795 870 1877 carissime,
894 1818 996 1889 quem
1019 1798 1135 1889 pietati
1159 1811 1227 1866 tuae

183 1900 384 1970 dedicarem.
407 1907 495 1970 Reor
510 1901 668 1999 equidem
685 1903 781 1973 aliter
796 1931 899 2001 quom
914 1909 1069 1976 invocato
1086 1911 1227 1976 numine

182 2014 320 2080 maximi
339 2017 553 2106 Imperatoris
571 2011 704 2081 nullum
720 2015 922 2107 opuseulum
940 2041 1055 2086 meum
1073 2020 1224 2110 ooepisoe.

183 2121 246 2189 Sed
257 2121 312 2190 hic
320 2119 405 2190 liber
413 2138 481 2190 tres
491 2120 602 2191 habet.
614 2126 771 2220 Sequitur
778 2143 914 2220 quarta,
925 2151 1001 2222 quae
1009 2127 1052 2196 ad
1064 2127 1228 2200 honorem

184 2248 282 2300 tuum
295 2236 449 2326 pertinet.
471 2236 583 2304 Primo
594 2251 708 2304 nutem
719 2241 901 2330 septimum
912 2239 1081 2310 decimum
1092 2243 1228 2310 Germe-
1263 2269 1278 2324 ς

524 2474 640 2522 VARIAE
664 2474 885 2525 Lectiones.

220 2614 243 2650 α.
263 2599 330 2651 Reor
339 2597 442 2670 quidem
453 2597 531 2652 aliter
541 2619 628 2673 quam.
643 2601 683 2652 lte
727 2614 779 2666 eet,
788 2615 819 2654 ut
827 2602 878 2656 hoe
888 2599 1015 2656 silvarum
1024 2602 1120 2670 libror,
1129 2601 1227 2655 nedum

183 2674 282 2748 plures.
299 2679 432 2730 Permene.
450 2679 539 2731 uReor
558 2677 683 2751 equidem
726 2680 864 2736 Thebaida
885 2695 911 2735 et
930 2681 1092 2750 thffleffln,
1113 2682 1233 2754 opusculi

184 2755 260 2808 eliter
272 2775 365 2828 quem,
377 2771 447 2810 etc.»
461 2757 533 2830 quod
543 2757 684 2810 edmiei.-
726 2764 834 2816 nomine
847 2761 1005 2815 diminutum
1020 2764 1076 2814 iret
1092 2761 1167 2814 Latet
1181 2760 1229 2813 eli-

184 2833 251 2888 cod.
261 2835 342 2888 Paris.
354 2855 369 2888 e
379 2837 466 2907 prima
477 2855 556 2889 menn
568 2835 682 2908 quiderm
728 2836 793 2908 quid
806 2837 881 2912 quod
893 2857 949 2891 non
960 2857 1070 2910 possum
1082 2857 1183 2890 eruere.
1192 2866 1229 2878 -

185 2931 217 2968 ex
239 2913 439 2983 emendatione,
459 2915 597 2989 equidem
618 2913 681 2967 edit.
727 2915 793 2969 God.
806 2920 864 2969 Par.
882 2916 923 2969 ed.
939 2937 980 2989 pr.
999 2915 1104 2969 notium
1118 2933 1228 2988 optaren-

182 3011 224 3065 pr.
234 2995 347 3066 quidem.
366 2994 398 3046 A.
729 2993 783 3047 ium
796 2996 911 3048 inveniri
921 2997 1030 3069 rupisse.
1049 2995 1081 3047 Α.

219 3073 244 3126 3.
263 3071 536 3146 Nultumopueutum
543 3067 684 3127 meuirrooe·
764 3075 789 3142 4.
808 3077 860 3130 Sed
870 3075 913 3128 tie
927 3075 993 3128 liber
1006 3087 1054 3129 tres
1068 3075 1151 3126 tabet.
1163 3077 1228 3128 Tres

182 3153 683 3226 pitteltuomneeeditt.praeterl‘arm.
728 3152 1230 3226 quae?nihilenimpraeoeditcuijungi

183 3241 209 3284 et
219 3225 296 3283 R'om.
310 3249 367 3302 que
377 3229 493 3298 habeut,
507 3255 517 3278 ι
527 3231 683 3304 opuseulum
727 3235 814 3304 poenit
824 3251 873 3286 vox
884 3245 940 3286 tres.
948 3235 1022 3285 Patet
1032 3229 1097 3303 qnid
1106 3231 1168 3282 velit
1177 3231 1231 3284 Sta-

181 3309 294 3364 inveniri
305 3313 426 3383 coepiese.
438 3333 449 3358 ι
465 3311 546 3381 Atqui
557 3313 685 3367 utrumvis
729 3313 797 3378 tine,
810 3329 905 3383 nempe
918 3321 967 3363 tres
977 3309 1096 3383 Ecloqas.
1109 3307 1161 3362 Sed
1172 3312 1230 3381 quie

183 3388 278 3442 fulsum
293 3391 427 3454 contiuet3
442 3392 542 3462 quippe
555 3407 604 3443 neo
618 3390 688 3443 liber
729 3387 782 3441 hoc
792 3389 902 3442 audebit
912 3389 1071 3442 substituere
1078 3392 1133 3442 eine
1143 3387 1232 3443 iibrie?

183 3467 317 3519 eeoundm
335 3486 385 3521 neo
403 3470 494 3520 tertius
513 3487 562 3520 nec
578 3472 685 3542 quintus
730 3467 852 3520 Beothius
865 3467 966 3539 aliquid
980 3480 1054 3520 notat
1066 3470 1092 3520 in
1106 3465 1179 3520 huno
1191 3467 1231 3520 io-

182 3545 313 3600 Silvarum
328 3547 459 3618 incipiunt
471 3545 505 3598 ab
518 3548 685 3600 invocatione
730 3565 806 3609 eum3
820 3546 867 3600 sed
884 3545 995 3600 obeoure
1011 3559 1037 3598 et
1051 3547 1138 3598 minue
1152 3564 1230 3612 vere,

183 3627 298 3678 numinis
312 3627 488 3698 imperator-ih
501 3629 551 3680 nisi
561 3647 611 3700 per
621 3647 686 3700 epu-
729 3635 759 3677 ut
770 3623 848 3677 facile
862 3643 966 3697 postem
978 3623 1135 3691 ostendere,
1150 3625 1172 3677 ei
1184 3643 1231 3677 ve-

182 3703 282 3756 rentium
293 3703 423 3775 intelliget
435 3718 521 3758 totum
533 3721 645 3778 systema
657 3706 686 3758 li·
729 3719 810 3757 caret.

183 3779 293 3834 brorum
318 3785 438 3856 quinque
463 3785 607 3851 Silvarum
631 3804 684 3859 quo
766 3783 791 3836 5.
810 3785 901 3836 Primo
914 3795 1000 3836 autem
1014 3785 1151 3856 septimum
1163 3781 1233 3834 dect*-

183 3861 289 3933 quidem
309 3879 388 3916 sensu
405 3881 496 3917 verum
515 3879 572 3928 eet;
593 3866 686 3937 incipit
729 3881 813 3932 mum,
823 3877 874 3916 eto.
883 3865 963 3916 immo
970 3859 1232 3935 prima‚tc.lioloqa;

183 3943 253 3996 enim
268 3941 302 3994 eb
316 3943 393 4015 Equo
407 3943 686 4009 Mex.Domitieui;et
730 3955 757 3995 et
765 3945 914 4014 precessit,
929 3955 1057 4016 aqueae,
1071 3959 1129 4013 que
1140 3937 1173 3991 ed
1185 3937 1221 3989 ho
1251 3962 1262 3975 ·

183 4022 220 4073 ita
234 4021 404 4077 inThebeid.
425 4037 451 4076 et
468 4022 686 4078 emitteretur
731 4041 824 4075 norem
852 4037 928 4076 tuum
954 4021 1078 4093 pertinet.
1094 4043 1107 4068 ι
1134 4015 1209 4070 Eudo
