2784 4484
199 335 247 414 36¹
391 327 527 395 noun
551 327 600 390 ιιι
624 324 822 390 ctnunn
846 323 1046 390 PRIMUM

378 455 456 512 freti,
464 451 501 500 vel
510 464 595 499 matres
604 453 653 497 susi
662 461 761 496 metare
770 447 880 505 deorum,

381 527 456 587 Qram
465 539 548 586 magna
557 521 664 570 mercede
673 535 726 567 tneo
735 522 784 568 tine
793 533 890 568 munere
898 517 965 566 tilsss

382 595 534 660 impulerint?

147 685 148 690 ¹
197 692 266 744 Furti
281 705 343 741 cum
355 684 484 737 infinitivo
498 683 690 754 compositum,
705 693 735 732 ut
749 679 825 734 statii
837 679 967 734 Thebaid.
982 679 1028 735 lib.
1041 683 1093 750 Vl,
1106 701 1173 736 vers.
1189 683 1239 749 ²33

196 780 305 844 pontum
320 763 554 838 impensare.
568 759 771 831 intelligendum
784 778 846 814 vero
861 774 915 826 est,
933 773 1034 814 tentare
1048 759 1114 814 deos
1127 762 1169 814 rel
1182 781 1240 814 mn.

197 867 250 906 tres
260 849 371 902 deorum
384 857 505 898 tractore.
517 843 599 894 lisso.

233 1004 275 1060 85.
291 1002 373 1073 Quem
381 997 663 1060 trudereesamsmetc.
675 994 731 1046 lios
740 1011 831 1047 versus
841 1010 910 1065 quos
918 994 1023 1045 uncinis
1031 992 1147 1046 inclusos
1153 992 1241 1060 vides,

198 1082 403 1156 comparationis
419 1079 512 1130 seriens
528 1077 767 1145 interrumpentes,
782 1075 805 1126 si
820 1075 924 1146 sepius,
934 1075 1044 1142 lector,
1060 1077 1240 1128 transmittent

198 1179 300 1220 certum
317 1163 388 1214 enirn
406 1172 446 1210 est
459 1156 510 1209 bos
526 1156 631 1226 spurios
642 1168 669 1206 et
679 1155 803 1206 insititios
815 1171 880 1206 esse.
900 1155 973 1206 Patet
989 1153 1041 1206 hoc
1058 1173 1089 1207 ex
1101 1172 1179 1208 rersu
1193 1154 1241 1216 88;

201 1269 213 1295 ι
225 1261 305 1317 quam
315 1240 411 1310 longus
422 1239 449 1290 in
461 1237 533 1289 bunc
542 1235 682 1306 despectus
692 1233 726 1285 sb
736 1232 781 1284 illo
792 1253 819 1296 =;
832 1244 859 1286 et
868 1232 917 1303 89:
933 1256 945 1280 ι
957 1234 1004 1305 qui
1014 1251 1069 1286 non
1083 1253 1095 1279 ι
1107 1246 1137 1286 ut
1147 1231 1243 1286 viderit

200 1349 212 1372 ι
223 1323 316 1377 smbos
329 1344 340 1368 s
353 1341 359 1370 ι
375 1338 390 1371 e
403 1315 681 1390 quibusmsniiestum
695 1325 734 1364 est
747 1309 816 1364 duos
829 1325 933 1364 tantum
948 1329 1047 1384 equos,
1059 1310 1124 1364 Julii
1133 1312 1242 1364 Cessrb

198 1419 226 1460 et
236 1403 395 1465 Domitiani,
407 1400 435 1450 in
446 1395 670 1468 comparutionem
681 1389 810 1444 deductos
820 1409 892 1455 esse3
907 1405 933 1444 et
944 1389 1057 1463 proinde
1067 1391 1171 1443 nnllnm
1184 1409 1243 1444 esse

197 1485 288 1538 locum
299 1476 451 1553 Bucepbslo
463 1473 612 1528 Alexandri.
631 1473 673 1527 Sic
681 1473 764 1543 igitur
770 1470 893 1525 ,hiantem
905 1469 1015 1524 Statium
1025 1483 1182 1522 connectes:

385 1574 483 1622 cnseret
492 1583 536 1620 stat
544 1570 600 1618 sede
606 1570 669 1617 tort:
679 1569 717 1616 rix
725 1568 814 1616 lumine
822 1569 884 1617 fesso

384 1645 563 1710 Explores‚etc.

200 1745 233 1794 Et
241 1739 298 1792 hec
309 1737 401 1810 opinio
413 1736 464 1788 fuit
472 1731 653 1787 Dsn.'Heinsii
664 1745 691 1785 et
701 1733 730 1785 P.
743 1729 878 1798 Scriverii,
891 1747 907 1783 s
918 1729 1042 1783 Gersrtio
1053 1729 1132 1780 etism
1144 1745 1245 1801 sppro·

192 1821 262 1874 beta
284 1822 355 1872 lect.
380 1819 471 1888 Papin.
491 1833 550 1887 cap.
568 1831 600 1884 93
621 1813 656 1865 ob
675 1813 743 1864 benc
762 1810 994 1883 inexpugnabilem
1011 1811 1161 1873 rationem,
1182 1812 1245 1880 quis

201 1899 299 1968 effigies
317 1897 393 1970 equi,
411 1913 489 1967 quern
508 1896 600 1946 statuit
618 1891 672 1944 Jnl.
692 1893 778 1944 Cesar
795 1903 857 1942 ante
875 1889 957 1942 sedem
977 1889 1085 1941 Veneris
1098 1890 1245 1942 Genetricis

200 1977 255 2048 (sle
274 1994 325 2047 qus
342 1993 370 2026 re
385 1972 492 2025 videndi
510 1971 609 2024 Plinius
628 1983 653 2024 et
671 1970 832 2037 Suetonius)
849 1981 903 2020 eret
919 1969 1018 2038 effigies
1036 1971 1077 2020 sui
1095 1971 1172 2041 equi,
1191 1988 1247 2022 non

201 2055 347 2126 Bucepbsli
358 2053 422 2126 (qui
434 2055 504 2106 enim
518 2050 639 2123 potuiti)
653 2043 733 2122 quent
746 2048 874 2122 Lysippus
888 2046 1037 2099 Alexandro
1051 2047 1124 2100 iecit.
1138 2049 1246 2102 Grono-

200 2137 275 2200 vius,
289 2134 413 2188 delinitus
431 2133 521 2206 pbrssi
535 2131 640 2184 tenderis
650 2147 743 2196 uuus,
758 2147 838 2201 quum
851 2147 883 2180 ex
896 2128 949 2179 MS.
964 2128 1118 2180 Florentino
1132 2142 1158 2181 ct
1171 2128 1246 2182 editt.
1327 2131 1332 2142 '

201 2220 277 2270 llom.
293 2231 319 2270 et
331 2218 425 2268 Venet.
440 2213 603 2277 rdstituerat‚
617 2229 672 2262 non
685 2211 794 2262 omnino
809 2205 952 2279 ejiciendos
964 2219 1057 2278 putat,
1072 2206 1119 2259 sed
1132 2208 1166 2261 de
1179 2229 1248 2262 cott-

202 2297 335 2350 cilis'tione
348 2293 457 2349 ulterius
469 2290 647 2364 cogitandum.
660 2291 742 2360 Atqui
752 2288 809 2341 brec
819 2286 969 2339 conciliatio
981 2303 1117 2358 nunqnam
1129 2292 1249 2355 eveniet,

202 2379 254 2430 nisi
267 2375 375 2450 probari
388 2388 476 2447 potest
489 2373 596 2424 Caessris
611 2383 637 2422 et
650 2368 792 2421 Alexandri
805 2384 888 2440 equos
906 2383 988 2418 unum
1007 2379 1034 2417 et
1051 2365 1164 2418 eundem
1180 2385 1246 2422 esse.

203 2486 237 2498 -
251 2457 388 2510 Gevnrtius
402 2457 500 2506 imm
515 2449 621 2504 tandem
636 2449 792 2502 sententium
806 2444 960 2513 descendit,
977 2459 1008 2498 ut
1024 2459 1101 2518 putet
1118 2459 1169 2498 tres
1186 2447 1248 2502 illos

202 2553 310 2600 sersus,
324 2533 421 2606 quibus
434 2531 467 2583 de
481 2525 551 2604 equb
565 2530 672 2602 Lysippi
686 2531 788 2599 agitur,
806 2528 929 2579 insititios
948 2545 1021 2593 esse,
1041 2539 1068 2579 et
1084 2527 1195 2597 margini
1214 2528 1249 2580 ab

191 2615 312 2668 indocto
321 2614 410 2685 aliquo
420 2609 529 2664 librario
539 2612 675 2683 appositos
685 2607 780 2661 deinde
790 2609 816 2660 in
826 2621 925 2660 textum
933 2608 1077 2679 irrepsisse.
1089 2609 1149 2675 Qus
1161 2619 1251 2661 tumen

203 2696 231 2744 in
244 2711 272 2744 re
286 2709 340 2744 non
350 2688 432 2743 babet
441 2691 627 2742 assentientem
636 2690 816 2756 (honorium,
828 2690 872 2741 cui
880 2687 1007 2740 biversus
1016 2705 1071 2742 non
1082 2686 1149 2740 odeo
1161 2688 1251 2742 futiles

204 2771 349 2838 videntur,
367 2783 398 2822 ut
418 2769 451 2824 nb
472 2767 581 2821 indocto
601 2767 709 2821 bomine
730 2769 810 2823 scribi
831 2769 974 2841 potuerint.
993 2769 1026 2822 Et
1044 2767 1109 2821 mibi
1126 2770 1252 2822 attentius

205 2851 383 2908 consideranti
396 2868 451 2902 uon
464 2848 551 2901 solum
565 2850 671 2904 minime
685 2849 773 2902 futiles
785 2849 923 2916 videntur,
934 2849 980 2903 sed
992 2867 1099 2920 prorsus
1111 2851 1252 2901 necessarii

206 2949 233 2988 et
252 2933 378 3004 genuini,
399 2943 445 2996 ut,
466 2931 594 2982 sententis
616 2928 703 2996 salve,
722 2947 737 2981 e
756 2943 883 2984 contextu
897 2931 955 3000 ejici
970 2929 1008 2982 vel
1024 2931 1108 2981 omitti
1121 2946 1175 2979 non
1188 2945 1253 2998 pos-

206 3015 267 3064 sint.
286 3015 394 3065 Weiss.
413 3039 448 3050 --
467 3009 586 3062 Tradert's
600 3027 683 3061 cuum.
704 3010 742 3059 tta
760 3011 863 3061 restitui
882 3027 913 3061 ex
932 3007 1053 3060 omnibus
1071 3005 1207 3058 codicibus
1225 3021 1253 3060 et

204 3089 269 3140 edit.
283 3091 368 3158 princ.
386 3090 470 3141 Parin.
485 3090 562 3140 Rom.
576 3089 634 3140 Vic.
648 3091 741 3139 Venet.
756 3087 840 3138 Aldus
853 3103 932 3150 vero,
950 3103 1030 3154 quem
1048 3084 1141 3157 reliqui
1160 3105 1252 3139 omnes

206 3171 312 3237 sequuti
326 3181 403 3232 sunt,
417 3167 500 3220 edidit
511 3168 610 3221 trudere
622 3187 647 3221 es
657 3183 738 3218 auset
755 3165 888 3230 Tradetis‚
901 3163 928 3215 id
941 3177 980 3216 est
991 3163 1093 3217 diceris.
1106 3163 1173 3216 Vide
1184 3167 1254 3218 Gro-

207 3247 278 3298 novii
292 3245 403 3298 Distrib.
420 3267 446 3317 p.
465 3246 516 3315 67,
531 3247 577 3298 nbi
591 3247 669 3298 etism
683 3261 741 3295 voc.
756 3261 832 3295 ausus
844 3241 929 3295 reddit
943 3242 1028 3295 verbis
1043 3263 1049 3293 :
1068 3261 1124 3294 non
1133 3245 1257 3306 timuerit

205 3326 313 3397 lingere.
329 3325 364 3377 Δι
377 3325 428 3379 hoc
443 3324 550 3396 quidem
561 3343 616 3377 non
627 3326 689 3376 satis
701 3336 833 3374 accurate.
845 3324 947 3374 Audere
958 3325 1027 3374 enim
1038 3327 1146 3398 proprie
1157 3324 1256 3378 dicitur

206 3405 241 3459 do
255 3407 317 3458 artis
331 3403 471 3476 operibns,
485 3403 558 3454 nulls
576 3404 676 3453 timoris
690 3399 882 3470 significatione
899 3399 1029 3468 admixta,
1043 3415 1069 3454 et
1083 3403 1116 3456 sb
1130 3423 1192 3457 aueo
1206 3404 1255 3458 de-

207 3485 327 3549 ductum,
337 3481 575 3558 primariumbsbet
584 3482 720 3534 notionem
730 3481 854 3534 conandi.
864 3483 905 3536 Sic
911 3482 1004 3533 norat.
1011 3484 1067 3534 Art.
1074 3497 1146 3555 poet.
1154 3505 1178 3538 v.
1191 3485 1252 3539 12⁵:

209 3589 221 3613 ι
234 3567 256 3619 si
277 3563 340 3637 quid
359 3566 525 3634 inexpertum
546 3579 629 3614 scenae
652 3560 810 3628 committis,
838 3574 865 3613 et
883 3561 960 3614 audes
978 3580 1119 3633 personam
1138 3567 1254 3620 formare

210 3668 222 3692 ι
234 3665 338 3698 novam.
350 3669 361 3693 ι
376 3646 458 3696 lisso.

243 3767 286 3820 88.
307 3767 392 3837 Quam
412 3763 504 3838 leupus
524 3767 551 3816 in
571 3764 641 3816 lunc
658 3763 796 3836 despectu
817 3764 898 3834 Quod
919 3768 989 3820 enim
1010 3787 1093 3841 eqnns
1113 3769 1255 3823 Domitiani

208 3847 334 3899 altissima
348 3845 481 3917 crepidine
496 3858 551 3898 erut
564 3844 700 3911 sublatus,
713 3857 743 3896 ut
756 3847 784 3897 in
798 3845 910 3899 alterum
930 3847 1040 3901 Cesaris
1056 3849 1125 3902 infre
1139 3867 1167 3901 se
1180 3852 1256 3921 posi·
1283 3857 1285 3866 '

208 3940 280 3992 tum,
294 3927 369 3998 quasi
383 3923 518 3996 despicere
530 3923 677 3992 videretur,
691 3924 753 3977 bino
767 3943 782 3977 a
795 3941 876 4000 poeta
888 3925 983 3980 callide
994 3927 1098 3982 videtur
1110 3930 1178 3981 ratio
1190 3946 1256 3980 con·

207 4004 341 4058 temnendi
354 4004 433 4077 hujus
446 4007 507 4078 equi
520 4025 574 4077 pre
587 4005 633 4058 illo
645 4006 788 4058 Domitiani
799 4009 862 4078 peti.
875 4007 999 4062 Wettrtso.
1011 4037 1048 4050 -·
1059 4009 1116 4060 Hoc
1128 4009 1155 4059 in
1168 4007 1256 4060 verbis
