2824 4488
212 316 278 384 356
392 304 530 372 NOTAE
552 299 602 364 IN
626 291 823 360 GARMEN
846 285 1074 352 TERTIUM

210 450 243 500 Et
256 441 355 516 passim
367 435 492 489 iuvenies.
510 427 603 480 Obiter
619 421 699 476 solem
717 419 854 472 restituam
872 413 1060 466 obscurissimo
1074 409 1135 462 loco
1148 408 1254 461 Claudii

212 520 376 583 Mamertini,
389 509 553 569 Genethliee.
566 503 718 558 Maximino.
733 519 756 552 c.
769 499 800 551 6:
819 495 922 548 «Vobis
933 492 1042 544 Rhenus
1055 503 1081 542 et
1095 492 1162 542 lster
1173 502 1199 541 et
1210 487 1255 541 tti-

212 609 268 670 lus,
280 617 379 655 etcum
391 595 495 666 gemino
507 588 592 658 Tigris
604 581 756 654 Euphrate,
770 591 796 630 et
807 589 920 647 uterque
931 571 1037 645 qualem
1049 570 1149 640 occepit
1160 582 1186 620 et
1198 565 1256 619 red·

213 686 253 736 dit
264 685 400 739 Oceanus,
413 686 438 725 et
448 665 575 743 quicquid
588 676 627 716 est
638 665 708 712 inter
719 661 770 710 ists
777 671 909 724 terrerum
922 666 949 704 et
959 651 1097 705 fluminum
1110 661 1136 699 et
1148 647 1256 699 litorum

213 779 268 818 tum
281 760 353 814 lucili
372 767 432 809 suut
448 746 642 822 aequanimitate
660 738 827 800 communie,
846 747 974 808 quantum
995 729 1046 782 sibi
1063 727 1182 800 gaudent
1201 743 1258 778 esse

214 856 379 897 communem
393 831 465 884 oculi
476 829 546 880 diem
556 847 563 888 ;
572 848 583 870 ι
598 822 644 873 ubi
656 838 706 894 pro
719 814 822 890 qualem
834 813 932 886 occepit
943 811 1076 863 Livineius
1090 808 1165 877 legit,
1179 822 1258 878 quem

216 927 269 978 late
278 919 358 978 cedit,·
370 916 512 970 Gruterus,
523 903 659 956 veritatem
669 897 794 970 propius,
806 914 857 967 qua
870 890 951 943 lucem
964 887 1072 960 accipit,·
1084 885 1177 938 verum
1189 895 1258 944 erut,

218 1030 229 1052 a
239 1016 350 1072 uterque
368 1012 420 1066 qua
438 985 496 1060 (vel
514 982 574 1056 qui)
591 977 672 1033 solem
689 975 786 1046 accipit
800 986 825 1024 et
840 968 927 1026 reddit
939 968 1099 1029 Oceanum·
1117 963 1258 1014 manifesta

218 1081 328 1134 imitatio
341 1070 431 1144 virgil.
447 1069 505 1119 AEn.
517 1063 582 1126 Vll,
597 1076 661 1111 100:

400 1155 484 1202 Omnis
493 1150 535 1197 suls
544 1144 655 1211 pedibus,
667 1157 714 1205 qua
723 1139 757 1187 sol
766 1150 892 1198 utrumque
901 1147 1023 1181 recurrens

403 1225 490 1289 Aspicit
498 1223 631 1272 Oceanum,
641 1214 747 1276 vertique
757 1211 853 1272 regique
862 1205 983 1254 videbunt.

206 1379 211 1388 .
254 1394 296 1448 56.
316 1392 350 1443 Et
361 1385 449 1459 (modo
460 1383 481 1434 si
488 1380 534 1452 fos
543 1386 578 1427 est
588 1389 688 1446 equare
689 1367 807 1442 jacentia
816 1362 931 1432 summis)
942 1357 1054 1415 Pertulit
1065 1369 1089 1411 et
1098 1359 1158 1411 soees'
1170 1357 1264 1427 Tiryn-

221 1478 289 1534 thius
304 1468 407 1525 horrida
423 1463 486 1538 reqis
501 1461 591 1511 Pacta.
605 1449 732 1505 Noteude
746 1450 860 1520 primum
874 1444 1017 1515 geminatio
1033 1439 1228 1508 conjunctionis
1241 1447 1266 1487 es

220 1559 326 1610 minime
338 1545 501 1603 necessaria:
517 1561 528 1583 ι
539 1550 565 1588 et
577 1548 603 1586 et
612 1528 766 1602 Tirynthius
778 1523 902 1597 pertulit,
914 1535 963 1573 etc.
975 1545 986 1568 s
1001 1518 1119 1582 Deinde,
1131 1519 1192 1571 m,
1203 1515 1267 1588 ψ’,

220 1650 313 1713 pacta,·
326 1632 448 1703 quisnam
461 1621 504 1672 hic
515 1635 559 1669 res
569 1613 663 1668 soeuus?
674 1605 845 1676 Eurystheus,
858 1605 968 1674 opinor,
981 1597 1028 1652 sed
1041 1613 1067 1650 et
1079 1595 1267 1650 Leomedonti,

222 1729 298 1792 pacto
310 1708 417 1785 pertulit
428 1698 570 1756 llercules;
585 1707 611 1744 et
624 1690 667 1742 ille
681 1704 786 1761 quoque
799 1703 843 1736 rex
853 1699 931 1736 sevus
941 1680 994 1732 dici
1006 1691 1102 1750 potest.
1116 1679 1178 1728 Non
1189 1677 1268 1744 igitur

217 1798 288 1849 ¹,atis
300 1787 435 1859 exprimit,
450 1793 476 1832 et
488 1776 565 1827 nimis
580 1769 731 1837 ambiguum
743 1778 783 1816 eet
794 1760 865 1814 istud
877 1761 937 1813 soevt'
948 1759 1021 1831 reyis.
1033 1757 1194 1827 Depravafio
1206 1751 1269 1805 lam

225 1875 274 1928 suh
288 1870 334 1925 usis
349 1878 375 1919 et
386 1862 446 1916 soevi
454 1882 463 1923 ,·
476 1859 545 1908 forte
560 1851 681 1921 scripsit,
699 1871 710 1893 ι
720 1844 830 1896 Pertulit
841 1838 981 1912 Eurysthei
993 1835 1147 1908 Tirynthius
1161 1831 1270 1886 hoffidn

225 1957 307 2023 regin
318 1973 329 1995 ¹
347 1964 378 1996 ²¹
391 1935 518 2008 Vlrfilllsss
530 1933 604 1996 Vlll,
619 1943 684 1998 291:
702 1947 713 1969 ι
723 1937 754 1974 ut
767 1921 848 1973 duros
864 1917 933 1969 mille
947 1915 1053 1968 labores
1067 1917 1139 1984 Rege
1154 1913 1204 1966 ,uh
1218 1914 1271 1963 Eu.

227 2029 349 2105 rystheo,
361 2023 421 2076 letis
433 2015 547 2070 lunonis
558 2011 671 2078 inique,
684 2002 830 2057 Pertulerit.
842 2023 853 2046 s
868 1999 955 2050 Placet
968 1997 1038 2060 hoc,
1050 2007 1077 2046 οι
1088 2012 1180 2046 ,emm
1192 2005 1271 2064 pum

229 2127 268 2167 est
289 2111 359 2161 enirn
379 2099 520 2154 manifesta
541 2092 635 2143 allusio
653 2085 686 2139 sd
699 2085 788 2136 locum
802 2079 913 2152 Virgilii.
933 2077 1065 2149 Hyginus,
1088 2074 1153 2126 Feb.
1175 2075 1226 2138 30,
1240 2070 1273 2122 sle

228 2188 356 2246 Hercule:
373 2185 506 2234 «Certum
521 2174 638 2226 velocem
654 2171 681 2220 in
696 2163 810 2217 Arcadis
826 2181 887 2214 cuut
904 2157 1030 2211 cornibus
1046 2155 1131 2207 eureis
1146 2154 1274 2206 rivumin

229 2279 400 2340 conspectum
412 2255 552 2329 Eurysthei
569 2252 637 2321 regis
652 2246 792 2299 adduxit.»
809 2245 843 2294 Et
859 2258 934 2294 mox:
951 2261 963 2284 ι
973 2235 1121 2309 Eurystheo
1136 2237 1192 2304 regi
1207 2230 1276 2284 mals

230 2351 326 2406 attulit.
338 2371 349 2394 ι
363 2347 456 2396 Posses
469 2339 547 2388 etium
559 2331 646 2400 legere
660 2341 686 2380 et
696 2325 776 2378 focile
788 2319 933 2375 defendere
944 2318 1036 2393 Asylui
1046 2335 1094 2388 pro
1106 2326 1131 2365 et
1141 2313 1215 2374 soevi3
1229 2309 1277 2364 sed

232 2429 295 2484 mihi
308 2425 417 2479 alterum
429 2415 511 2468 multo
524 2409 669 2482 impensius
682 2405 784 2477 placet,
799 2413 909 2473 propter
920 2398 1009 2451 locum
1020 2394 1126 2465 Virgilii.
1139 2394 1198 2444 scio
1208 2391 1278 2443 cm.

233 2513 357 2572 novium,
373 2503 456 2554 Dietr.
474 2514 533 2566 esp.
552 2509 601 2556 so,
616 2485 758 2540 defendere
773 2482 957 2554 repetitionem
973 2473 1167 2546 conjunctionis
1180 2473 1208 2522 iu
1223 2470 1278 2524 hoc

231 2591 303 2644 loco.
316 2584 367 2640 Sed
381 2585 401 2636 si
412 2579 465 2630 hoc
478 2573 641 2634 admittatur,
654 2563 789 2636 quomodo
801 2559 959 2612 defendetur
972 2556 1123 2625 ambiguum
1134 2549 1206 2602 istud
1220 2549 1279 2604 ηυξ

235 2670 315 2743 nqis?
331 2667 381 2717 uisi
394 2658 503 2734 probari
518 2651 601 2724 possit
614 2644 642 2698 ui
658 2647 719 2700 saevs'
730 2643 795 2716 reqis
809 2639 956 2692 necessario
969 2635 1107 2706 designare
1119 2629 1279 2702 Eurysthea,

235 2747 307 2824 quod
320 2746 378 2818 quis
392 2737 504 2793 dixerit?
518 2730 568 2785 Sed
581 2728 677 2780 lelsuru
692 2723 795 2778 videtur
807 2718 879 2792 quod
893 2717 1021 2788 sequitur,
1037 2711 1142 2766 horrido
1157 2712 1222 2783 reqis
1232 2727 1279 2780 pa.

234 2841 294 2890 cta,
310 2843 365 2876 non
382 2820 451 2873 enim
465 2809 628 2885 Eurystheus
645 2805 678 2858 ad
693 2814 772 2875 pocta
786 2795 980 2856 descendebet;
998 2810 1052 2846 uon
1068 2803 1123 2845 tem
1138 2789 1207 2842 bene
1222 2806 1280 2840 eum

236 2905 350 2962 llercule
363 2913 450 2954 sctum
464 2894 531 2954 luit,
547 2888 593 2942 sed
608 2905 695 2939 merus
710 2903 755 2936 rex
770 2882 836 2949 tuit,
848 2892 874 2932 et
883 2877 997 2951 jubebat.
1009 2872 1098 2925 Veler.
1113 2869 1243 2934 Flaccus,
1256 2868 1282 2930 l,

239 2981 449 3052 113,ubttuno
464 2973 516 3024 hoe
531 2967 613 3021 modo
629 2966 762 3039 queritur:

423 3073 443 3118 0
452 3072 540 3115 utinum
550 3067 623 3113 Graiu
633 3074 712 3111 rueret
721 3077 769 3107 nou
779 3057 955 3117 omuejuventae

422 3145 450 3188 lu
459 3155 520 3188 nove
530 3139 578 3184 lats
587 3137 659 3183 decus
667 3152 674 3190 ;
684 3133 803 3192 nostrique
813 3125 955 3190 Eurystheos
964 3123 1012 3170 hec
1021 3135 1084 3168 nuuc

421 3216 489 3260 lusss
498 3212 575 3258 forent
584 3209 591 3253 l

239 3313 329 3364 Senec.
344 3307 422 3360 Herc.
437 3305 569 3365 Fureute,
581 3318 606 3350 v.
623 3298 674 3364 do,
688 3298 759 3348 Juno
773 3291 853 3358 dicit,

643 3431 647 3440 .
660 3431 665 3441 .
676 3430 681 3440 .
693 3430 698 3440 .
708 3405 812 3440 munstre
819 3392 868 3452 jem
878 3389 962 3436 desunt
970 3384 1041 3438 mihi,

422 3476 546 3535 Minorque
555 3469 623 3515 labor
634 3478 668 3514 est
677 3464 773 3512 Herculi
780 3465 845 3525 jussa
854 3461 937 3524 exequi

424 3548 498 3607 Quum
508 3540 563 3588 mihi
571 3539 655 3601 jubere
665 3553 671 3583 z
681 3537 747 3584 lsetus
757 3536 854 3598 imperis
863 3533 955 3594 excipit.

424 3617 481 3675 Ques
490 3613 541 3661 lere
551 3611 641 3674 tyranni
649 3610 713 3671 jussu
722 3607 826 3654 violento
835 3613 923 3668 queunt

428 3686 519 3732 Nocere
526 3682 623 3745 juveni?

241 3781 287 3831 ubi
300 3791 386 3829 tamen
397 3770 506 3823 elterem
519 3788 548 3821 es
562 3769 618 3820 istis
630 3767 739 3819 vocibus
751 3777 845 3835 utpote
856 3772 910 3812 tem
917 3762 992 3829 juxte
1004 3773 1033 3808 se
1045 3749 1186 3804 collocetis
1196 3747 1291 3799 merito

241 3856 368 3929 suspicari
381 3861 475 3923 potes3
489 3847 604 3915 ibidem,
621 3848 706 3915 inlre,
720 3863 758 3898 rs.
774 3843 823 3913 78:
839 3844 919 3911 «lpse
934 3830 1094 3909 imperando
1108 3829 1196 3881 sessus
1209 3827 1295 3896 Eury·

242 3938 332 3990 stheus
346 3944 461 3993 recen»
478 3945 504 3983 et
518 3931 584 4000 479:
605 3928 684 3980 «Hoc
701 3925 774 3979 nulls
790 3926 879 3988 luno,
894 3917 983 3970 nullus
997 3909 1162 3985 Eurystheus
1173 3906 1268 3977 jubet3
1279 3925 1292 3948 ι

241 4019 375 4082 lustinus,
387 4013 409 4066 ll
419 4047 427 4077 ,
438 4008 471 4078 l,
487 4010 520 4063 de
535 4008 645 4083 Orithys
662 4010 824 4061 Amazonum
835 4001 940 4073 regius:
959 4020 969 4043 ι
980 3996 1064 4064 liujus
1078 3993 1175 4042 virtute
1187 3997 1296 4038 tentum
