2784 4484
211 333 251 410 ιι
404 325 540 389 NOTAE
566 321 613 387 ln·
639 259 835 388 CARMEli
860 322 1059 388 PRIMUM

186 447 231 506 lib.
244 453 292 519 Ν,
304 448 514 513 v.618;1mcan.
526 447 572 500 lib.
585 449 634 514 tx,
646 468 670 500 v.
684 447 749 501 238:
765 471 777 495 ι
788 487 793 498 .
804 489 810 499 .
821 487 827 498 .
837 447 900 500 .eub
911 449 973 518 jure
984 450 1066 520 togati
1077 449 1197 504 Civiseo.
1209 477 1221 500 ι

186 531 277 586 Snbire
286 529 351 604 depes
360 541 436 582 vocat
445 529 554 594 Noster,
564 525 677 598 Epitbal.
689 547 714 581 v.
729 527 777 581 282
792 527 896 580 sSubiit
908 526 978 598 leges
986 540 1011 580 et
1022 529 1097 580 frene
1108 547 1227 583 momor-

186 611 232 662 dit.
243 633 254 658 ι
269 609 316 660 llis
327 609 363 660 itu
375 607 510 679 explicatis
521 605 594 660 vides
602 609 659 677 jum
670 605 773 658 nullum
781 605 869 658 locum
881 625 938 660 esse
949 607 985 676 uqi
994 609 1094 673 castris,
1106 607 1139 660 de
1148 612 1226 680 cujus

186 691 264 742 etiem
277 688 491 761 interpretatione
504 703 602 756 mngnoe
617 699 679 738 sunt
691 684 758 738 lites.
773 687 926 752 Getartius,
939 699 1001 758 post
1015 689 1143 741 refutatas
1156 688 1226 746 alio·

186 788 245 820 rum
257 768 413 833 sententias,
423 766 567 839 acquiescit
577 765 604 818 in
615 769 769 837 conjectura
779 765 845 818 Dan.
858 767 957 819 Hcinsii
967 765 1091 838 legentis:
1110 791 1122 814 ι
1131 768 1165 819 Et
1175 771 1226 821 mi-

186 847 274 900 nor'in
287 846 358 918 leges
369 846 419 898 iret
429 862 510 915 gener
520 857 547 896 et
557 844 623 897 Cato
634 857 754 897 nostras:
765 868 777 893 ι
791 845 903 899 Nostius
915 845 994 919 lepos,
1006 847 1131 904 ιιλιιιιιιῖι
1142 847 1227 901 Cesa-

185 927 273 978 rienas
286 939 381 978 uocat:
400 942 462 976 nem
476 924 641 976 Domitianus
655 924 808 977 Ceserienis
824 925 945 996 partibus
962 939 1138 990 successoren
1154 927 1225 980 unde

184 1017 256 1056 recte
263 1001 333 1056 illins
340 1015 429 1076 partes
436 1019 501 1073 quas
508 1003 619 1054 Romani
628 1016 691 1054 tunc
699 1005 823 1074 temporit
833 1022 923 1056 omnes
932 1005 1120 1077 sequebantur,
1129 1020 1227 1060 nostrus

185 1081 341 1156 appellavit,
354 1083 382 1134 in
394 1083 505 1151 gratiam
518 1082 691 1154 imperatoris.
704 1084 764 1133 Huc
775 1081 832 1143 ilie;
846 1081 905 1148 sed,
920 1097 1094 1156 preterquam
1106 1084 1181 1157 quod
1193 1089 1227 1138 is·

186 1159 233 1213 tud
252 1172 350 1214 nostras
365 1161 440 1212 nimis
452 1159 579 1213 familiare
591 1159 703 1226 videtur,
717 1160 790 1213 deest
803 1161 838 1229 rq‘i
851 1162 918 1234 leqes
928 1163 1078 1234 epitheton,
1094 1165 1167 1237 quod
1177 1167 1226 1217 mi·

186 1255 236 1293 tem
251 1243 429 1292 Domitianum
440 1239 574 1310 praedicet.
590 1244 619 1292 ln
635 1239 686 1292 boc
698 1243 768 1294 enim
780 1253 850 1295 totus
861 1241 905 1294 bic
918 1244 992 1296 Stntii
1004 1257 1121 1297 versatur
1136 1245 1225 1312 locus,

185 1335 214 1372 ut
226 1319 322 1391 probet
332 1333 461 1391 quantum
471 1322 558 1371 mitior
569 1323 648 1372 armis
660 1321 761 1373 Cessare
772 1323 946 1375 Domitianus.
960 1325 1045 1395 Lego,

370 1419 397 1462 Et
406 1418 482 1463 minor
491 1419 515 1462 in
524 1416 587 1480 leges
596 1419 640 1464 iret
649 1433 722 1500 gener
731 1431 754 1464 ct
764 1421 820 1466 Cato
827 1418 914 1479 justas,

185 1519 214 1560 ιιι
226 1525 318 1560 seusus
329 1509 375 1558 sit:
389 1509 528 1577 Pompeius
540 1519 566 1560 et
575 1509 640 1562 Coto
652 1507 833 1561 submisissent
841 1527 869 1560 se
880 1509 981 1579 legibus
992 1523 1017 1562 et
1026 1511 1223 1566 conditionibus

184 1590 236 1640 tuis
243 1624 252 1653 ,
259 1587 338 1659 equis
345 1583 401 1637 scil.
410 1585 516 1638 mitibus
525 1599 551 1638 et
554 1587 642 1657 justis,
649 1599 742 1657 utpote
749 1589 810 1639 tnis.
822 1589 861 1639 lta
869 1587 931 1641 alibi
941 1589 1000 1641 Silv.
1008 1590 1054 1656 IV,
1062 1592 1087 1658 3,
1094 1590 1126 1642 de
1133 1591 1224 1644 Domi·

183 1671 256 1719 tiano
270 1687 276 1716 :
293 1689 304 1712 ι
316 1665 410 1734 ...Qui
420 1663 511 1716 limina
522 1662 648 1716 bellicose
659 1667 719 1716 lani
730 1667 811 1718 Justis
824 1665 926 1736 legibue
937 1680 963 1719 et
974 1669 1033 1720 foro
1045 1683 1169 1721 coronat.
1178 1709 1198 1721 .,
1210 1692 1221 1716 ιι

184 1749 223 1798 lte
232 1749 309 1798 etiam
323 1747 515 1816 conjectantem
524 1745 655 1796 Cruceum
666 1757 759 1818 postea
769 1743 945 1816 deprehendi;
957 1745 1020 1798 licet
1029 1746 1102 1799 illum
1114 1746 1165 1800 hoc
1176 1767 1225 1800 no-

183 1827 253 1877 mine
262 1822 383 1896 suggillet
391 1824 548 1876 Gronovius.
560 1853 596 1864 -
609 1823 646 1874 Te
654 1823 851 1898 siqnaferente,
863 1840 911 1879 etc.
927 1829 1126 1880 vexatissimum
1137 1827 1225 1880 locum

184 1907 222 1956 sic
236 1922 354 1974 exp0n03
370 1906 392 1954 si
406 1917 434 1953 ιιι
450 1903 536 1955 Caesnr
547 1901 640 1954 luisses
654 1915 681 1954 et
693 1901 792 1956 bellum
808 1902 883 1954 civile
899 1907 1037 1975 gessisses,
1055 1925 1136 1977 gener
1150 1909 1224 1958 Porn-

183 1987 273 2056 peius,
284 2002 338 2035 non
351 1986 405 2053 jem
422 1981 512 2053 Magni
527 1985 683 2054 cognomine
695 1983 862 2055 superbiens,
873 1982 920 2034 sed
933 1986 1057 2036 minoret
1068 1987 1225 2054 submissus,

184 2063 249 2115 Cato
261 2065 322 2116 item
335 2065 560 2134 pertinacissimus
573 2065 681 2117 Caesarie
694 2063 790 2130 boetis,
806 2062 875 2114 ultro
888 2065 975 2116 castris
985 2063 1145 2133 decederent,
1159 2065 1226 2118 mili·

184 2147 260 2209 tiam,
274 2141 373 2194 bellurn
387 2141 566 2214 deponerent,
581 2157 608 2196 et
626 2145 653 2195 in
665 2142 730 2216 leqes
744 2154 811 2206 tuns,
828 2144 855 2193 in
871 2139 1036 2194 conditiones
1050 2147 1123 2214 pacis
1140 2141 1225 2196 abste

184 2225 299 2291 oblatae,
313 2226 340 2274 in
353 2225 491 2294 imperium
506 2223 619 2295 denique
632 2237 709 2276 tuum
722 2223 893 2275 concederent.
906 2223 1030 2273 Wnsussn.
1043 2252 1078 2263 —
1091 2225 1121 2274 ln
1134 2243 1226 2276 recen-

184 2302 272 2359 sendis
282 2300 392 2354 aliorum
402 2301 507 2375 judiciis
517 2305 599 2355 otium
609 2303 685 2355 nobis
694 2303 755 2355 iecit
763 2302 928 2367 Gronovius,
940 2303 985 2373 qui
995 2299 1027 2352 da
1037 2298 1089 2352 boc
1101 2299 1162 2353 loco
1172 2305 1225 2374 agit

184 2385 210 2434 in
223 2383 305 2435 tribus
317 2383 447 2456 capitibus
458 2383 588 2436 Distribes
600 2403 626 2458 p.
641 2381 757 2448 26—53‚
769 2380 851 2433 multa
862 2379 983 2434 doctrina
994 2381 1103 2433 refertis.
1123 2380 1204 2432 ilsnn.

221 2509 263 2560 ²9-
275 2491 396 2542 &temne
402 2509 492 2563 passus
501 2490 562 2542 ltine
570 2489 647 2542 dulia
656 2489 754 2562 templa
764 2499 875 2541 nentur.
884 2487 969 2560 Supra
980 2507 1005 2539 v.
1019 2505 1050 2540 an
1062 2489 1224 2540 mentionem
1259 2541 1267 2556 ,

183 2573 281 2623 facerat
293 2569 385 2642 templi
397 2571 460 2624 iulii
472 2571 577 2623 Caesstis
590 2572 721 2640 eregione
734 2568 813 2639 hujus
826 2581 931 2631 statum
947 2566 1030 2620 «binc
1044 2566 1123 2619 obvia
1134 2565 1225 2619 limine

184 2648 277 2720 pandit
292 2651 337 2721 qui
352 2649 414 2703 fisus
427 2649 516 2716 bellis,
528 2663 600 2702 etc·
616 2647 759 2717 Quomodo
772 2650 852 2718 igitur
868 2647 936 2700 idem
957 2645 1084 2719 templum
1100 2665 1115 2697 a
1129 2645 1226 2700 latere?

184 2727 246 2780 hun
258 2726 407 2784 difficultati
420 2731 549 2782 succurrit
560 2715 749 2800 constipet,
764 2731 811 2800 qut
821 2727 901 2781 nabet
913 2727 974 2780 ttae
987 2726 1061 2780 run
1072 2738 1138 2780 een
1152 2739 1225 2780 nm-

185 2819 244 2861 tnr:
256 2807 364 2862 basilica
376 2811 432 2864 scil.
443 2809 527 2873 iulia,
544 2827 601 2879 quae
612 2812 690 2861 etiam
704 2811 732 2861 in
742 2807 802 2861 loro
815 2811 934 2861 Romano
947 2809 1011 2872 fuit,
1026 2820 1057 2858 ut
1068 2825 1099 2859 ex
1110 2806 1227 2859 diverso·

185 2907 243 2940 rum
256 2903 394 2943 anctorum
405 2889 469 2942 locis
481 2887 597 2960 probant
607 2889 777 2960 interpretes,
789 2903 816 2941 ct
826 2888 859 2942 de
870 2887 921 2940 bac
933 2884 1077 2960 capiendus
1088 2883 1225 2948 Martialis,

183 2970 271 3040 Epigr.
284 2961 331 3038 Vl,
342 2971 390 3033 383
407 2973 434 3022 in
449 2969 499 3021 bec
511 2971 580 3021 enim
596 2971 750 3022 centumviri
761 2988 855 3022 causas
866 2968 990 3041 agebant.
1004 2967 1126 3017 Laterum
1137 2980 1226 3034 passus

184 3063 258 3114 sunt,
275 3068 343 3119 quos
354 3062 431 3102 vocat
446 3049 556 3102 luterum
570 3059 677 3116 tractus,
688 3047 816 3102 Thebaid.
832 3049 876 3112 Ν,
892 3047 954 3114 173;
969 3045 1079 3096 tannim
1094 3053 1224 3108 extenuo,

95 3170 98 3176 ,
184 3125 260 3178 Silius
271 3125 390 3192 Italicus,
402 3129 445 3193 Ν,
457 3128 523 3192 618;
536 3127 647 3181 laterum
660 3139 744 3193 acute,
759 3129 921 3190 Priscianus,
931 3125 1030 3192 Perieg.
1043 3139 1067 3171 v.
1080 3120 1146 3189 479;
1159 3119 1225 3172 late-

183 3222 240 3256 rum
253 3223 334 3269 amus,
345 3204 506 3259 Claudianus
516 3211 543 3260 in
555 3211 628 3260 Eutr.
639 3211 671 3272 Π,
682 3207 833 3258 361.Voces
844 3215 932 3255 autem
944 3213 1009 3253 tecta
1019 3213 1045 3252 et
1058 3198 1155 3272 templa
1164 3197 1225 3272 plus

184 3285 240 3334 vice
259 3283 370 3353 simplici
387 3285 414 3334 in
432 3283 473 3334 bis
487 3285 563 3337 Silvis
581 3296 785 3337 commutentur.
798 3311 833 3322 -
846 3280 955 3352 Templa
966 3281 1074 3331 retineri
1085 3291 1187 3350 potest,
1200 3293 1226 3330 et
1291 3336 1295 3344 ,

185 3359 400 3432 quandoquidem
411 3359 463 3412 lioc
472 3363 631 3415 vocabulum
642 3363 675 3414 de
690 3365 789 3431 magnis
801 3360 915 3426 aedibus,
934 3378 980 3412 eeu
991 3355 1110 3430 palatiis,
1120 3357 1224 3410 dicitnr.

185 3440 251 3492 Vide
267 3441 393 3511 Doering.
413 3439 447 3492 ed
464 3443 558 3494 Catull.
570 3443 619 3509 64,
631 3441 679 3511 75;
697 3441 812 3512 Lennep.
828 3439 861 3494 ad
872 3438 977 3492 Coluth.
990 3441 1015 3506 i,
1028 3456 1057 3508 73
1068 3436 1225 3490 Wakefield.
1281 3437 1287 3450 '

185 3518 219 3572 ad
230 3522 335 3572 Lucret.
348 3521 373 3586 l,
388 3520 462 3572 1013.
476 3521 547 3574 Vidit
555 3523 609 3592 jam
622 3521 748 3574 Crucens.
760 3523 816 3574 Nec
827 3534 932 3593 poterat
942 3532 1021 3592 poeta
1034 3519 1140 3571 Cesaris
1151 3517 1227 3590 pala·

184 3601 265 3666 tium,
275 3611 321 3652 aut
331 3598 466 3654 basilicam
477 3611 542 3653 tecta
553 3619 661 3667 vocare,
672 3619 753 3672 quum
766 3603 885 3673 sequenti
896 3619 972 3652 versu
983 3597 1117 3651 sublimem
1129 3600 1225 3671 sepiam

184 3679 265 3731 Pauli
274 3679 353 3732 dicat.
363 3681 444 3752 Atqui
454 3680 581 3753 ternplum
589 3699 697 3752 prorsus
705 3680 769 3734 buic
780 3681 896 3754 epitheto
907 3677 1058 3752 respondet.
1072 3677 1148 3734 Lens.

219 3817 263 3869 31.
283 3817 436 3893 Blandoque
454 3819 523 3871 videt
541 3821 683 3874 Concordia
701 3819 782 3874 onitu.
801 3820 832 3873 ld
851 3834 908 3888 est,
925 3819 1004 3872 hilari
1021 3819 1096 3872 vultu
1114 3818 1226 3890 adspicit

185 3915 259 3964 num,
271 3899 368 3970 quippe
382 3917 474 3970 pacem
486 3912 513 3953 et
523 3900 692 3954 concordiam
704 3903 839 3955 ferentem.
848 3901 925 3954 Lare.
938 3929 974 3940 -
986 3898 1113 3972 Equidem
1123 3895 1156 3949 de
1167 3899 1225 3968 ipsa

184 3976 336 4030 Concordite
347 3991 432 4032 status
447 3981 558 4056 ejusque
572 3980 647 4034 vultu
660 3981 780 4054 intelligo
794 4000 901 4048 screno,
916 3979 989 4054 quod
1003 3979 1108 4051 quidem
1122 3977 1225 4029 exertis
