2782 4486
214 217 218 224 .
503 173 524 228 X

174 309 241 392 646
357 308 493 374 norm
518 309 566 372 ιιι
589 307 787 373 csnunn
811 304 1039 371 rnnrtnu

173 433 234 486 dem
250 430 401 507 tragediam
412 430 570 504 plerumque
581 434 680 484 versari
694 433 722 483 in
733 431 835 506 moysis
845 430 977 492 domibus,-
989 431 1037 486 ssd
1047 449 1104 485 non
1117 451 1223 506 semper

174 512 291 565 infelices
301 527 363 566 sunt
373 515 573 590 requendum,
582 527 613 564 nt
620 515 772 566 necessario
782 515 917 568 materiam
927 514 1058 586 truqoedire
1068 514 1222 587 designent,

175 607 200 646 et
210 596 357 665 junguntur
371 614 431 647 oum
438 595 519 666 furiis
533 608 559 646 et
572 595 693 648 sideribus
704 594 767 648 caeio
778 595 879 651 aversis.
894 594 978 665 loqu,
995 594 1070 662 «Qui
1081 597 1163 648 furius
1178 615 1223 649 re-

174 691 290 746 gumque
300 673 391 728 dolos:
404 699 414 723 ι
428 675 576 748 specialiter
587 678 671 746 tangit
682 690 776 728 notum
786 673 919 747 trsgoediu
929 689 1128 748 argumentum,
1140 676 1225 734 bistu-

176 755 243 805 rinm
261 756 334 807 Atrei
348 769 375 807 et
391 754 520 827 Thyestis.
538 759 597 828 lpse
612 757 707 808 Atreus
723 755 795 825 apud
810 755 954 823 Senecam,
966 755 1097 827 Thyeste,
1113 768 1167 808 tet.
1180 757 1224 821 11,

176 853 200 884 v.
217 851 280 904 ¹792
293 837 407 906 seipsum
420 838 549 902 excitans,
566 858 578 882 ι
587 849 648 907 post
660 849 700 888 tot
711 835 825 902 scelera,
840 849 902 905 post
913 837 1003 888 frutris
1016 834 1106 902 dolos,
1118 836 1225 905 Fasque

177 933 257 967 omne
273 929 398 986 ruptum,
413 917 548 988 questibus
563 919 636 970 venis
651 918 705 988 egis
723 919 815 969 ltus?-
832 917 910 969 Potes
926 919 1003 969 etiam
1020 919 1049 968 in
1065 933 1163 987 genere
1178 933 1226 967 su-

177 1012 249 1046 mere
262 1013 351 1070 nequm
361 995 446 1064 dolos,
457 1017 548 1069 regum
559 1015 794 1070 quorumcunque;
807 994 854 1048 sed
862 998 949 1048 verior
960 994 1025 1047 mihi
1035 995 1139 1047 videtne
1151 997 1227 1067 prior

176 1074 376 1145 interpretatio:
391 1074 478 1128 Vsler.
493 1076 579 1130 Flscc.
594 1081 622 1145 1,
639 1077 704 1147 2442
725 1079 806 1129 atton
821 1076 886 1129 mihi
901 1075 1047 1128 Thessalici
1065 1077 1150 1147 pietas
1165 1075 1226 1128 cul-

178 1152 267 1224 panda
282 1159 399 1227 tyranni,
416 1157 567 1230 Suspectire
582 1157 650 1211 doli:
662 1182 674 1205 ι
688 1157 794 1222 Florus,
807 1159 830 1223 l,
845 1155 878 1224 6,
892 1156 925 1208 de
937 1156 1027 1209 Servio
1039 1155 1144 1208 Tullio:
1160 1179 1171 1201 ι
1182 1174 1226 1206 re-

177 1251 259 1303 gnum
275 1233 339 1286 dolo
356 1249 461 1307 partum
473 1240 510 1290 sie
522 1240 575 1308 egit
589 1238 730 1304 industrie,
744 1250 775 1288 nt
787 1239 847 1307 jure
860 1235 973 1308 adeptus
987 1235 1155 1296 videretur;·
1173 1235 1227 1286 En-

178 1315 237 1365 nius
249 1313 322 1385 spud
334 1317 459 1370 Priscian.
473 1318 506 1370 de
520 1318 640 1371 versibus
653 1319 775 1383 comicis,

395 1424 469 1485 Argo,
481 1439 526 1487 qus
536 1425 597 1470 vecti
606 1425 698 1486 Argivi,
708 1421 793 1470 delecti
802 1423 860 1477 riri,

393 1493 507 1540 Petebant
516 1493 577 1542 illem
587 1495 670 1558 pellem
679 1495 808 1541 inauratum
818 1494 915 1548 Arietis,

397 1563 503 1626 Colchis,
514 1568 611 1630 imperio
619 1567 680 1630 regis
689 1565 770 1621 Petis,
780 1581 823 1627 per
831 1561 920 1610 dolum.

179 1657 220 1708 De
233 1655 284 1710 hoc
299 1676 455 1734 argumento
472 1667 595 1737 prteclsrc
611 1666 752 1732 Manilius,
765 1665 797 1731 V,
813 1661 864 1730 453
882 1675 909 1714 et
925 1681 1000 1735 sqq,
1016 1661 1051 1713 dc
1065 1661 1096 1713 iis
1115 1662 1162 1732 qui
1177 1659 1228 1713 sub

181 1735 289 1808 Cepheo
304 1744 359 1793 usti
372 1757 450 1796 sunt:

366 1831 498 1893 Quinetiam
509 1835 596 1896 tragico
605 1833 747 1897 prestabant
758 1833 826 1880 verbu
836 1829 969 1884 cothurno,

366 1903 439 1965 Cujus
447 1909 491 1953 erit
500 1923 633 1970 quanquam
642 1907 667 1966 ἰιιΙ
677 1903 761 1951 chartis
771 1903 842 1968 stylus
852 1904 901 1964 ipse
912 1910 1030 1946 cruentus.

366 1973 415 2019 Nec
425 1975 500 2020 minus
509 1987 532 2022 et
541 1975 654 2024 scelerum
664 1974 722 2020 facie
731 1987 857 2034 rerumque
868 1968 968 2016 tumultu

367 2043 522 2092 Gsudebunt:
533 2049 577 2093 utri
585 2045 674 2092 lurtum
683 2055 811 2090 memorare
820 2037 921 2104 sepulcri

368 2114 552 2178 ltuetsntemque
560 2129 651 2179 petrem
659 2127 740 2170 natos,
749 2113 869 2176 solemque
877 2125 996 2158 reversum

364 2183 393 2228 Et
403 2199 490 2230 cecum
499 2187 547 2233 sine
557 2187 605 2232 sole
616 2185 813 2244 distn5'1'hebsns
820 2183 911 2246 jurabit

366 2254 450 2300 Dicere
460 2254 522 2305 bellu
530 2259 604 2313 uteri,
615 2269 660 2304 etc.

182 2346 228 2399 ubl
237 2350 336 2405 incisim
345 2355 397 2407 utri
405 2355 518 2429 sepulcri
527 2358 644 2430 Scaliger
653 2360 842 2429 interpretetur
851 2356 950 2408 lustum
960 2353 1108 2427 Antipera,
1120 2353 1232 2406 fratrem

181 2429 333 2502 Polynicen
349 2437 514 2508 sepelientis,
528 2437 561 2490 de
575 2457 628 2511 quo
643 2441 753 2505 Statius,
763 2437 848 2489 Theb.
863 2437 919 2488 xli.
936 2437 1018 2505 Atqui
1029 2431 1112 2484 luctus
1123 2433 1177 2483 utri
1189 2452 1232 2484 se-

180 2510 268 2581 pulcri
283 2517 367 2568 cuivis
384 2517 428 2571 ulii
441 2518 631 2592 lugenti'aeque
648 2539 679 2573 sc
692 2520 832 2594 Antiqonoe
846 2520 985 2579 convenit;
1000 2517 1060 2568 etsi
1075 2513 1127 2566 hcc
1143 2513 1232 2565 voluit

183 2589 321 2662 Manilius,
335 2595 444 2650 dixisset
460 2599 558 2652 lustrem
574 2601 649 2672 Tyrii
665 2619 808 2653 memorare
823 2595 947 2671 sepulcri,
964 2610 991 2650 st
1006 2601 1044 2649 ita
1058 2597 1125 2648 forte
1136 2593 1230 2665 legen-

184 2667 262 2739 dum,
276 2676 327 2725 nisi
339 2674 417 2728 aliem
429 2677 545 2749 aliquem
556 2679 694 2734 historiam
706 2680 817 2732 voluerit
829 2691 917 2751 pocta.
930 2679 981 2729 Pro
992 2678 1047 2730 siste
1057 2673 1124 2741 sole,
1137 2673 1230 2744 legen-

184 2747 248 2802 dum
259 2753 314 2806 sins
327 2753 385 2808 luce
397 2775 480 2829 supra
490 2762 581 2812 monui
593 2762 620 2812 in
633 2761 746 2813 Lucrim.
759 2763 862 2812 Etrusc.
874 2776 900 2809 r.
914 2755 956 2810 55.

222 2919 393 2992 toi-,Essene
408 2927 541 2980 semiustos
550 2928 634 2981 subito
645 2929 677 2981 de
686 2926 795 3000 puluere
810 2926 900 2979 vultus
909 2925 1085 2996 Parthenope.
1100 2919 1232 2974 Difficilli-

182 3015 242 3052 ’Μ’
255 3000 344 3068 Ῑθωῦι
358 3017 385 3056 0¹
399 3009 444 3078 qui
459 3026 553 3078 magns
570 3010 678 3079 ingenie
696 3011 820 3061 exercuit.
838 3007 1008 3059 Constructio
1025 3018 1082 3058 est:
1101 3001 1231 3054 wanhe-

182 3097 268 3152 nope,
280 3101 370 3136 exsere
382 3084 416 3137 tle
428 3086 517 3139 subito
531 3087 641 3160 pulvere
655 3090 795 3142 semirutos
806 3087 903 3140 vultus.
914 3111 926 3135 ι
942 3085 994 3139 Ubi
1007 3087 1136 3157 primum,
1148 3099 1233 3135 exsere

182 3163 215 3214 de
226 3163 335 3234 pulnere
350 3169 546 3240 suspicionibus
567 3171 712 3224 obnoxium
730 3170 843 3237 videtur,
859 3189 943 3242 quum
957 3171 1080 3222 usitatius
1095 3169 1129 3220 sit
1144 3164 1232 3216 dicere

182 3258 269 3294 exsere
277 3244 400 3316 puluere,
412 3250 469 3301 sine
481 3252 678 3322 prepositiones.
690 3249 742 3303 Sed
754 3248 862 3302 delendi
875 3251 943 3302 forte
956 3259 1046 3321 potest
1056 3247 1119 3299 loco
1130 3243 1233 3310 ovidii,

183 3322 262 3374 Trist.
276 3326 325 3391 ΠΙ,
341 3342 386 3396 m,
402 3343 429 3379 ιι
445 3342 472 3380 et
485 3347 557 3402 seq:
587 3343 595 3352 ¹

370 3435 509 3499 lierbnque,
521 3435 590 3498 quael
604 3437 649 3482 tuit
657 3433 792 3483 Cerealibus
801 3436 885 3481 obrute
894 3433 978 3489 sulcis.

399 3509 488 3555 Esserit
498 3525 511 3555 e
521 3513 571 3570 tupi
607 3507 677 3555 mollo
687 3521 797 3554 cacumen
807 3506 879 3552 humo
888 3521 894 3550 ε

184 3619 238 3674 quo
259 3614 347 3664 tumen
364 3602 426 3656 loco
445 3625 541 3680 magna
558 3574 642 3658 sitim
662 3605 800 3659 codicibus
818 3603 967 3656 diversitas.
986 3599 1127 3654 Difficilius
1146 3598 1235 3666 istud,

183 3681 264 3735 subito
278 3683 310 3735 de
324 3683 449 3756 pulsem
465 3684 530 3756 quid
545 3689 616 3737 enim
627 3699 667 3738 est
682 3686 769 3757 pulvis
782 3685 894 3739 subitus?
909 3701 943 3735 sn
962 3681 1131 3754 inspectatus,
1148 3679 1236 3750 iuopi-

185 3763 250 3814 uus?
267 3761 472 3833 frigidissimum.
492 3765 578 3817 Sensit
595 3763 651 3817 hec
670 3763 838 3818 incommode
857 3764 1024 3815 acutissimus
1041 3761 1074 3812 N.
1095 3761 1236 3824 Heinsius,

185 3844 231 3914 qui
245 3841 279 3895 sd
290 3843 334 3897 Sil.
347 3842 429 3896 italic.
443 3843 515 3911 XIV,
528 3843 597 3912 583,
610 3843 732 3917 legebat,
749 3847 862 3897 «Exsere
874 3845 1016 3895 semirutos
1028 3842 1164 3893 Vesuvino
1176 3838 1236 3911 pul·

183 3939 243 3974 vere
262 3922 349 3977 vultus
368 3922 567 3996 Parthenope;·
589 3943 641 3998 qus
660 3927 813 3997 conjecture
832 3922 899 3976 nihil
917 3921 971 3998 vidi
990 3921 1172 3992 ingeniosius,
1189 3931 1235 3971 sut

183 4017 293 4057 suntote
307 4021 356 4058 suo
374 4003 494 4076 dignius:
510 4023 559 4057 uec
574 4004 720 4077 quidquam
739 4006 841 4059 facilius
856 4021 953 4078 φιιιιιι,
968 4013 1083 4056 retractu
1097 4001 1124 4052 in
1142 3997 1233 4052 sedem
