2776 4484
441 278 582 342 LIBER
607 278 858 356 1‚CARMEN
883 280 930 345 ll.
1160 278 1199 366 57

211 415 320 500 Atque
332 403 464 473 hederis
475 403 631 472 redimita
643 402 778 488 cohors,
793 420 831 472 ut
842 403 945 498 pollet
956 407 1066 472 ovanti

210 520 361 611 Quisque
371 514 460 608 lyra;
473 515 534 583 sed
546 518 715 607 praeoipue
728 517 785 609 qui
797 515 907 584 nobile
919 539 1034 609 gressu
1152 528 1204 581 250

212 635 369 698 Extremo
380 629 543 698 fraudatis
555 653 654 721 epos,
667 628 744 696 date
755 632 903 698 carmina
914 629 1006 697 festis

213 748 320 836 Digna
331 745 413 812 toris
424 771 431 810 :
444 742 538 811 bunc
548 747 635 836 ipse,
646 747 715 810 Coo
728 742 925 836 plaudente,
938 742 1081 812 Philetas
1160 758 1167 768 '

214 855 504 950 Callimachusque
515 879 632 938 senex,
645 856 842 951 Umbroque
854 857 1046 947 Propertius
1057 871 1153 923 antro

216 964 404 1033 Ambissent
414 963 551 1034 laudare
563 965 668 1050 diem;
681 989 744 1034 nec
755 968 858 1034 tristis
871 968 908 1033 in
918 967 999 1057 ipsis

217 1081 302 1144 Naso
315 1079 447 1158 Tomis,
460 1075 621 1172 divesque
632 1077 706 1145 foco
718 1076 852 1144 lucente
863 1073 1029 1144 Tibullus.
1157 1087 1206 1142 255

217 1191 271 1254 Me
282 1204 372 1256 certe
384 1212 453 1256 non
465 1211 555 1256 unus
566 1212 672 1270 amor,
686 1187 895 1283 simplexque
906 1187 1049 1256 canendi

215 1301 321 1364 Causa
333 1299 449 1366 trabit:
462 1314 573 1367 tecum
588 1298 712 1368 similes
721 1297 913 1395 junctaeque
923 1302 1103 1377 camoenae,

216 1403 330 1489 Stella,
342 1408 441 1493 mihi3
455 1409 668 1504 multumque
680 1435 777 1502 pares
788 1410 992 1479 bacchamur
1003 1408 1046 1477 ad
1058 1431 1147 1486 aras,

214 1521 256 1585 Et
267 1521 392 1586 sociam
403 1519 510 1588 doctis
522 1519 696 1590 haurimus
709 1521 750 1588 ab
763 1519 919 1588 amnibus
931 1520 1067 1587 undam.

260 1635 303 1696 lt
313 1647 347 1697 te
358 1647 550 1700 nascentem
564 1634 692 1723 gremio
704 1655 778 1698 mea
790 1633 900 1723 prima
909 1631 1035 1720 recepit
1160 1639 1210 1691 ²60

215 1738 438 1834 Parthenope,
450 1739 625 1836 dulcisque
636 1741 709 1809 solo
720 1757 757 1809 tu
770 1740 876 1834 gloria
887 1756 1003 1808 nostro

214 1853 381 1944 Reptasti:
394 1852 539 1921 nitidum
550 1871 731 1945 consurgat
741 1853 784 1921 ad
797 1851 921 1921 aethera
932 1850 1032 1920 tellus

214 1960 355 2044 Eubois,
369 1979 403 2029 et
415 1962 557 2055 pulchra
568 1982 698 2032 tumeat
708 1965 844 2032 Sebetos
856 1963 1009 2030 alumna:

214 2077 284 2140 Nec
294 2072 356 2140 tibi
367 2072 525 2141 sulfureis
537 2076 691 2166 Lucrinae
703 2074 825 2142 Naides
839 2077 959 2156 antris,

159 2211 165 2220 ·
217 2185 286 2249 Nec
297 2185 491 2275 Pompeiani
502 2181 656 2275 placeant
666 2186 773 2276 magis
785 2185 851 2252 otia
863 2186 968 2251 Sarni.
1162 2190 1212 2243 265

219 2295 276 2360 Eia
286 2317 363 2385 age,
374 2291 555 2385 praeclaros
567 2296 662 2362 Latio
672 2309 849 2386 properate
861 2308 1015 2385 nepotes,

208 2486 267 2556 ²⁴9·
285 2483 384 2537 Pollet.
398 2483 468 2536 Edit.
481 2487 569 2556 princ.
581 2485 670 2556 pellet.
716 2485 764 2538 Ed.
782 2505 822 2557 pr.
838 2483 929 2538 similis
941 2483 1063 2556 victoque
1076 2484 1212 2534 Camoenoe.

173 2615 181 2640 ο
207 2565 267 2617 ²50.
285 2566 427 2635 precipue.
443 2562 509 2616 Cod.
524 2561 630 2616 Uratisl.
646 2577 672 2617 et
753 2564 812 2618 262.
831 2563 950 2618 Nitidum
968 2573 1111 2633 constuprat.
1128 2559 1212 2612 Codd.

172 2642 236 2696 edit.
246 2644 331 2714 princ.
343 2642 483 2714 pmcipui5
494 2641 671 2714 quodfalsum
715 2643 787 2695 Leid.
802 2643 884 2695 Paris.
899 2641 940 2694 ed.
953 2643 1035 2711 princ.
1051 2642 1078 2692 in
1091 2657 1140 2710 qna
1155 2651 1214 2708 post

176 2734 224 2773 est.
243 2723 329 2773 lino.
621 2729 626 2734 '
717 2721 830 2773 nitidum
842 2719 1021 2788 distinguitur,
1032 2718 1135 2768 Vicent.
1147 2716 1213 2766 Ven.

216 2801 277 2852 251.
297 2801 374 2870 Epos
389 2802 486 2854 Omnes
501 2801 579 2868 libri,
595 2804 674 2854 etiam
717 2798 776 2852 Ald.
788 2796 845 2850 cot.
859 2799 972 2849 Bernart
985 2793 1112 2846 Lindenb.
1126 2793 1213 2844 Grass.

177 2881 314 2942 Vaticani,
327 2882 490 2932 consentiunt
503 2882 531 2932 in
542 2880 673 2934 vocabulo
709 2879 855 2951 eonsurpit.
868 2877 961 2928 Veram
981 2873 1122 2926 lectionem
1140 2868 1216 2941 (con-

176 2977 254 3031 opes,
274 2955 349 3029 quod
366 2973 489 3012 nouerat
506 2959 672 3012 mutandum.
717 2955 819 3029 serpat)
837 2955 930 3026 optimi
940 2951 1005 3005 Cod.
1017 2948 1123 3022 Urptisl.
1136 2961 1161 2999 et
1173 2947 1215 3002 ed.

173 3039 256 3090 ΗΜ).
279 3065 315 3076 -
338 3035 406 3108 Opm
417 3040 525 3090 retinuit
539 3039 572 3090 cl.
588 3038 672 3091 Hand.
718 3039 792 3088 Rom⁴
804 3036 959 3088 auctoritate
969 3029 1106 3085 confirmo.
1116 3029 1198 3081 limo.

172 3115 234 3169 Vid.
254 3129 310 3168 not.
326 3118 383 3168 erit.
396 3117 427 3168 Δ,
448 3145 483 3157 ·-
501 3119 585 3172 Fastis.
605 3117 672 3170 Edit.
756 3113 814 3168 263.
834 3115 943 3167 Sebetos.
955 3110 1068 3162 Piccani
1080 3107 1217 3161 codsxSe-

171 3198 250 3249 Rom.
259 3196 343 3267 fessis.
359 3197 444 3248 Hirro.
459 3225 493 3238 -
511 3197 577 3250 Cod.
593 3199 673 3250 Paris,
720 3196 799 3257 lenis‚·
812 3193 853 3246 ed.
866 3193 941 3245 Rom.
954 3191 1064 3244 Sebetus.
1084 3191 1164 3242 Horo.

171 3290 196 3329 et
205 3275 269 3328 edd
282 3277 367 3347 prino.
379 3289 406 3328 et
416 3278 518 3328 Vicent.
530 3277 620 3330 eboris.
642 3277 672 3328 Δ.
755 3274 813 3341 264.
833 3273 890 3326 Nec
901 3271 954 3324 tibi.
965 3269 1047 3323 Codd.
1058 3272 1132 3322 Urat.
1142 3266 1215 3319 Leid.

207 3355 270 3409 252.
290 3355 370 3406 Hunc
388 3356 457 3426 ipse,
478 3359 538 3410 Coo.
559 3360 588 3409 ln
607 3354 672 3409 cod.
719 3356 800 3408 Paris.
809 3351 868 3406 edd.
879 3354 964 3424 princ.
973 3350 1159 3403 Romvicent.
1170 3363 1218 3398 nec

171 3435 243 3486 leid.
257 3433 285 3486 l,
299 3433 383 3506 ipsum
393 3453 454 3496 coo,·
469 3435 496 3486 in
511 3437 584 3488 Urat.
594 3437 674 3488 Paris.
719 3433 773 3486 sibi.
783 3433 863 3484 Htro.
872 3430 971 3483 —Sibt'
977 3429 1084 3480 retinuit
1090 3423 1216 3479 cilland.

172 3511 213 3564 ed.
225 3514 315 3583 princ.
328 3511 394 3563 Ven.
407 3511 503 3584 legitur
513 3513 539 3564 b.
550 3515 603 3586 ipse
613 3531 676 3574 coo,·
719 3510 778 3564 Vid.
791 3525 847 3565 not.
859 3513 916 3563 crit.
931 3509 962 3562 Δ.
974 3537 1010 3548 -
1021 3507 1139 3560 Lucrino
1149 3503 1218 3558 Noi-

171 3593 198 3644 io
213 3593 270 3645 Vic.
290 3591 376 3653 cboo‚·
396 3589 441 3644 sed
458 3591 523 3645 cod.
542 3590 674 3644 Drakenb.
720 3591 769 3644 des.
783 3588 853 3641 Edit.
865 3608 908 3660 pr.
921 3588 1029 3648 uicinoe5
1045 3583 1128 3636 Godd.
1143 3580 1218 3635 Leid.

170 3671 261 3738 choro,
282 3681 313 3722 ut
331 3673 460 3723 Aventius
477 3672 602 3738 correxit,
622 3690 675 3744 quo
721 3670 802 3722 Paris.
816 3665 876 3720 edd.
891 3667 967 3718 Rom.
983 3665 1040 3716 Vio.
1054 3666 1120 3716 Ven.
1135 3660 1219 3713 Naia-

170 3767 280 3804 anetore
299 3751 380 3802 etiam
393 3749 452 3802 old.
468 3751 572 3804 Gerar-t.
586 3750 675 3802 Graes.
721 3748 780 3809 des,·
797 3745 845 3800 sed
860 3757 929 3797 recta
945 3742 1036 3795 Codex
1050 3737 1218 3794 Uratislensis

169 3831 251 3884 liano.
269 3857 309 3869 -
326 3829 412 3881 Cboro
428 3829 490 3882 edit.
508 3828 593 3883 Hand.
608 3828 676 3882 Vide
722 3846 782 3880 eum
794 3822 955 3878 editionibus
969 3841 1001 3874 ex
1014 3819 1107 3871 Aldina
1120 3815 1219 3869 deseri·

169 3925 224 3964 not.
237 3913 301 3963 crit.
320 3910 352 3960 Α.
721 3907 773 3977 ptis
784 3904 888 3956 Naides.
908 3903 991 3953 Hsnn.

206 3989 266 4058 257.
277 3985 676 4058 Similesjunctoequecomoenoe.
759 3982 818 4035 266.
836 3983 904 4033 Edit.
919 3999 959 4050 pr.
976 3979 1061 4031 Latios
1073 3989 1217 4047 properare.
