2776 4484
381 291 511 356 arant
530 257 675 358 'rainu
700 269 949 364 silvinum.
1136 307 1178 371 65

142 413 262 480 Italicus,
273 413 321 466 lib.
332 417 379 479 111,
394 433 459 466 vert.
470 414 505 484 95
518 437 524 466 ι
540 437 552 462 ι
564 454 569 465 .
580 455 585 466 .
597 418 667 469 Tua
677 421 775 488 justior
783 435 858 489 aetas,
869 436 941 475 etc·
958 424 987 476 ld
1000 440 1053 494 eat,
1064 428 1181 503 diqnt‘or5

144 495 201 546 ride
211 494 249 545 ibi
258 495 327 546 Dan.
340 495 486 546 Heinsium.
500 495 542 545 Ad
548 494 618 548 hanc
626 497 737 551 formam
746 514 784 552 eat
791 502 860 553 istud
867 504 1124 575 Pertii‚lib.XlV,'r.
1136 511 1180 563 16:
1257 499 1266 510 ⁸

359 592 480 656 Anticyras
487 591 570 640 melior
578 593 673 642 torhere
681 612 784 644 meracas
788 615 795 653 ;

144 696 169 734 et
179 682 256 734 Statii
265 679 351 734 Theb.
364 682 401 746 X,
416 682 481 752 429:

329 777 379 837 Ego
387 775 496 824 lulandot
504 779 581 840 potior
590 782 672 826 tatiare
682 782 801 838 volumen

145 863 172 915 id
183 877 225 916 est
235 863 348 937 dignior,
360 867 527 937 et·Propertii
538 867 610 938 Eleg.
623 861 660 934 11¹,
672 869 702 920 3:

363 960 482 1007 Pulchriut
491 961 534 1008 hac
542 963 633 1018 luerat,
644 965 727 1026 Troja,
738 969 828 1027 perire,
838 967 889 1014 tihi.

147 1047 197 1102 Sed
208 1048 318 1121 phrasin
330 1052 475 1102 statianam
486 1052 600 1122 exigenti
613 1054 729 1104 occurrit
740 1054 774 1105 ab
785 1055 831 1107 illo
844 1057 995 1128 profectum
1011 1079 1082 1131 oeae,
1098 1067 1188 1121 thane

148 1144 256 1200 propter
267 1147 358 1182 remur
368 1131 461 1194 Pisaea,
473 1143 523 1181 etc.
535 1154 545 1176 n
559 1133 643 1200 prima
656 1132 757 1203 syllaba
769 1153 813 1186 ver
821 1138 916 1190 amissa
929 1141 957 1190 in
968 1143 1132 1211 praecedente
1142 1161 1187 1202 ter.

152 1209 246 1262 Verum
260 1223 299 1262 eat
313 1225 430 1280 aequum,
436 1211 547 1279 justum.
562 1209 670 1280 Epiced.
683 1213 709 1262 iu
722 1216 797 1266 Puer.
810 1235 832 1266 v.
847 1217 895 1285 493
910 1218 1008 1273 Plinius
1022 1224 1103 1296 Epist.
1117 1229 1188 1296 Vlll,

151 1306 177 1352 ις
192 1276 284 1340 Horat.
299 1289 381 1357 Epist.
396 1290 421 1351 1,
437 1304 461 1356 7,
476 1285 520 1356 98.
536 1287 588 1341 Sed
599 1289 692 1343 melius
704 1305 743 1344 est
754 1293 1004 1370 Grouoriijustnm,
1018 1315 1111 1376 utpote
1123 1326 1189 1377 pro.

150 1369 252 1420 ainzim.
264 1367 332 1418 Vide
342 1382 398 1418 var.
413 1366 473 1418 lect.

184 1527 226 1593 44.
242 1525 359 1579 Sedistes.
375 1523 442 1582 Vide
458 1507 549 1576 Nostri
566 1529 754 1596 proprietatem
773 1528 800 1577 iu
816 1529 866 1580 iata
882 1549 947 1584 voce
965 1534 1077 1602 edures,
1094 1536 1127 1590 de
1142 1543 1192 1592 Pa-

154 1603 216 1656 ride.
237 1604 323 1657 ludex
345 1605 432 1668 enim,
461 1603 523 1655 dum
544 1622 651 1656 causam
673 1608 829 1676 cognoscit,
854 1613 962 1682 proprie
981 1614 1065 1666 redere
1086 1616 1192 1670 dicitur.

154 1685 214 1737 Plin.
222 1687 306 1757 Epist.
314 1683 360 1734 lib.
370 1686 402 1748 V,
414 1700 422 1733 ι
433 1703 440 1745 ;
450 1682 540 1750 Senec.
549 1684 704 1754 Agamemu.
712 1703 778 1738 vera.
789 1685 851 1754 73⁰³
864 1689 943 1742 Silius
949 1690 1068 1758 Italicus,
1077 1694 1123 1746 lib.
1131 1697 1191 1764 Vll,

153 1783 216 1818 tera.
228 1765 294 1834 437,
309 1760 371 1814 loeo
385 1761 447 1812 huic
462 1762 605 1815 simillimo:
821 1792 824 1802 ·

334 1857 522 1906 Laomedontem
530 1857 627 1922 Phrygia
637 1873 709 1921 quum
718 1860 778 1906 redit
787 1861 811 1906 iu
820 1861 860 1909 lda

336 1932 428 1984 Pastor,
439 1941 484 1976 etc.

155 2021 228 2074 Pleue
240 2021 340 2073 Seneca
352 2019 385 2072 de
397 2020 487 2071 Benel.
500 2021 549 2084 Vl,
563 2020 588 2085 4.
603 2018 656 2088 Sed
667 2031 733 2071 nota
743 2018 799 2070 hac
814 2035 889 2074 aunt=
904 2025 999 2088 intentu
1012 2029 1092 2080 malui
1104 2043 1193 2085 tamen

154 2099 243 2152 decem
256 2101 341 2170 legere
356 2117 415 2170 quae
430 2098 564 2165 sciebant,
582 2117 661 2170 quam
672 2099 797 2170 ‘quinque
813 2119 870 2172 quta
884 2121 938 2154 non
955 2107 1143 2178 intelligebant.
1158 2141 1193 2152 -

156 2181 218 2232 Hoec
227 2179 294 2230 dona
300 2180 400 2251 forent.
412 2178 476 2230 Hoec
486 2181 601 2249 positum
614 2191 652 2230 eat
664 2196 713 2249 pro
727 2178 781 2230 ltoec
792 2178 870 2246 tatia,
882 2182 910 2234 id
922 2197 975 2252 eat,
987 2197 1041 2240 tam
1053 2191 1193 2258 preclara,

157 2271 210 2311 tarn
220 2258 303 2328 digua.
315 2257 358 2310 Sic
370 2255 417 2308 lib.
428 2256 472 2323 lV,
485 2275 564 2308 carm.
575 2257 607 2323 6,
618 2275 684 2308 rere.
696 2257 725 2323 41
739 2279 745 2308 :

599 2391 604 2401 .
615 2391 620 2401 .
631 2391 636 2401 .
647 2353 711 2402 ,haec
720 2355 810 2403 exitiale
818 2359 925 2406 ferebant

336 2429 430 2484 Robur,
440 2440 463 2474 et
472 2430 560 2490 Argoos
566 2426 706 2488 frangebant
714 2427 806 2474 brachia
815 2445 900 2476 remor.

157 2519 233 2572 Recte
240 2523 297 2590 jam
310 2518 465 2573 Calderinus
479 2517 621 2570 intellexit:
637 2535 778 2569 a.....nec
791 2519 813 2570 ai
826 2517 892 2571 alter
905 2521 976 2574 Paria
992 2523 1099 2593 luisses,
1114 2529 1193 2582 talem

157 2617 224 2652 esses
236 2613 328 2651 nactus
337 2597 482 2650 mulierem.
491 2637 496 2648 .
505 2636 524 2649 ..
536 2622 547 2645 ι
561 2599 589 2648 iu
600 2615 631 2650 eo
641 2609 729 2649 tamen
741 2597 836 2666 falsus,
850 2599 923 2670 quod
933 2619 990 2653 voc.
1003 2603 1057 2655 ltoec
1064 2607 1193 2660 feminino

159 2695 250 2748 genere
263 2681 346 2749 accipi
355 2679 441 2749 jubet.

198 2830 240 2896 45.
260 2831 298 2882 Te
307 2832 487 2902 potittiprensa
500 2828 614 2896 veheret,
627 2843 676 2882 etc.
689 2830 771 2882 lanua
784 2829 937 2883 Parrhasius
948 2830 1012 2902 legit
1021 2851 1143 2903 prenntm
1154 2836 1196 2891 vel

157 2928 255 2982 presta,
269 2909 429 2964 adsentiente
443 2911 588 2962 Bernartio.
603 2911 734 2963 Posterius
748 2927 837 2961 verum
849 2923 926 2981 puto.
940 2911 1027 2963 prem
1039 2911 1114 2983 biga,
1127 2917 1144 2966 i.
1158 2935 1196 2982 e.,

158 2990 284 3061 deprena,
297 2992 401 3046 dentiae
414 2993 441 3042 in
455 3005 536 3044 terrae
550 3003 579 3041 ut
591 2999 631 3056 te,
647 2985 872 3061 quemadmodum
882 2985 1041 3056 Tithonum,
1056 2994 1196 3065 exciperet.

158 3071 264 3138 Noster,
276 3071 360 3125 Theb.
373 3073 434 3138 llll,
446 3069 511 3133 305;
523 3071 658 3136 Lucanus,
668 3070 717 3134 Vl,
731 3067 796 3133 505,
809 3066 841 3118 de
850 3067 942 3152 buna:

339 3172 368 3214 lit
375 3169 463 3231 patitur
471 3180 547 3214 tantos
557 3179 626 3214 tantu
635 3167 744 3230 depressa
754 3163 844 3209 laboret
850 3198 857 3220 ‚
867 3176 910 3210 eto.
999 3197 1006 3212 1

157 3260 204 3310 uiti
211 3257 247 3310 ibi
254 3258 397 3328 legendum
406 3259 439 3308 ait
446 3256 579 3328 deprensa.
586 3256 679 3308 Pronir
686 3253 801 3306 curribus
807 3251 900 3330 eodem
908 3269 987 3305 seusu
994 3252 1076 3308 Theb.
1086 3258 1124 3323 X,
1131 3258 1196 3329 3702

481 3354 587 3400 incendit
595 3355 675 3414 proult
684 3352 727 3398 dea
737 3350 843 3396 curribut
852 3350 936 3396 almum

339 3426 420 3480 Sidut,
431 3437 455 3470 tt
463 3424 556 3469 admoto
565 3424 708 3469 monstrabat
717 3423 798 3468 funera
808 3437 895 3468 cornu:

155 3511 199 3563 nbi
208 3526 295 3563 tamen
307 3510 519 3582 transponendus
529 3529 607 3563 voces
618 3523 699 3582 puto,
713 3523 738 3560 et
748 3507 887 3580 legendum
897 3507 987 3578 μνοιιὶε
996 3511 1114 3564 comibus
1124 3527 1149 3565 et
1158 3517 1202 3568 ad-

155 3603 222 3647 moto
235 3611 331 3654 cumn,
347 3605 375 3642 ut
389 3609 470 3662 supra
486 3589 641 3643 citttoloco
653 3588 782 3641 Thebaid.
795 3587 856 3653 llll,
869 3588 933 3648 305;
946 3587 1109 3656 Gronovius,
1120 3595 1200 3646 Diam,

155 3689 210 3743 rap.
224 3691 255 3742 9,
268 3689 294 3724 et
308 3671 421 3726 Elench.
435 3669 575 3723 Antidiatr.
588 3689 646 3740 cap.
663 3687 692 3734 a,
707 3671 801 3720 retinet
813 3685 917 3737 prensa,
933 3665 984 3719 alia
994 3669 1067 3720 vocis
1080 3675 1202 3742 notione,

154 3754 319 3822 projuncta,
332 3765 362 3802 ut
376 3749 449 3820 apud
460 3749 551 3820 Vir-gil.
565 3751 662 3819 Georg.
675 3751 700 3812 l,
714 3749 778 3815 284,
790 3761 816 3798 et
828 3747 875 3812 ΠΙ,
890 3762 955 3815 2073
968 3761 994 3798 et
1005 3747 1081 3800 Orid.
1095 3751 1201 3804 Remed.

153 3833 240 3882 Amor.
255 3851 280 3880 v.
296 3831 363 3890 2353
376 3831 500 3895 Tacitus,
513 3830 546 3882 de
556 3829 653 3881 Morib.
666 3831 753 3882 Germ.
766 3845 825 3897 rap.
839 3843 885 3878 to:
902 3825 1031 3895 «publice
1043 3827 1149 3880 aluntur
1162 3833 1204 3882 iis·

153 3907 211 3960 dem
223 3909 382 3961 nemoribus
394 3927 426 3960 ac
438 3908 521 3974 lucia,
534 3907 653 3974 candidi,
667 3920 692 3960 et
704 3906 777 3957 nullo
788 3904 891 3957 mortali
902 3923 981 3975 opere
992 3909 1123 3957 contacti:
1138 3925 1206 3978 quot

154 4007 266 4059 prensos
282 4007 361 4042 atero
376 4007 457 4040 curru
471 3987 594 4041 sacerdos
607 4007 637 4040 ac
651 4005 696 4039 rex
709 3985 748 4038 vel
763 3987 886 4056 princepe
905 3985 1015 4035 civitatis
1032 3985 1207 4056 cantitantur,

249 4079 279 4144 1.
1046 4073 1063 4132 5
