2804 4490
173 320 233 398 164
361 317 495 382 NOTAE
520 317 568 378 IN
592 315 790 378 CARMEN
815 313 1014 380 SEXTUM

123 495 126 508 ,
204 462 243 498 ro.
262 446 324 495 Jnm
337 442 443 495 bellaria
455 441 549 494 adorea
559 441 697 511 pluebant.
708 443 738 491 ln
749 441 803 492 MS.
813 440 927 492 Floreat.
938 455 995 494 eret
1006 441 1103 496 celeria
1112 446 1211 514 Rosea,

164 529 191 576 in
209 524 318 576 Senensi
330 520 427 574 velaria
447 517 531 581 tinen·
551 537 630 591 quam
649 520 807 590 scripturam
827 520 959 594 saniorem
976 533 1055 591 putat
1067 521 1211 577 Salmasius

164 607 247 678 Epist.
265 605 315 669 88,
330 617 356 655 et
369 605 558 674 interpretatur
569 599 665 671 fitnem
680 619 695 650 e
712 601 848 670 quo-forte
861 599 919 652 vela
934 618 981 653 seu
994 600 1093 655 velaria
1105 605 1209 676 pende-

164 687 243 751 bant,
260 703 319 756 quae
335 695 457 754 tegerent
472 693 497 732 et
514 699 530 732 a
545 678 641 752 populi
657 692 764 751 aspectu
780 693 900 733 arcerent
914 699 959 733 ees
974 684 1020 752 qui
1032 685 1061 734 in
1078 683 1209 756 populum

148 764 273 818 'missilia
283 762 455 836 spargebant3
467 773 496 812 ut
505 775 531 813 et
538 779 579 813 res
588 763 658 831 ipsas
669 778 726 831 que
735 761 927 832 spargebantur
936 784 941 812 :
951 760 1014 814 hinc
1025 763 1129 817 diuitem
1137 763 1208 817 hanc

164 842 261 897 lineam
270 843 418 916 appellasse
429 841 591 907 Martialem,
601 841 733 911 Epigram.
746 841 817 908 Vlll,
828 843 869 910 78.
885 843 962 894 Hanc
975 843 1055 913 igitur
1068 843 1158 896 locum
1169 847 1207 896 sic

164 925 301 978 constituit
311 946 316 974 :

379 994 422 1036 vit
432 992 523 1038 Aurora
533 1005 606 1036 noros
616 989 723 1036 movebat
733 1003 798 1036 ortus

377 1066 428 1109 Jam
437 1060 522 1108 velaria
532 1060 612 1116 linere5
624 1072 647 1106 et
655 1059 751 1124 pluebat

379 1133 459 1191 (llnne
468 1144 544 1177 rorem
554 1130 648 1188 veniens
657 1129 762 1192 profudit
771 1132 862 1190 Emere)

377 1199 494 1263 Quicquid
503 1198 580 1245 nobile
589 1199 691 1246 Ponticis
700 1199 802 1254 necetis,
813 1209 856 1246 etc.

164 1294 250 1357 «Vix,
267 1291 351 1362 inquit
369 1287 426 1354 ille,
443 1289 546 1338 Aurora
562 1285 748 1352 illucescebat,
768 1300 794 1338 et
806 1289 862 1358 jam
874 1287 970 1341 velaria
983 1289 1071 1356 linea,
1081 1291 1122 1343 vel
1134 1291 1203 1344 linea

162 1391 223 1422 cum
233 1369 363 1422 velaribus
377 1379 516 1438 praetenta;
535 1379 560 1418 et
574 1364 685 1437 pluebat
702 1367 790 1418 statim
802 1366 930 1438 qrricquid
942 1367 1045 1436 nobile,
1057 1382 1106 1422 etc.
1118 1393 1129 1418 ι
1143 1372 1204 1423 llaec

161 1453 199 1502 vir
211 1451 350 1514 maximus,
362 1449 516 1498 festinanter
528 1458 554 1497 et
568 1446 655 1497 minus
667 1460 798 1498 accurate.
816 1448 902 1497 Primo
918 1451 1007 1514 enim,
1024 1451 1078 1501 scio
1094 1449 1203 1502 Statium

160 1549 215 1582 non
228 1528 402 1581 adinissumm
413 1527 494 1578 luisse
507 1539 559 1577 tam
572 1523 666 1578 rudem
678 1539 704 1590 et
715 1523 808 1578 duram
821 1525 956 1578 elisionem
968 1529 995 1579 in
1008 1547 1097 1594 versu,
1111 1529 1202 1590 lineet,-

160 1623 185 1662 et
193 1609 308 1683 pluebat.
321 1606 437 1673 Deinde,
452 1603 517 1677 quid
527 1605 621 1656 volunt
633 1607 700 1670 ista,
714 1605 794 1657 Hunc
806 1623 888 1657 rorem
900 1609 1004 1660 ueniens
1014 1607 1135 1680 pmsrtdit
1149 1609 1203 1659 Eu-

161 1692 222 1742 rus?
231 1691 292 1741 Hac
303 1687 464 1758 significarit,
473 1686 559 1754 inquit
568 1683 723 1753 Salmasius,
731 1684 858 1757 pleraque
869 1705 960 1738 eorum
972 1707 1028 1759 quae
1037 1701 1102 1740 tunc
1112 1707 1204 1760 sparsa

160 1784 234 1822 erant
245 1788 276 1821 ex
290 1771 394 1821 Oriente
405 1767 522 1818 venisse:
537 1763 599 1834 quid
612 1763 710 1815 audio?
722 1782 755 1815 an
766 1767 866 1819 Pontus
876 1767 904 1817 in
914 1769 1041 1820 Oriente?
1053 1787 1087 1820 an
1096 1769 1202 1838 Ebusus,
1290 1774 1295 1785 “

161 1847 247 1899 insula
262 1850 289 1898 in
305 1848 370 1898 mari
386 1843 534 1910 Balearico,
545 1847 620 1914 juxta
632 1844 803 1914 Hispaniam
820 1846 897 1896 istam
909 1847 1076 1918 Hispaniam,
1089 1867 1146 1920 quae
1158 1847 1204 1916 (ut

161 1926 224 1978 alibi
235 1927 349 1996 Statius)
361 1924 500 1976 stridorem
510 1934 571 1975 rotoe
583 1921 698 1974 cadentis
709 1921 800 1974 cudit?
810 1921 860 1975 Sed
873 1937 899 1976 et
909 1921 960 1976 hoe
973 1925 1161 1993 concedamus,
1172 1941 1203 1978 ut

68 1996 70 2008 ¹
160 2023 240 2076 porro
253 2019 397 2075 quaererem
412 2001 478 2072 quid
490 2002 523 2052 sit
530 1999 639 2053 veniens
650 2001 744 2052 Eurus.
768 2001 881 2074 Veniens
894 2003 1002 2074 quidem
1013 2004 1052 2058 sol
1063 2020 1089 2058 et
1101 2007 1204 2060 veniens

159 2085 226 2150 dies,
237 2103 286 2155 pro
295 2085 377 2136 oriem
382 2079 421 2132 sol
428 2093 454 2132 et
461 2081 513 2132 dies
517 2119 526 2146 ,
535 2082 633 2151 passim
642 2092 784 2132 occurrunt
792 2080 863 2152 apud
872 2095 979 2153 poetas:
991 2085 1037 2137 sed
1044 2085 1114 2138 locus
1120 2087 1176 2158 ipse
1186 2107 1204 2162 a

160 2182 213 2238 quo
221 2167 344 2228 veniunt,
356 2180 404 2214 seu
414 2160 548 2226 oriuntur,
556 2179 610 2213 non
618 2163 669 2212 nisi
676 2158 789 2213 absurde
796 2161 848 2212 dici
858 2175 947 2234 potest
956 2164 1056 2232 venire,
1069 2185 1116 2218 seu
1126 2167 1201 2218 oriri:

159 2245 246 2296 Eurus
258 2246 327 2296 enim
340 2241 444 2294 nenieru
456 2254 524 2292 esset
534 2241 617 2292 onena
629 2243 725 2294 Oriens.
735 2242 849 2292 Tantum
863 2254 954 2293 contra
964 2243 1127 2298 salmasium.
1138 2247 1203 2300 Gro-

158 2325 250 2375 novius
268 2325 336 2374 enim
352 2319 497 2393 prudenter
510 2319 582 2371 hunc
596 2319 685 2372 locum
702 2322 858 2388 transmisit,
877 2323 930 2373 sire
947 2321 1021 2392 quod
1036 2324 1102 2376 nibil
1118 2325 1151 2378 dc
1168 2345 1202 2378 eo

158 2399 246 2454 dicere
262 2401 368 2468 babuit,
384 2418 430 2452 seu
449 2401 517 2451 ferte
533 2401 632 2452 veritus
649 2398 783 2451 offendere
801 2402 914 2451 amicum
933 2400 1103 2469 Salmasiuru,
1124 2411 1203 2476 cujus

159 2485 325 2553 conjecturas
339 2483 396 2532 sine
408 2479 491 2532 dubio
506 2478 655 2552 approbare
669 2497 724 2530 non
738 2480 834 2550 potuit.
849 2480 881 2530 Et
895 2497 972 2546 sane,
987 2491 1016 2531 ut
1028 2479 1115 2534 dicam
1127 2484 1203 2556 quod

161 2564 260 2629 sentio,
272 2563 367 2613 frustra
380 2572 419 2612 est
430 2561 515 2611 omnis
528 2559 605 2611 labor
614 2561 643 2610 in
656 2558 846 2630 perditissimo,
857 2571 897 2626 et,
907 2572 936 2610 ut
945 2559 1009 2612 mihi
1018 2559 1129 2629 videtur,
1143 2581 1202 2614 rnu-

158 2642 207 2694 silo
219 2641 288 2694 loco.
300 2644 389 2694 Unum
400 2639 453 2693 boc
465 2654 554 2692 tamen
564 2657 675 2710 possum
687 2639 788 2706 dicere,
801 2640 911 2692 Statium
920 2678 928 2706 ,
937 2639 993 2692 scil.
1006 2629 1154 2712 scripsisse,

343 2739 411 2782 llunc
420 2751 497 2781 rorem
506 2736 601 2782 veniens
609 2735 716 2802 proludit
724 2737 769 2782 Eot
774 2752 782 2791 ;

160 2853 190 2892 ut
204 2837 276 2910 apud
290 2837 365 2891 Orid.
380 2838 449 2888 Fast.
465 2839 516 2903 Ill,
530 2835 599 2907 877:
618 2836 703 2890 -Tres
718 2837 766 2888 ubi
778 2839 914 2890 Luciferos
927 2841 1034 2890 veniens
1050 2839 1201 2910 premiserit

160 2917 243 2969 Eos·
258 2917 364 2968 Metam.
372 2919 405 2981 V,
417 2915 469 2983 llo
480 2937 485 2966 ι
503 2917 631 2966 eveniens
644 2933 749 2968 aurora.
761 2940 772 2962 s
785 2915 876 2986 virgil.
889 2917 930 2981 X,
943 2918 990 2984 ²4¹
1004 2938 1010 2967 :
1026 2935 1143 2969 «aurora
1154 2933 1201 2968 te-

160 3001 279 3050 niente-
294 2999 333 3049 lta
345 2999 448 3049 veniens
459 2996 510 3062 sol,
520 2997 658 3061 Horatius,
672 2996 753 3066 Epist.
767 2998 794 3061 l,
808 2995 847 3046 16.
863 2996 975 3050 Veniens
985 2996 1053 3063 dies,
1064 2997 1201 3066 Virgilius,

158 3075 254 3146 Georg.
267 3075 301 3127 tle
311 3075 434 3147 Orpheo,

343 3175 390 3231 Te,
400 3175 504 3220 veniente
514 3173 565 3228 die,
575 3186 611 3229 te,
621 3171 762 3226 decedente,
774 3169 879 3216 canebat.

158 3258 230 3310 unde
241 3259 341 3312 erudite
352 3261 490 3326 Lucanus,
504 3263 530 3326 l,
547 3263 576 3315 15
589 3285 595 3313 :

342 3357 412 3402 Unde
422 3359 484 3403 venit
492 3359 571 3414 Titan,
581 3371 606 3404 et
615 3373 660 3403 nor
669 3357 709 3402 uhi
718 3355 792 3402 sidera
802 3353 887 3399 condit.

157 3445 182 3494 id
194 3456 245 3511 cst,
261 3445 363 3496 Oriente
371 3457 401 3497 et
409 3443 554 3497 Occidente.
565 3447 625 3513 Eos,
638 3447 720 3518 priam
730 3439 877 3514 producta,
889 3455 982 3514 utpote
993 3443 1198 3502 aGraeco'Heie:

156 3538 182 3574 et
195 3526 230 3576 ita
242 3525 381 3590 Lucanus,
399 3525 451 3591 IX,
467 3525 531 3592 5l9;
550 3525 626 3576 Orid.
641 3523 747 3576 Heroid.
761 3525 811 3588 lll,
831 3523 874 3593 57,
893 3521 984 3576 etalii.
1004 3525 1067 3575 Post
1077 3544 1199 3593 versum,

154 3603 216 3655 Jam
227 3602 334 3655 bellaria
342 3602 436 3655 adoreo
443 3601 755 3676 pluebant(quoeunque
762 3602 843 3655 modo
850 3606 900 3656 iste
907 3603 1060 3657 scribendus
1068 3608 1114 3672 sit,
1125 3607 1200 3678 quod

155 3702 218 3736 sane
227 3687 300 3755 juxta
313 3701 372 3734 cum
384 3684 551 3756 ignarissimis
564 3684 645 3754 seio),
660 3683 787 3736 excidisse
802 3697 869 3755 puto
882 3697 934 3736 tres
945 3684 987 3737 vel
1001 3700 1124 3757 quatuor,
1138 3689 1198 3758 qui-

154 3765 203 3818 bus
218 3763 440 3818 enumerabuntur
452 3764 560 3816 missilia
574 3777 600 3816 et
614 3764 725 3816 bellaria
740 3784 798 3838 quae
812 3767 897 3836 prima
915 3765 1071 3838 prolusione
1088 3785 1197 3840 sparge-

152 3845 251 3896 bantur
262 3847 289 3895 in
301 3844 445 3916 populum:
458 3857 520 3914 post
533 3862 599 3914 quos
612 3842 701 3908 addit,
711 3843 789 3896 Hunc
801 3862 883 3896 rorem
895 3847 998 3898 veniens
1005 3846 1195 3916 prandisse,

152 3923 208 3976 baec
222 3927 323 3997 sparsio
338 3937 393 3977 erat
406 3927 488 3997 prima
505 3937 531 3975 et
545 3928 682 3977 matutine.
696 3927 777 3997 Atqui
789 3923 933 3978 absurdum
945 3939 1014 3978 esset
1025 3923 1112 3977 dicere
1125 3925 1196 3975 lunc

151 4023 248 4074 rorem,
263 4008 313 4060 nisi
327 4022 387 4060 ante
398 4021 529 4061 narrasset
541 4010 599 4081 quis
610 4007 649 4061 vel
662 4005 747 4080 qualis
760 4019 829 4059 essct
843 4006 885 4058 bic
899 4026 938 4058 ros
950 4024 996 4058 seu
1008 4003 1129 4068 nimbus3
1144 4021 1194 4054 nec
