2850 4488
295 312 330 374 P.
350 309 385 372 P.
405 305 525 372 STAT.
544 303 658 370 SILV.
676 304 764 368 ΜΒ.
786 303 853 381 IV,
871 300 1010 366 GARM.
1029 301 1069 366 V.

304 437 450 505 Crinitur
461 433 578 514 arbas3
590 454 683 498 nunc
693 429 868 498 volucrum
878 433 956 496 novi

327 549 489 632 Questus,
500 544 779 635 inexpertumque
790 561 943 618 carmen,

349 652 447 740 Quod
458 654 557 720 tacita
568 666 715 719 statuere
727 650 855 717 bruma.

305 769 373 832 Nos
384 787 485 856 parca
494 757 611 844 tellus,
623 759 763 855 pervigil
774 758 928 838 etiams,

304 875 512 970 Gulmenque
523 871 630 941 multo
641 872 768 940 lumine
779 868 951 938 sordidum

328 985 500 1067 Solantur,
513 999 754 1077 exemptusque
767 997 852 1049 testa

350 1100 424 1183 Qua
435 1093 535 1163 modo
547 1093 717 1162 ferbuerat
727 1096 857 1184 Lyaeus.

306 1211 380 1274 Non
391 1205 483 1274 mille
493 1204 609 1273 balant
619 1203 758 1294 lanigeri
770 1223 902 1293 greges,

305 1321 374 1386 Nec
384 1341 485 1386 vacca
496 1313 586 1383 dulci
597 1316 705 1405 mugit
715 1309 883 1379 adultero:

219 1455 220 1458 ’
327 1431 462 1524 Unique
473 1430 501 1496 si
513 1423 648 1521 quando
660 1425 792 1492 canenti

350 1544 467 1606 Mutus
478 1561 558 1630 ager
568 1535 705 1603 domino
717 1529 884 1600 reclamat.

306 1647 369 1718 Sed
380 1665 470 1715 terra
480 1648 598 1739 primis
609 1657 687 1736 post
700 1643 843 1735 patriam
854 1637 937 1706 mihi

306 1759 435 1828 Dilecta
445 1761 534 1825 auris
545 1780 552 1822 :
565 1755 620 1822 hic
630 1775 705 1821 mea
716 1751 864 1820 carmina

329 1869 455 1957 Regina
464 1862 630 1932 bellorum
641 1862 756 1950 virago

351 1980 501 2043 Caesareo
513 1972 681 2040 decoravit
692 1991 792 2037 auro:

305 2092 420 2174 Quum
431 2103 469 2154 tu
480 2085 602 2154 sodalis
614 2085 712 2153 dulce
722 2081 909 2176 periculum
1011 2117 1013 2125 ,

304 2201 470 2267 Connisus
483 2200 576 2266 omni
587 2212 721 2290 pectore
732 2192 885 2274 tolleres;

328 2312 375 2376 Ut
384 2311 501 2377 Castor
511 2307 555 2375 ad
566 2320 704 2374 cunctas
716 2301 880 2370 tremebat

350 2421 518 2514 Bebryciae
529 2423 687 2513 strepitus
698 2438 817 2484 arenae.

304 2535 398 2598 Tene
409 2533 445 2597 in
456 2534 593 2598 remotis
605 2526 756 2619 Syrtibus
768 2525 841 2592 avia

163 2716 265 2770 amisso
275 2715 364 2784 apice,
376 2715 448 2766 veris.
458 2715 534 2766 Cani.
546 2712 663 2765 Pruden-
745 2709 786 2762 18.
804 2711 855 2759 Pro
873 2703 958 2768 dulci,
976 2705 1052 2755 Rom.
1072 2700 1161 2761 duim
1176 2713 1202 2752 et

161 2799 234 2859 tius,
245 2789 382 2864 Ptychom.
392 2813 416 2844 r.
430 2791 480 2844 355
490 2814 497 2856 ;
509 2790 586 2845 ond.
598 2793 661 2843 Met.
707 2805 756 2858 pra
768 2785 872 2838 canenti
882 2782 934 2854 (va.
949 2780 994 2851 ¹9)
1008 2782 1133 2840 camenn'5
1146 2797 1202 2850 qnae

161 2875 204 2940 X,
220 2871 281 2932 166;
295 2871 385 2924 Sanee.
398 2871 475 2922 Herc.
487 2871 549 2922 OEt.
561 2888 585 2919 v.
598 2867 662 2935 454ς
708 2867 796 2916 amnia
808 2861 885 2914 nihili
897 2870 966 2914 aaut.
984 2888 1020 2898 —
1036 2857 1103 2909 Cad.
1122 2859 1201 2908 Paria.

161 2954 273 3021 Florus,
285 2953 311 3021 i,
323 2952 367 3020 16,
378 2951 410 3004 de
420 2953 578 3023 Campania:
594 2949 664 3000 aDe·
708 2941 749 2994 ed.
762 2961 802 3013 pr.
815 2939 911 2993 dalei...
924 2936 1035 2988 canenti.
1054 2937 1086 2986 Α.

162 3026 662 3104 ηἰῃο,ὶ)ἰεθοτί1)ιιινετηειῑ.»-0οά.
745 3038 786 3072 nn.
804 3020 853 3069 Pro
871 3018 925 3082 nic,
939 3014 1018 3085 vulga
1035 3012 1110 3072 tate·
1129 3010 1202 3083 quad

161 3112 248 3165 Paria.
265 3123 291 3163 et
303 3109 366 3163 edit.
380 3112 464 3182 princ.
477 3125 538 3160 cnm
551 3107 662 3172 ceteris,
707 3113 733 3151 et
744 3096 843 3151 habent
856 3094 915 3156 aad.
932 3096 989 3146 Par.
1003 3091 1065 3144 edit.
1080 3109 1121 3162 pr.
1135 3088 1201 3141 Vide

162 3191 239 3244 mis.
257 3190 290 3241 A.
706 3190 762 3229 not.
775 3176 809 3229 ad
820 3193 859 3228 vs.
874 3174 915 3240 24.
933 3173 966 3223 Δ.

205 3265 246 3320 ι5.
264 3269 313 3319 Pro
325 3265 459 3332 Solantur,
471 3264 531 3317 aad.
543 3265 624 3316 Paria.
636 3275 663 3316 et
741 3256 783 3323 ²4·
802 3252 903 3324 Vulgo,
921 3249 1060 3322 peraravit.
1081 3274 1117 3285 -
1134 3244 1199 3298 Cad.

160 3347 209 3401 erl.
222 3345 379 3418 parabatur.
398 3344 429 3396 A.
705 3334 891 3398 Pnaintextn,
898 3324 1109 3402 pemnnavit5ad
1117 3339 1199 3396 marg.

206 3423 246 3474 16.
268 3423 319 3473 Pro
342 3422 398 3492 Qua
417 3419 494 3491 enada
510 3420 661 3491 ferbuerat,
703 3413 857 3484 peramavit.
873 3407 922 3461 Ed.
939 3409 1022 3480 princ.
1035 3405 1199 3477 peranaavit.

161 3506 253 3556 Parin.
262 3500 600 3574 Quamadaferveritfflarn.
611 3501 662 3569 Qui
705 3491 772 3544 Vide·
783 3503 840 3544 not.
858 3490 890 3542 A.

161 3583 244 3638 mado
253 3583 378 3654 ferverat.
392 3579 504 3634 -coa
522 3581 603 3633 Paria.
618 3577 660 3631 ed.
741 3570 783 3623 26.
802 3573 852 3622 Pro
869 3565 1011 3630 (inanitur,
1030 3565 1113 3614 Parin.
1134 3561 1201 3614 Gan·

160 3681 207 3736 pr.
223 3662 275 3730 Qui
285 3679 320 3712 nr.
327 3661 450 3732 ferverat.
469 3661 500 3712 Δ.
705 3652 789 3703 atras.
804 3647 887 3700 Dulce
898 3646 1043 3718 perieulum
1057 3654 1097 3696 est
1107 3660 1138 3694 ax
1150 3641 1201 3691 Ho-

206 3755 246 3809 17.
263 3741 314 3791 Pro
323 3738 446 3812 lanipen',
455 3740 539 3790 Parni.
552 3749 577 3789 et
585 3739 661 3788 Ram.
706 3731 851 3784 nanctum.
868 3730 918 3792 ΙΙΙ,
932 3725 974 3780 2⁵.
988 3757 1024 3766 -·
1037 3723 1102 3778 cod.
1118 3721 1199 3771 Paris·

160 3818 290 3892 Iapiqert'.
301 3847 339 3858 —
350 3817 419 3870 Edit.
430 3837 471 3889 pr.
483 3815 611 3890 Iapiqen}
625 3814 662 3866 aie
706 3812 747 3865 ad.
759 3830 799 3883 pr.
813 3809 944 3864 Ganninas.
963 3811 993 3861 Δ.

160 3899 247 3952 etiarn
259 3896 321 3950 aad.
333 3898 413 3950 Paria.
427 3899 472 3968 qui
485 3895 519 3950 ad
529 3913 610 3966 marg.
624 3891 663 3944 la-
743 3907 784 3959 27.
804 3888 868 3941 eod.
883 3888 941 3939 Par.
955 3901 981 3939 et
995 3884 1037 3939 ed.
1053 3902 1091 3955 pr.
1108 3891 1202 3933 trema-

161 3977 259 4048 na'qen'.
278 3979 309 4028 Α.
422 3975 425 3980 ’
706 3969 757 4019 bat.
776 3969 806 4017 A.
