2850 4488
176 275 240 359 ⁴46
352 272 488 338 nomn
513 271 561 334 ιιι
585 271 782 334 osunen
798 270 1036 336 uuinton

174 423 225 477 que
241 399 306 474 quid
318 399 470 452 Domitiano
485 415 546 449 cum
563 396 615 449 hoc
633 397 753 468 templo?
766 399 821 468 Ego
835 415 932 451 censeo
945 416 995 469 per
1007 400 1106 451 Pacem
1118 397 1163 452 bic
1177 402 1216 453 in·

173 482 255 553 telligi
262 479 356 533 debere
365 489 477 532 statuam
484 475 564 546 hujus
570 478 649 543 Dese,
659 493 740 548 quern
748 478 776 528 in
786 477 884 549 templo
894 489 994 549 epatre
1004 493 1137 532 exstructo
1147 481 1218 534 forte

174 563 291 636 reposuit
300 560 473 614 Domitianus.

212 747 252 800 ¹9.
270 728 360 782 Sancit
372 726 478 792 limina,
491 723 668 797 Flauiumque
679 723 791 777 culmen.
805 727 865 778 Haec
877 743 926 796 per
937 724 1065 781 editiones
1076 742 1169 798 regnet
1182 731 1218 784 le·

173 811 243 871 ctio;
258 821 284 860 et
296 809 371 880 quasi
385 803 458 858 nulls
472 817 541 857 esset
554 802 689 856 diversitas
703 806 731 856 in
745 802 835 872 libris,
851 803 884 857 sb
898 806 1020 859 omnibus
1032 811 1219 862 transmittitur

172 887 217 940 bic
228 887 312 939 locus.
326 885 408 956 Atqui
424 881 554 934 Domitius
571 881 599 932 in
616 880 754 935 codicibus
766 885 821 935 suis
833 884 932 936 invenit
950 897 976 936 et
992 884 1091 951 edidit,
1105 907 1116 931 ι
1129 887 1220 940 Sanoit

173 965 279 1034 limina,
292 965 463 1034 Flaviumque
478 961 597 1024 calvum3
611 983 622 1010 s
640 960 712 1034 quod
723 963 760 1014 ita
772 963 892 1033 exponit:
908 982 919 1008 ι
932 961 1030 1015 Alludit
1042 963 1078 1016 nd
1090 966 1219 1017 Domitiu-

173 1065 238 1100 num
255 1047 300 1117 qui
315 1043 404 1096 calvus
421 1055 494 1095 eret:
511 1044 592 1094 immo
609 1053 635 1094 et
650 1042 755 1095 calvitio
773 1042 973 1111 offendebatur,
987 1045 1106 1116 quamvis
1120 1045 1218 1097 librum

173 1127 278 1199 scripsit
287 1123 318 1177 de
329 1125 398 1176 Cura
409 1122 570 1194 Capillorum
582 1122 614 1174 ad
627 1125 748 1176 amicum.
768 1123 844 1176 illuni
857 1141 938 1197 seque
948 1125 1090 1178 consolans
1101 1127 1217 1178 lutens·

174 1206 266 1272 lis,Et
285 1203 360 1258 caluo
377 1203 478 1258 serviret
495 1203 577 1254 Roma
593 1202 723 1256 Neroni.»
739 1203 853 1257 Vixvidi
866 1204 1010 1277 quidquam
1021 1207 1104 1276 magis
1118 1205 1216 1258 ridicu·

173 1287 236 1339 lum.
252 1287 327 1338 Hanc
340 1285 419 1337 etiam
432 1283 573 1336 lectionem
584 1283 612 1334 in
623 1285 709 1354 prima
721 1281 783 1335 edit.
803 1285 889 1336 Parni.
907 1287 1010 1354 inveni,
1025 1283 1145 1352 enlmsm,
1159 1305 1214 1338 non

173 1366 277 1418 culmen
289 1387 299 1426 ,·
313 1364 383 1416 unde
398 1376 472 1435 patet
486 1361 651 1414 diversorum
664 1362 789 1428 codicum
804 1361 875 1416 bunc
887 1381 944 1417 esse
957 1365 1131 1435 scripturam
1147 1363 1217 1417 unde

175 1447 254 1497 etism
265 1455 339 1516 patet
351 1443 462 1496 Statium
474 1443 624 1514 scripsisse,

389 1549 435 1609 Qui
445 1549 508 1611 genti
517 1550 597 1611 patriae
607 1547 685 1593 lutura
695 1563 787 1612 semper

389 1621 467 1667 sancit
476 1619 570 1676 limina,
580 1619 731 1682 Flaviumque
741 1618 822 1665 caelum
831 1634 837 1663 ι

174 1725 212 1776 ita
224 1720 287 1777 alibi
298 1735 375 1776 vocat
385 1720 438 1773 boc
452 1719 578 1793 templum
593 1719 685 1772 Flaviae
696 1719 798 1790 gentis5
813 1719 905 1770 Pietat.
917 1717 1012 1771 Abasc.

578 1860 583 1871 .
595 1861 600 1872 .
611 1861 616 1872 .
628 1837 677 1874 .est
686 1823 740 1882 bic,
750 1839 864 1886 agnosco,
873 1825 977 1872 minister

358 1895 437 1953 illius,
448 1909 540 1944 aeterne
548 1897 620 1944 modo
629 1899 670 1960 qui
680 1899 779 1943 uonna
789 1897 853 1958 genti

359 1965 484 2024 Condidit,
494 1970 564 2029 inque
574 1965 618 2011 alio
628 1967 706 2028 posuit
715 1982 754 2012 sus
765 1965 841 2012 sidera
850 1964 915 2012 caelo.

174 2065 206 2115 Et
217 2065 254 2116 ita
265 2060 407 2129 Martialis,
418 2063 507 2134 Epigr.
520 2061 573 2129 1x,
585 2077 620 2129 tt,
634 2059 667 2114 de
680 2060 775 2121 eodem
787 2062 902 2134 templo,
1045 2059 1061 2100 l

390 2169 496 2216 Manebit
505 2167 577 2215 altum
586 2167 668 2214 Flarin
678 2168 750 2216 decus
759 2170 834 2231 gentis

388 2243 447 2287 Cum
456 2239 508 2287 Sole
519 2253 543 2286 ct
552 2235 631 2296 nstris,
642 2255 743 2303 cumque
753 2240 805 2286 lune
814 2241 925 2286 Romnum

388 2313 475 2359 invicta
485 2311 599 2376 quidquid
608 2311 712 2358 condidit
720 2325 815 2367 manns,
823 2308 904 2358 otium
913 2321 960 2367 est;

175 2421 201 2464 et
214 2425 240 2462 ιι
255 2407 372 2480 ejusdem
386 2407 431 2459 lib.
447 2405 480 2459 de
494 2407 619 2478 operibus
632 2388 794 2474 Domitiaini,

326 2515 389 2577 Quid
398 2513 478 2578 loquar
486 2513 584 2562 Alciden
593 2551 600 2574 ,
609 2513 770 2580 Pboebumque
780 2551 786 2574 ‚
796 2517 895 2580 piosque
904 2515 1022 2563 laconas?

388 2585 472 2633 Addita
481 2585 538 2650 quid
546 2589 612 2634 latio
621 2587 699 2634 Flssia
710 2587 795 2651 templa
805 2585 879 2654 polo?

174 2690 246 2742 etita
260 2689 329 2739 forte
342 2684 500 2758 capiendum
514 2684 586 2737 istud
598 2685 646 2756 Eq.
659 2687 730 2738 Max.
744 2705 769 2739 ι.
784 2684 835 2756 94,
849 2705 860 2730 ι
873 2682 926 2737 buc
938 2697 965 2737 et
976 2681 1026 2736 sub
1038 2695 1116 2735 nocte
1130 2682 1219 2737 silenti

173 2770 263 2837 Quum
275 2766 383 2838 Superis
393 2780 496 2818 terrena
504 2765 627 2837 placent,
637 2777 682 2818 tua
695 2765 773 2819 turbs
785 2765 876 2818 relicto
889 2764 1005 2818 babetur
1015 2762 1078 2816 csslo
1087 2785 1093 2816 ς
1102 2785 1114 2812 ι
1123 2781 1219 2835 nempe

173 2848 263 2902 relicto
274 2865 320 2902 sun
332 2845 412 2913 ecto,-
423 2863 469 2900 seu
481 2847 532 2900 isto
546 2844 620 2916 quod
631 2858 661 2898 tu
672 2845 723 2898 illis
735 2846 828 2900 fecisti.
841 2846 881 2897 Ne
892 2843 998 2896 dubites
1007 2843 1040 2898 de
1049 2843 1100 2898 hec
1111 2845 1220 2898 restim*

174 2929 245 2980 tione
259 2949 266 2980 s
281 2927 353 2980 etita
365 2928 391 2978 in
403 2923 522 2978 Turnebi
533 2923 678 2998 exemplsri
689 2921 848 2981 adnotatum
859 2935 931 2990 erat,
942 2921 1055 2974 Metello
1067 2935 1140 2975 teste.

209 3111 251 3147 no.
270 3096 323 3147 Hic
338 3095 419 3147 scenis
433 3092 528 3166 populi
549 3095 602 3148 vias
617 3104 738 3165 pravatus
755 3093 792 3144 Et
808 3091 906 3165 eampis
922 3093 970 3146 iser
986 3109 1063 3146 omse
1076 3090 1221 3146 detinentes

172 3173 274 3244 Lonpos
285 3172 376 3226 eximit
386 3174 505 3226 ambitus.
523 3174 554 3224 ln
566 3173 670 3243 scriptis
682 3186 800 3224 veterum
811 3174 852 3224 vis
865 3172 954 3226 locutu
965 3171 1020 3224 vidi
1030 3170 1082 3224 hoc
1095 3173 1220 3244 inquina-

172 3255 282 3315 tiorem;
301 3271 333 3305 ex
346 3253 432 3304 decem
446 3254 516 3306 enim
529 3253 639 3304 vocibus
654 3269 710 3322 qun
724 3251 791 3305 duos
805 3253 906 3324 priores
920 3251 1066 3308 versiculos
1081 3252 1219 3319 efficiunt,

172 3351 230 3396 ses,
246 3333 313 3383 etin
328 3330 464 3386 nonnullis
479 3331 639 3384 editionibus
654 3342 749 3404 septem
764 3331 920 3403 depravatas
940 3344 1016 3404 puto.
1031 3333 1175 3386 Historiam
1193 3343 1221 3384 et

172 3413 301 3464 rationem
315 3411 394 3484 hujus
408 3413 532 3466 carminis
546 3413 638 3483 paucis
652 3411 737 3478 hsbe,
759 3426 789 3468 nt
802 3413 836 3467 de
850 3411 1006 3482 {scirpum
1021 3427 1115 3466 nostrs
1126 3411 1221 3466 melius

170 3492 300 3563 judicium
313 3492 392 3544 ieras.
414 3493 464 3548 Via
480 3491 588 3566 publiea
607 3491 641 3544 sd
659 3493 772 3561 Cumas,
791 3496 879 3548 sinum
897 3496 1067 3561 Gauranum,
1087 3505 1114 3546 et
1127 3495 1220 3561 Baius,

172 3574 285 3646 pessime
297 3572 396 3624 aflectu
408 3583 477 3634 erat;
494 3573 593 3643 quippe
607 3572 717 3627 obsessa
728 3574 864 3647 profunda
876 3589 902 3628 et
913 3577 986 3647 prasi
999 3592 1096 3635 stenen
1110 3571 1180 3626 odeo
1191 3586 1221 3626 ut

176 3677 189 3702 u
199 3654 275 3728 piger
286 3671 334 3704 ase
344 3664 434 3703 vectus
445 3651 498 3703 udo
509 3666 616 3706 nutaret
627 3674 705 3708 cruce
717 3655 833 3728 pendula
845 3657 943 3724 vietor,
956 3655 1130 3726 uerberetque
1147 3667 1221 3707 rotas

172 3733 287 3805 melan
303 3731 413 3786 tellus·
430 3733 486 3784 Nec
499 3731 645 3806 quidquam
660 3735 820 3807 proficeres,
841 3738 863 3788 si
880 3737 951 3788 oium
967 3734 1102 3807 publicans
1120 3735 1221 3786 esitsse

172 3817 267 3885 selles,
279 3829 305 3870 et
316 3835 365 3889 per
373 3833 477 3889 campos
485 3819 702 3889 circumjacentes
714 3821 764 3872 iter
775 3819 879 3872 lacere:
893 3821 994 3890 qnippe
1005 3817 1153 3870 Vulturnus
1164 3833 1221 3870 stn-

172 3900 214 3950 nis
227 3915 273 3951 eos
283 3897 407 3962 tenebet;
422 3895 489 3962 adep
504 3910 534 3949 ut
550 3897 649 3970 «plebs
660 3901 687 3952 in
700 3899 792 3952 mediis
804 3899 896 3952 Latius
909 3897 1007 3969 campis
1020 3894 1139 3948 bosseret
1150 3893 1220 3947 mele

174 3979 358 4050 navigationis.
372 4003 383 4028 s
400 3977 506 4051 Duplici
519 3977 581 4033 buic
594 3980 765 4035 incommodo
778 3973 935 4033 occurrebat
946 3977 1132 4043 Domitianust
1144 3993 1219 4028 nnm-
