2776 4484
223 329 282 392 με
395 325 528 390 nora
554 325 600 386 m
627 297 822 384 cinnas
846 323 1071 388 raasson

215 463 317 513 lanino
330 461 461 512 consentit
473 459 506 509 N.
519 459 654 522 Heinsius,
666 455 710 526 qui
722 455 755 506 ad
767 453 853 508 Ovidii
865 455 933 506 Fast.
946 457 991 523 lV,
1006 457 1066 522 231,
1080 470 1106 508 et
1118 459 1143 507 in
1156 457 1252 509 Adver-

214 543 304 605 sariis,
317 557 378 612 pag.
392 538 441 609 547
455 535 589 590 emendat:

400 636 429 679 At
436 649 499 679 nunc
509 630 680 692 ἰθυπτίωνα
689 627 726 674 vel
733 626 821 674 lubrica
831 629 898 685 Nais,

292 719 293 727 ¹
400 705 443 749 Vel
452 717 500 748 nou
509 701 619 764 abruptos
627 699 670 745 tibi
677 699 748 746 debet
757 699 987 764 llamadryasanuos.

214 798 244 849 ln
254 795 295 848 bis
304 795 417 868 plurima
428 788 555 842 mirabilia
566 799 702 860 apparent.
713 785 784 855 Quid
794 789 863 839 enim
874 799 927 853 est,
940 807 988 839 cnr
999 789 1063 840 Nais
1072 788 1174 842 dicatur
1185 809 1254 842 nunc

214 877 320 929 demum
335 873 422 925 arbori
438 873 516 921 vitam
531 869 633 920 debere?
645 866 716 934 Quid
730 865 796 919 illud
806 867 917 939 forsan?
929 867 1003 939 quod
1019 871 1086 921 infra
1097 874 1130 937 V,
1142 871 1172 936 3,
1190 869 1253 936 185,

214 970 286 1008 recte
301 953 396 1025 legitur
413 950 446 1002 de
460 950 664 1013 existimatione,
682 958 708 998 et
721 945 755 999 de
768 967 796 998 re
811 947 987 1018 exspectanda
1005 950 1032 999 in
1046 947 1133 1002 Ovidii
1146 951 1253 1002 Metam.

214 1039 272 1102 XV,
290 1033 348 1087 150.
364 1033 432 1084 ‘l‘um
447 1026 589 1099 veroquid
608 1029 705 1100 iqnoroe
717 1027 819 1079 arbori?
832 1028 873 1078 An
887 1041 981 1100 utpote
999 1031 1112 1081 trunco?
1129 1031 1209 1081 Poeta
1227 1027 1254 1080 id

214 1118 336 1186 ignorme
346 1123 465 1184 poterat,
478 1107 524 1160 sed
533 1125 588 1158 non
600 1107 658 1178 ipsa
670 1104 762 1170 arbor3
774 1125 860 1179 neque
873 1107 980 1160 aliunde
991 1123 1097 1174 notum,
1111 1127 1164 1181 quo
1173 1107 1254 1161 modo

213 1196 277 1246 Nais
290 1193 324 1245 ab
338 1191 432 1244 arbore
444 1200 531 1242 sumat
541 1189 598 1239 vitta
609 1189 813 1253 nutrimentum,
827 1187 868 1238 vel
881 1188 958 1239 etiarn
968 1187 1143 1260 Hamadryas,
1155 1189 1198 1240 eui
1213 1205 1256 1240 ar-

214 1272 265 1324 bor
276 1273 355 1323 vitem
368 1269 465 1322 debere
478 1265 651 1318 credebatur:
665 1285 726 1317 nam
737 1265 809 1338 quod
818 1268 896 1334 Nais,
908 1267 979 1339 apud
989 1267 1111 1320 Ovidium
1124 1269 1194 1319 Fast.
1209 1269 1255 1334 Π,

216 1353 280 1420 232,
292 1351 388 1403 dicitnr
398 1347 507 1421 periisse
519 1351 571 1398 ima
584 1365 644 1418 cum
656 1345 766 1412 arbore,
779 1359 804 1398 et
817 1365 875 1419 quse
889 1360 976 1399 narrat
988 1345 1069 1398 schol.
1082 1346 1116 1398 sd
1127 1343 1253 1418 Apollon.

214 1431 300 1484 lllsod.
312 1433 349 1497 ΙΙ,
361 1430 426 1500 475,
439 1446 468 1479 ea
480 1445 535 1479 non
548 1429 585 1478 ita
597 1427 681 1498 accipi
693 1439 817 1497 possunt,
833 1441 967 1500 tamquam
977 1429 1036 1500 ipsa
1047 1425 1162 1500 nympha
1174 1429 1254 1478 ritem

215 1513 338 1565 debuerit
350 1510 447 1562 arbori.
462 1510 544 1559 lmmo
558 1508 654 1560 Statius
666 1505 751 1559 Theb.
766 1509 814 1577 Vl,
826 1525 871 1580 91,
886 1509 976 1560 silvam
988 1506 1126 1573 describit,
1139 1524 1196 1580 qua
1208 1525 1255 1558 su-

215 1604 314 1664 perstes
326 1587 454 1664 nymphas
469 1599 589 1638 mutaret.
606 1587 730 1638 Praeterea
744 1606 798 1638 non
812 1602 899 1660 patet,
915 1607 968 1661 quo
980 1600 1059 1660 paeto
1073 1601 1153 1658 poeta
1167 1585 1201 1637 ad
1214 1599 1255 1636 ta·

214 1671 266 1723 lern
281 1669 435 1723 sententiam
450 1667 477 1717 in
489 1663 541 1718 hac
555 1666 673 1717 oratione
685 1665 806 1718 aberrare
818 1668 943 1738 potuerit.
953 1669 1042 1736 Quare
1054 1685 1137 1720 unum
1149 1667 1254 1720 Grono-

214 1753 285 1802 vium
296 1761 376 1822 puto,
389 1745 453 1818 quid
466 1745 493 1796 in
505 1743 558 1796 hoc
570 1744 630 1797 loco
643 1747 801 1816 requiratur,
817 1760 985 1820 perspectum
997 1745 1132 1800 habuisse.
1147 1747 1170 1798 ls
1184 1747 1253 1798 enisu

214 1849 297 1902 quum
310 1830 338 1880 in
351 1826 490 1878 Observat.
509 1826 535 1890 l,
551 1823 581 1890 5,
599 1826 750 1878 Gevartium
767 1841 909 1898 sequutus,
927 1827 994 1880 nihil
1006 1829 1056 1881 nisi
1070 1846 1129 1879 soc.
1147 1826 1210 1877 etin
1228 1835 1256 1876 at

214 1907 368 1960 mutandum
380 1907 541 1970 censuisset,
553 1905 580 1955 in
595 1904 676 1956 altera
688 1904 768 1976 hujus
780 1905 839 1957 libri
853 1907 970 1960 editione
983 1909 1063 1961 totius
1076 1906 1128 1959 loci
1140 1901 1253 1956 difficul-

214 2003 294 2041 tatem
309 2000 380 2039 certo
392 1983 493 2056 judicio
508 1983 673 2053 ponderans,
688 1988 816 2056 conjecit:

400 2084 429 2124 At
438 2093 500 2124 nunc
509 2077 599 2125 intactas
607 2079 686 2127 forsan
695 2081 732 2128 vel
742 2081 831 2128 lubrica
840 2083 906 2135 Nais,

397 2150 442 2196 Vel
451 2165 499 2212 uon
507 2149 618 2212 abruptos
627 2153 669 2198 tibi
678 2165 754 2201 comet
762 2153 902 2217 Hamadryas
910 2170 991 2201 annos.

215 2243 343 2296 Nimirum
357 2254 435 2314 poeta
455 2259 608 2312 prosperam
628 2257 725 2295 sortem
740 2243 826 2296 arbori
845 2246 964 2297 ominans
982 2245 1069 2298 dicere
1085 2245 1213 2297 debebat:
1230 2253 1255 2294 et

215 2342 286 2376 nunc
300 2323 333 2375 ab
345 2321 396 2374 hoc
409 2321 516 2372 domino
528 2335 629 2376 servata
642 2323 740 2394 vigebis
752 2323 858 2376 inlicitis
869 2326 958 2392 annis,
971 2337 1000 2376 ut
1011 2326 1095 2397 ipsam
1107 2342 1183 2395 aqua
1194 2342 1257 2394 pro·

215 2407 287 2454 ximae
300 2399 457 2475 nympham,
468 2400 510 2452 vel
523 2401 704 2474 Hamadryasin
721 2402 876 2472 longissimas
887 2406 945 2456 situ
957 2418 1008 2456 tna
1019 2405 1150 2455 nutricem
1165 2402 1257 2454 crede·

215 2503 282 2536 mus.
292 2484 322 2534 ln
331 2484 390 2554 ipso
400 2483 480 2552 igitur
490 2484 605 2534 carmine
615 2481 681 2534 nihil
691 2485 801 2548 mutavi,
811 2502 845 2535 ne
854 2483 1038 2538 defensoribus
1047 2481 1158 2552 vulgate
1165 2481 1259 2536 lectio-

216 2566 270 2630 nis,
284 2581 351 2634 quos
363 2580 417 2613 non
430 2560 566 2614 defuturos
578 2561 737 2634 augurabar,
752 2564 887 2614 materiam
898 2563 1075 2626 detraherem
1090 2559 1136 2616 sed
1148 2573 1257 2632 poetam

217 2646 349 2715 scripsisse
361 2644 495 2694 existimo:

400 2739 427 2782 Et
435 2751 497 2782 nune
504 2748 609 2796 cogent-'e
618 2734 696 2782 tonan
705 2737 743 2782 uel
752 2735 837 2784 lubrica
848 2739 916 2792 aaa,

399 2805 443 2852 Vel
452 2821 499 2852 non
509 2806 621 2868 abruptos
631 2807 672 2852 tibi
681 2819 756 2854 comet
765 2807 904 2872 Hamadryas
913 2823 993 2855 annos.

215 2900 251 2950 Et
259 2895 421 2967 nuncforsun
429 2915 460 2948 eo
469 2913 547 2948 sensu
556 2897 671 2967 positum
679 2909 734 2961 est,
742 2915 795 2966 quo
803 2914 884 2968 supra
891 2896 1135 2952 demonstravimus.
1144 2896 1204 2946 Non
1211 2892 1256 2944 ab·

216 2981 284 3052 rupti
293 2979 358 3029 anni
368 2990 427 3028 sunt
436 2977 569 3037 continui;
581 2973 613 3027 de
625 2993 677 3046 qua
690 2975 795 3028 dicendi
804 2977 890 3028 forma
901 2975 953 3028 vid.
964 2975 1032 3040 adl,
1047 2992 1070 3040 r,
1082 2975 1124 3027 da.
1140 2974 1256 3044 Copnata

214 3075 276 3108 vero
288 3055 368 3108 arbor
377 3055 443 3106 bene
452 3054 554 3120 dicitur,
564 3056 707 3125 siveipsam
715 3056 901 3126 cognationem
912 3054 945 3106 ad
955 3051 1150 3126 Hamadryada,
1159 3053 1214 3103 sive
1222 3050 1257 3102 ad

215 3133 314 3201 Naida,
329 3153 426 3186 numen
439 3136 583 3205 propinqui
599 3133 712 3187 fluminis
723 3137 835 3199 referas,
850 3153 903 3207 quo
914 3153 993 3187 seusu
1006 3129 1135 3187 Thebaid.
1147 3132 1180 3197 V,
1193 3131 1255 3202 579.

214 3215 298 3265 Lerna
309 3227 419 3264 vocatur
427 3225 544 3286 cognato.
556 3215 595 3264 lle
606 3215 712 3264 nomine
722 3213 819 3266 lubrica
831 3216 909 3282 Nais,
922 3213 971 3265 rid.
981 3209 1125 3264 Markland.
1137 3208 1171 3261 ad
1180 3212 1217 3278 ll,
1228 3229 1257 3280 a,

218 3291 276 3344 105.
289 3291 374 3342 Verba
384 3310 445 3343 vero
455 3293 634 3363 nuneiqnaroe,
647 3305 677 3342 ut
687 3306 764 3344 erant
772 3295 798 3346 in
808 3293 889 3365 Lipsii
898 3291 1001 3360 codiee,
1013 3291 1089 3344 facile
1099 3294 1258 3344 commutari

215 3384 339 3441 poterant
351 3388 411 3421 cum
422 3368 507 3422 verbis
520 3387 590 3422 nunc
603 3381 732 3444 aequate,
746 3386 772 3424 et
784 3373 903 3425 similiter
913 3373 995 3425 simet
1007 3383 1033 3422 et
1044 3380 1135 3422 comet.
1154 3371 1238 3424 llario.

251 3517 294 3583 65.
317 3514 385 3585 Quid
403 3514 512 3586 referem
532 3515 644 3567 alternos
657 3519 702 3569 sul>
720 3537 812 3594 appete
830 3539 937 3574 mensas.
955 3519 994 3570 De
1012 3519 1085 3589 aquis
1099 3515 1179 3587 liujus
1191 3515 1256 3568 uilla

216 3599 310 3647 iterum
326 3593 446 3646 dicturus
463 3608 515 3658 est;
531 3613 609 3664 quem
623 3597 711 3648 locum
728 3603 824 3670 partim
840 3600 987 3652 absolverat
1000 3617 1079 3670 supra
1093 3617 1130 3650 rs.
1147 3598 1189 3664 43.
1205 3595 1258 3649 Sed

216 3676 297 3726 udrtm
312 3673 404 3736 Tibur,
421 3689 447 3726 ct
460 3691 517 3746 qnoe
532 3675 614 3726 Tiltus·
626 3695 701 3749 sque
710 3677 803 3750 fertile
816 3683 958 3758 praefluunt
973 3679 1017 3751 (ut
1029 3679 1062 3731 de
1072 3681 1104 3732 iis
1117 3677 1258 3749 Horatius)

216 3773 270 3806 non
285 3754 377 3806 leviter
388 3767 415 3805 et
429 3752 507 3805 semel
523 3766 625 3806 tantum
636 3759 810 3811 memoranda
821 3763 939 3812 luerunt.
953 3761 1049 3811 Mirum
1062 3777 1124 3810 rem
1137 3757 1180 3827 (ut
1195 3773 1257 3808 sane

216 3833 347 3886 miraculis
360 3833 555 3886 refertissimum
567 3848 607 3888 est
620 3851 703 3890 toturn
718 3837 773 3890 boc
785 3841 904 3910 carmen)
922 3839 993 3912 quod
1010 3841 1085 3892 initio
1096 3838 1211 3892 occurrit
1221 3835 1259 3888 tls

217 3918 308 3968 mas
316 3917 343 3966 is
357 3926 468 3986 utraque
477 3917 546 3986 ripe;
563 3941 573 3962 ι
585 3917 696 3974 memes
707 3922 812 3990 gemino
823 3939 902 3992 snper
910 3939 1005 3992 afflare
1014 3937 1125 3972 mensas.
1138 3942 1148 3965 ι
1160 3919 1260 3970 truta

218 3998 285 4048 ssim
298 4012 351 4046 nou
368 3993 450 4046 locari
464 3993 550 4048 solent
562 3999 587 4048 in
600 4000 661 4070 ripis
673 3998 825 4061 fluviorum
837 4015 877 4066 et,
892 4004 912 4053 si
929 4003 964 4052 ita
977 4001 1032 4052 fieti
1044 3999 1154 4062 solent,
1169 3999 1260 4067 inepta
