2776 4484
370 290 498 356 LIBRI
524 291 663 354 ratur
688 289 934 354 srnvaaun.
1104 289 1165 360 115

378 418 406 462 Et
415 429 566 478 perrumpere
576 426 637 462 amat
645 429 705 460 saxa.

116 506 146 558 Id
161 520 218 572 est,
234 507 257 558 it
273 517 302 557 et
313 507 469 576 perrumpit.
485 504 572 557 Idems

379 605 469 665 Spargis
478 613 578 664 agrestes
588 601 629 648 thi
639 600 697 646 silva
706 599 813 654 fronde„

379 673 470 722 Gaudet
480 675 575 720 invisam
583 671 700 734 pepuIsse
709 672 785 718 fossor

441 748 488 792 'I'er
495 745 556 806 pede
566 756 658 791 terram.

123 839 161 888 De
172 838 286 890 cantatis
298 835 327 886 in
340 834 393 886 hoc
402 837 477 888 Statii
489 835 549 888 Ioco
561 835 620 888 ride
632 834 696 885 PIiu.
708 835 774 886 Hist.
788 835 847 884 Nat.
859 833 980 898 XXXVI,
993 833 1038 887 25:
1049 838 1173 893 Asarott'ca'

124 915 213 987 lapilli
218 957 227 982 ,
240 916 337 968 Sidon.
349 915 493 987 Apollinar.
507 915 593 967 Canu.
605 915 703 980 XXIII,
714 913 756 984 57.
769 914 831 964 Non
843 915 921 983 igitur
932 912 996 966 dIcit
1007 917 1104 970 Statius
1117 939 1175 973 astt-

126 999 209 1050 rotica
227 999 386 1068 pavimenta
404 994 512 1048 subesse
526 994 638 1066 pedibus
652 996 721 1058 suia,
739 991 785 1046 sed
802 995 952 1063 pavimenta
969 1013 1027 1066 quas
1043 1000 1176 1054 ducerent

128 1077 206 1128 uiam
221 1077 374 1139 asarotica,
387 1076 463 1125 noris
477 1086 502 1125 et
515 1074 645 1126 inusitatis
659 1073 763 1142 figuris:
777 1073 850 1142 picto
864 1072 964 1124 scilicet
976 1093 1121 1146 marmore,
1135 1082 1177 1132 vel

129 1153 259 1227 disposito
276 1158 308 1207 in
323 1157 408 1206 varias
423 1153 530 1204 formas.
545 1151 672 1224 Apuleius
687 1149 773 1204 Miles.
786 1153 819 1216 V,
836 1152 1005 1205 «Pasimenta
1018 1156 1075 1225 ipsa
1089 1157 1178 1230 lapide

130 1236 248 1304 pretioso
261 1233 353 1286 caesim
366 1231 497 1284 diminuto
508 1233 536 1282 in
549 1232 618 1282 varia
630 1231 736 1302 pictura
748 1247 845 1300 genera
856 1228 1076 1286 discriminantur.
1088 1261 1098 1284 ι
1113 1239 1177 1308 Quoe

130 1315 235 1384 Apuleii
250 1313 337 1366 verba
351 1311 440 1364 Iocum
453 1310 525 1362 hunc
539 1311 642 1381 egregie
657 1309 787 1381 explicant
800 1324 824 1362 et
841 1307 979 1364 illustrant.
992 1315 1072 1367 -In
1085 1315 1136 1370 hac
1148 1339 1178 1371 ra

131 1413 223 1448 verear
240 1413 279 1447 ne
299 1390 471 1444 Marklandus
489 1409 536 1442 suo
551 1408 630 1444 sensu
648 1392 736 1461 potius
755 1407 833 1460 quam
846 1391 932 1443 verbis
949 1390 1076 1466 deceptus
1088 1398 1177 1452 uara.

131 1475 196 1526 Nam
209 1473 319 1528 etiamsi
335 1471 480 1526 absurdum
494 1484 575 1535 esset,
590 1483 620 1522 ut
635 1472 684 1534 ait,
697 1470 720 1524 si
732 1483 813 1540 poeta
826 1468 946 1537 dixisset,
959 1475 1099 1530 Etruscum
1112 1497 1179 1548 gaa-

134 1553 192 1608 dsre
203 1554 324 1606 donasse
334 1551 485 1624 sepulcrum
494 1553 611 1623 parenti,
623 1563 711 1602 tamen
723 1552 804 1618 magis
816 1548 958 1602 absurdum
966 1553 1080 1621 videtur,
1091 1559 1180 1626 gaudii

134 1653 228 1686 nomen
240 1633 282 1685 ibi
297 1633 377 1704 poni,
391 1631 439 1684 ubi
452 1645 498 1684 aut
512 1631 658 1682 contrarios
673 1630 752 1680 animi
764 1628 891 1692 aflectus,
906 1642 951 1680 aut
963 1629 1029 1684 nibil
1042 1635 1178 1704 significet.

135 1711 184 1764 sed
203 1711 307 1764 Statius
327 1729 383 1762 non
402 1711 457 1762 sine
471 1729 550 1762 causa
566 1707 669 1760 addidit
684 1707 813 1782 pandens,
834 1708 939 1778 quaudo
952 1725 1090 1780 parentem
1107 1734 1180 1768 mor-

136 1807 208 1844 tuum
224 1788 390 1844 carminibus
404 1789 543 1856 celebrari,
556 1790 615 1860 ipso
631 1785 683 1838 filio
694 1785 792 1857 gaudio
807 1805 864 1838 esse
877 1802 990 1859 poterat.
1006 1790 1105 1846 Plinius
1120 1813 1181 1848 vern

136 1872 161 1922 in
173 1870 252 1924 allato
267 1871 331 1922 Ioco
345 1871 394 1934 lII,
411 1886 432 1932 1,
445 1887 473 1932 2,
486 1887 589 1920 amnem
602 1867 667 1918 dicit
679 1867 771 1942 sapius
785 1867 855 1918 nasci
864 1868 1021 1942 pandentem
1028 1895 1039 1934 ,-
1052 1891 1138 1943 neque
1152 1875 1179 1926 in

137 1951 241 2022 reliquis
253 1951 337 2014 Iocis,
349 1967 436 2020 neque
448 1947 509 1999 alibi
519 1966 631 2020 usquam
643 1945 696 1999 hoc
705 1945 814 1998 verbum
825 1947 1014 2018 sIguificatione
1025 1951 1179 2006 destitutum

138 2045 190 2096 est,
202 2031 250 2084 aed
262 2043 407 2100 usurpatur
416 2028 449 2080 de
459 2047 487 2080 re
500 2041 544 2078 aut
557 2026 616 2078 Iaeta
627 2028 680 2080 sive
692 2040 780 2097 grata,
793 2041 837 2079 aut
849 2045 900 2098 qna
909 2047 963 2081 nou
975 2049 1114 2101 gravamur
1127 2037 1180 2086 sive

140 2126 217 2182 quam
230 2127 287 2160 nou
302 2106 490 2169 detrectamus;
510 2126 590 2178 quare
607 2108 775 2178 conjungitur
791 2111 868 2160 ctiam
885 2127 945 2160 cunr
959 2110 1045 2163 verbIs
1060 2113 1180 2166 vincendi

140 2203 165 2241 rt
177 2188 325 2260 aspernadi.
344 2187 428 2240 Hiran.

175 2328 218 2381 58.
240 2329 309 2398 Quid
319 2345 389 2380 tntuc
401 2327 517 2402 inperitia
528 2327 617 2378 Mirer.
631 2327 714 2380 Mirer
723 2339 762 2378 est
775 2326 843 2379 idem
858 2329 929 2399 qaod
942 2333 1060 2385 mirando
1074 2335 1178 2388 Iaudem

143 2423 168 2460 et
180 2407 323 2474 colebam,
337 2420 367 2459 ut
380 2405 449 2458 bene
461 2407 602 2458 Domitius.
617 2409 655 2458 Ita
667 2408 738 2458 Puni.
754 2406 799 2458 lib.
814 2409 858 2474 IV,
876 2409 984 2462 u'I'ertio
999 2415 1073 2465 Viam
1087 2415 1179 2467 Domi-

144 2490 238 2540 tianam
251 2490 361 2540 miratus
375 2503 449 2550 sum,
463 2503 521 2556 quse
531 2487 706 2556 gravissimam
721 2503 860 2538 arenarum
875 2496 1095 2557 moramexemin
1106 2518 1117 2540 ιι
1134 2493 1179 2545 ubi

143 2565 218 2637 plura
230 2565 373 2619 adnotabo.

182 2705 223 2774 59.
242 2706 294 2756 Aut
310 2705 372 2776 quid
385 2702 488 2776 partitis
504 2703 626 2756 distantia
643 2715 707 2756 tecta
724 2703 846 2755 stichos-is.
866 2705 1003 2774 Triclora,
1015 2694 1050 2760 ati
1063 2711 1179 2781 apixapc,

147 2783 318 2836 Gasaubonus
331 2783 362 2834 ad
377 2783 507 2856 Spartiani
520 2783 644 2835 Pesceuu.
663 2783 787 2852 Nigrum,
802 2785 997 2853 interpretatur,
1016 2788 1105 2840 naedes
1124 2809 1180 2861 que

147 2860 232 2916 uibus
242 2862 358 2934 partibus
368 2876 504 2924 constant;
517 2879 628 2933 quarum
640 2879 692 2913 nna
703 2860 910 2931 ingredientibus
922 2863 999 2916 obvia
1011 2877 1064 2931 est,
1076 2867 1135 2919 duae
1147 2869 1181 2921 ad

145 2941 236 2994 latera.
248 2965 259 2987 s
273 2940 328 2992 Nos
339 2959 460 2994 vocamus
472 2941 535 2994 alas.
549 2940 704 3007 Salmasius,
716 2940 750 2992 ad
759 2940 871 2994 eundem
883 2942 970 2994 Iocum
979 2945 1063 3016 Spart.
1077 2964 1105 3015 p.
1115 2947 1181 3017 677,

144 3023 179 3074 ait
191 3021 305 3074 trichora
315 3039 371 3074 csse
380 3023 500 3092 fastigia:
513 3034 540 3074 st
551 3020 759 3093 eruditsprobat
772 3033 839 3072 tecta
851 3034 968 3072 veterum
978 3021 1097 3092 pluribus
1108 3025 1182 3079 fasti·

142 3101 190 3171 giis
203 3101 258 3153 lieri
271 3099 364 3152 solere.
378 3101 445 3153 Vide
459 3119 518 3153 eum
531 3099 705 3174 explicantem
716 3098 787 3152 hunc
800 3098 875 3152 Statii
887 3099 984 3153 Iocum.
996 3103 1095 3160 Omnes
1105 3105 1182 3161 latuit

142 3178 265 3232 meadum
279 3178 493 3232 occultissimum.
506 3179 572 3232 Vide
584 3182 654 3232 enim
665 3179 904 3232 constructionem:
923 3180 1007 3253 aquid
1019 3202 1090 3238 nnuc
1102 3189 1181 3242 mirer

143 3261 269 3329 iugeratim
284 3271 332 3311 aut
346 3259 409 3329 qnid
418 3273 488 3312 tecta
500 3257 624 3311 distantia
637 3262 739 3332 partitis
754 3258 910 3312 anchoris?-
927 3261 972 3312 ubi
986 3264 1007 3316 si
1022 3263 1094 3319 dicas
1105 3265 1132 3318 ri
1145 3280 1179 3320 te-

142 3349 181 3389 eta
193 3336 366 3410 repetendum
379 3357 437 3391 esse
448 3359 479 3392 ex
491 3329 567 3391 versu
581 3342 715 3410 sequenti,
727 3351 756 3390 ut
768 3343 943 3412 conjungatur
953 3341 987 3410 aqi
999 3344 1128 3416 inperitia,
1141 3366 1181 3400 re·

143 3418 273 3489 spondeo,
286 3416 341 3472 hoc
354 3433 435 3489 pacto
446 3437 525 3472 vocas
537 3429 585 3471 aut
594 3419 658 3492 qaid
671 3419 814 3473 abundare.
826 3421 967 3490 Quodnam
981 3426 1050 3476 euim
1063 3445 1130 3497 opus
1142 3427 1182 3479 di-

143 3516 213 3564 cata,
228 3497 315 3570 nquid
326 3516 402 3550 nunc
413 3501 495 3552 mirer
511 3501 629 3571 ingentia
641 3513 725 3566 tecta,
742 3515 788 3554 aut
801 3501 865 3573 qnid
879 3499 1002 3556 distantia
1019 3507 1122 3575 partitis
1136 3509 1182 3560 tri-

143 3576 242 3644 choria,
251 3603 264 3626 ι
281 3596 365 3650 quum
382 3581 446 3632 satia
460 3582 493 3632 sit
515 3581 652 3650 ringentis
666 3594 751 3649 tecta,
764 3579 888 3635 distantia
905 3585 1007 3655 partitis
1021 3585 1179 3639 trichorisis

142 3659 263 3712 Pnnrea
275 3656 418 3712 discretiva
430 3677 481 3712 vox
490 3672 550 3727 aut,
563 3663 584 3712 si
596 3678 661 3713 sana
673 3675 754 3727 esset,
766 3659 899 3714 evidenter
909 3677 1064 3717 monstraret
1075 3664 1108 3718 de
1120 3667 1183 3718 dno·

141 3735 188 3792 bus
201 3737 280 3792 rsbns
294 3755 445 3790 sermonem
457 3757 529 3792 usas:
545 3757 622 3792 nemo
637 3741 706 3792 euim
721 3739 784 3793 dicit
798 3741 863 3813 qaid
875 3745 1183 3810 eunomianorum:

141 3819 203 3886 quid
212 3821 300 3871 tecta?
310 3819 388 3890 atqui
398 3817 451 3870 hoc
462 3817 543 3872 moda
554 3816 673 3890 quuitur
682 3818 791 3886 Statius,
804 3822 826 3872 si
837 3819 893 3872 bac
906 3823 1047 3893 scripserit.
1060 3821 1132 3874 Idsm
1143 3841 1185 3874 ve·

141 3913 195 3948 rum
209 3911 249 3951 est
264 3896 299 3950 de
317 3916 385 3949 voce
399 3897 478 3970 quid,
500 3917 557 3970 qum
570 3900 726 3952 sententiam
740 3913 767 3952 st
781 3915 887 3952 sensnm
902 3919 1000 3953 novum
1015 3914 1042 3952 et
1057 3919 1072 3952 a
1086 3919 1183 3970 prace-

142 3973 217 4030 dente
234 3975 369 4031 dirersuru
386 3977 440 4028 iere
455 3976 564 4030 inchoat
581 3992 606 4032 et
621 3976 737 4040 inducit;
756 3993 787 4030 ut
799 3996 873 4030 versa
888 3980 1024 4047 proximo,
1044 4001 1055 4022 κ
1066 3976 1130 4047 quid
1146 3992 1185 4042 ta,

1013 4069 1045 4130 8.
