2850 4488
189 306 254 396 476
365 305 499 370 NOTAE
523 307 572 369 IN
595 305 792 370 GARMEN
815 305 1049 390 QUINTUM

186 428 309 483 Straboni
323 427 470 480 credimus:
486 427 584 479 Plinius
603 438 675 478 certo
695 424 832 498 distinguit
848 426 951 496 Leptim
965 444 980 478 a
994 427 1121 498 Neapoli,
1139 448 1221 501 quum

187 523 276 640 fflqp
293 523 431 580 utramque
449 509 563 561 fateatur
581 524 639 560 esse
656 508 724 558 inter
741 506 837 577 Syrtes·
855 508 941 559 Patria
955 505 1010 558 lsrec
1026 507 1077 558 fuit
1094 509 1221 582 Septimii.

170 731 176 748 ¹
224 727 268 780 35.
286 725 388 780 Relictis
405 726 534 779 Uberibus.
549 727 626 779 Lacte
644 724 779 797 depulsum
792 738 870 778 voest
883 725 1022 793 Horatius,
1035 727 1122 780 Germ.
1136 727 1181 794 IV,
1192 729 1222 794 l,

188 820 217 861 et
227 807 379 873 Suetonius,
390 806 476 858 Tiber.
488 823 510 857 c.
521 803 555 871 43
565 826 572 866 ;
581 818 607 857 et
615 805 785 868 Prudentius,
796 805 856 856 Peri
865 803 955 875 Steph.
966 806 1088 876 martyrio
1098 807 1224 873 Romani,

189 907 214 940 v.
227 887 295 954 6643
311 885 377 938 lecte
391 884 479 937 relicto
492 885 581 938 Sidou.
594 883 738 956 Apollinsr.
753 884 840 936 Carm.
853 883 894 948 Π,
909 883 958 951 39;
970 895 1052 936 matre
1063 881 1150 936 relicto
1162 885 1224 937 Gal·

190 968 316 1038 purnius,
330 963 419 1036 Ecloq.
432 965 484 1028 vl,
496 965 538 1017 51.
552 965 592 1015 De
598 963 677 1035 fonte
687 964 806 1015 rurum
818 961 879 1014 ride
891 960 1007 1014 Servium
1019 962 1054 1014 ad
1063 963 1154 1034 virgil.
1166 967 1223 1018 ΕΑ.

191 1047 254 1110 Xll,
272 1045 329 1113 ¹39.
341 1044 471 1115 Sequitur,
485 1062 509 1095 r.
521 1043 565 1112 37,
578 1041 631 1094 lroec
642 1041 710 1094 mim
724 1043 817 1103 virtum
830 1040 884 1093 hoc
896 1040 1107 1095 connectendum
1122 1055 1225 1095 antece·

191 1123 329 1176 dentibus:
347 1123 432 1189 «Quis
444 1134 521 1192 neget
534 1121 687 1193 Septimium
705 1139 761 1172 esse
776 1137 837 1172 vere
850 1121 1017 1173 Romanum?
1032 1121 1090 1174 talis
1106 1134 1144 1174 est
1159 1123 1225 1173 mire

190 1206 247 1274 ejus
258 1205 346 1254 virtus.
357 1223 369 1248 s
382 1203 436 1269 lta,
447 1203 576 1272 Protrept.
587 1200 671 1271 Crisp.
681 1219 706 1251 s.
718 1201 776 1269 157,
788 1200 907 1271 «quippe
917 1198 972 1252 hec
984 1199 1127 1252 concordia
1138 1199 1226 1267 vobis,

192 1282 240 1333 llio
255 1298 326 1332 emor
340 1292 414 1342 est;»
435 1279 462 1331 id
480 1293 533 1345 est,
552 1279 619 1332 talis.
636 1277 718 1332 Aliter
731 1277 818 1349 legere
830 1297 936 1351 posses,
957 1281 1034 1331 «Nec
1047 1281 1113 1331 mira
1128 1281 1224 1332 virtus:

152 1361 157 1370 '
191 1369 320 1430 protenus
328 1358 465 1409 Ausonum
475 1360 578 1422 Portus,
589 1370 638 1409 etc.
649 1381 660 1404 ι
675 1358 731 1409 Nec
741 1370 794 1424 est,
804 1356 876 1429 quod
886 1359 1010 1409 miremur
1018 1356 1088 1410 hano
1100 1359 1127 1410 in
1139 1371 1165 1410 te
1175 1359 1227 1409 rir-

192 1451 289 1491 tutem:
306 1439 403 1510 quippe
415 1447 549 1510 protenus,
560 1437 646 1492 stetim
660 1435 694 1488 sb
708 1436 821 1489 infantia
834 1437 937 1490 ltaliam
950 1438 1064 1505 intrasti,
1077 1451 1104 1489 et
1116 1436 1227 1489 Thuscis

192 1517 339 1591 gurgitibus
349 1535 416 1591 puer
424 1520 556 1571 innatasti.
568 1517 621 1570 Sed
632 1515 697 1569 nihil
709 1518 811 1569 variam
824 1516 971 1581 editiones;
985 1531 1109 1570 ettamen
1120 1519 1227 1569 omnino

193 1615 284 1650 verum
297 1609 363 1671 puto
374 1597 438 1649 Nec.
451 1597 547 1669 (Quod
558 1595 706 1649 Markland.
719 1601 886 1668 conjecerat,
898 1610 990 1667 postea
1001 1598 1029 1648 in
1040 1589 1105 1650 Ven.
1117 1597 1227 1662 invenit,

194 1679 252 1732 Neo
261 1679 330 1730 mim
341 1678 426 1730 virtu.
437 1675 500 1748 En.)
511 1677 631 1743 Pastum,
647 1689 677 1728 ut
689 1675 722 1727 de
736 1677 848 1728 Massico
860 1673 951 1744 Silius,
966 1677 1011 1743 IV,
1023 1675 1091 1748 347,
1108 1700 1120 1724 ι
1128 1677 1229 1728 Vitiferi

196 1777 270 1811 sacro
284 1770 426 1828 generatus
436 1759 532 1811 vertice
544 1759 655 1825 montis,
669 1757 703 1808 Et
714 1757 780 1808 Liris
793 1758 908 1809 nutritus
922 1757 1006 1828 aquis.
1017 1779 1028 1804 ι

231 1899 274 1951 38.
294 1899 401 1954 Vadosoe
412 1902 508 1953 nescius
521 1897 626 1970 Africo.
639 1896 711 1968 Quid
724 1911 765 1952 est
775 1897 869 1952 vadoso
876 1899 992 1971 Africa?
1004 1899 1109 1953 vadosos
1124 1896 1230 1970 quidem

194 1978 280 2048 Syrtes
291 1991 318 2030 et
330 1998 401 2031 mre
414 1979 539 2033 vadosum
550 1978 621 2049 apud
635 1980 786 2046 Lucanum,
797 1977 921 2031 Senecam
936 1992 962 2031 et
974 1981 1095 2032 Taciturn
1109 1981 1229 2040 iuvenio;

196 2054 244 2106 sed
262 2056 325 2126 quid
342 2058 376 2108 sit
394 2058 462 2130 reqio
480 2057 574 2111 uadoso
590 2075 726 2128 nunquam
744 2057 901 2127 concipiam.
919 2056 1046 2110 Morellus
1063 2056 1118 2108 hec
1135 2070 1229 2109 notat:

199 2156 210 2178 ι
222 2133 315 2186 vadosa
327 2135 419 2206 Africo
425 2173 435 2201 ,
451 2137 529 2207 quia,
540 2150 571 2189 ut
581 2136 716 2191 Sallustius
730 2138 758 2188 in
771 2134 893 2207 Iugurth.
906 2133 940 2187 de
954 2135 1071 2207 Syrtibus
1082 2149 1175 2202 notat,
1188 2137 1232 2188 uli

197 2230 268 2262 more
279 2230 404 2284 macrum
416 2233 465 2267 esse
475 2223 500 2265 et
510 2215 596 2267 sevire
606 2226 696 2269 uentus
706 2216 795 2288 cepit,
808 2215 902 2267 limum
916 2232 1075 2288 arenamque
1087 2227 1113 2268 et
1122 2234 1183 2270 sess
1195 2215 1232 2266 irs·

195 2292 389 2368 perstiafltscttsr
402 2293 517 2346 trahunt.
529 2319 541 2342 ι
557 2295 652 2368 Atqui,
666 2315 683 2348 o
695 2295 780 2359 bone,
794 2295 837 2348 hic
850 2295 927 2348 limus
939 2310 965 2348 et
977 2315 1039 2349 soso
1051 2297 1153 2348 faciunt
1163 2296 1232 2346 forte

197 2390 268 2424 mare
279 2373 396 2424 Africum
409 2374 545 2441 vadosum,
562 2374 609 2427 sed
624 2392 678 2426 non
692 2377 793 2427 faciunt
804 2376 889 2446 ipsam
902 2373 1021 2445 Africam
1033 2375 1166 2434 vadosum
1179 2373 1230 2424 nin'

197 2449 316 2522 Africum
329 2467 437 2505 marcet
449 2453 542 2524 Africa
553 2465 619 2506 rem
632 2453 703 2507 idem
716 2456 777 2506 sint.
789 2453 841 2508 Sed
852 2467 880 2506 et
890 2455 913 2506 si
923 2456 960 2506 ita
971 2467 1039 2507 reete
1050 2452 1102 2503 dici
1112 2453 1231 2523 potuerit

198 2531 286 2602 (quod
299 2545 385 2586 certus
403 2551 461 2586 sum
478 2553 533 2586 non
549 2533 657 2606 posse),
677 2533 805 2606 quidhoc
822 2532 857 2585 ad
874 2533 993 2586 virtutem
1008 2531 1139 2604 Septimii,
1158 2529 1230 2604 quod

198 2613 302 2664 nescius
316 2627 372 2665 erat
385 2614 479 2668 Αἰτίαι·
493 2616 608 2669 vadoso?
622 2616 686 2687 quid
701 2616 772 2668 vadis
782 2632 843 2667 cum
855 2615 963 2668 virtute?
976 2632 1047 2687 eque
1058 2612 1125 2664 bene
1136 2611 1232 2664 dixisse

198 2691 301 2760 potuit,
320 2695 423 2745 nescius
437 2694 531 2746 Asticus
544 2711 603 2768 quse
618 2705 654 2748 est
669 2696 744 2746 tertio
755 2712 816 2768 puts
827 2693 936 2760 mundi,
952 2692 993 2744 vel
1007 2709 1064 2764 quoe
1080 2691 1234 2764 serpentibus

198 2769 326 2838 abunda,
340 2773 380 2825 rel
394 2773 459 2846 quid
472 2774 543 2828 uliud
555 2773 629 2847 quod
639 2794 712 2848 uque
726 2774 793 2827 nihil
807 2788 846 2826 est
859 2773 895 2827 ad
905 2791 969 2826 rem.
984 2772 1068 2844 Lege,
1084 2785 1233 2844 «protenus

198 2850 336 2904 Ausonum
348 2853 456 2921 Portus,
474 2854 572 2908 dolose
585 2857 689 2908 nescius
705 2855 799 2906 Αἰτίαι
813 2855 928 2906 lutras·
944 2854 1002 2904 Jam
1018 2851 1139 2922 intelligis
1152 2867 1234 2920 quare

199 2939 252 2978 tam
269 2948 363 3001 magna
380 2933 462 2984 virtus
479 2934 507 2983 in
526 2931 650 3005 Septimio
665 2935 760 2997 fuerit,
779 2945 871 3004 utpote
886 2933 932 3002 qui
949 2932 1058 2984 Romam
1075 2931 1102 2980 in
1120 2929 1234 3000 pueritia

199 3007 335 3075 profectus
351 3025 432 3077 esset,
447 3024 589 3083 antequam
601 3023 666 3066 artes
677 3024 703 3064 et
714 3013 820 3064 astutias
833 3025 859 3063 et
871 3010 970 3065 dolosos
981 3011 1074 3062 Africo
1087 3022 1168 3059 mores
1180 3007 1233 3057 im-

187 3081 315 3152 ⁴bibisset.
328 3090 399 3142 Nota
413 3091 535 3144 omnibus
539 3089 608 3164 fides
618 3093 729 3146 Punica.
741 3089 786 3144 Sil.
800 3090 883 3143 ltalic.
896 3092 924 3157 l,
939 3107 1006 3160 ²¹9⁷
1019 3088 1051 3141 de
1062 3087 1166 3138 Africa:

383 3181 454 3232 Altrix
461 3185 575 3233 bellorum
584 3185 767 3249 bellatorumque
776 3187 879 3232 virorum

383 3255 473 3312 Tellus,
483 3272 527 3303 nec
536 3255 607 3304 fidens
615 3255 679 3302 nudo
688 3257 737 3302 sine
746 3255 865 3303 frauddm
875 3257 939 3310 ensi;

201 3345 287 3417 idem,
300 3353 350 3420 ΠΙ,
366 3357 431 3408 231:
525 3344 530 3360 ι

383 3442 494 3505 Princeps
502 3443 564 3506 siqua
575 3440 627 3490 tulit
635 3441 702 3505 Tyria
712 3439 849 3503 Carthagine
858 3442 947 3504 pubes,

383 3512 489 3558 Membra
498 3510 567 3567 levis,
577 3509 680 3573 celsique
690 3511 762 3558 decus
771 3511 878 3558 fraudate
887 3509 1014 3574 superbum

383 3585 508 3646 emper-iu
518 3596 542 3629 at
550 3581 631 3630 docilis
640 3581 748 3643 fallendi,
760 3597 782 3631 et
791 3597 884 3631 nectere
893 3595 966 3630 tectos

382 3655 506 3717 Nunquam
515 3655 580 3702 tarda
589 3655 669 3712 riolost

199 3751 335 3818 Lucanus,
353 3749 399 3816 IV,
418 3751 485 3819 735:
508 3753 642 3807 «multum
660 3755 810 3828 frustraque
827 3766 936 3825 rogatus
954 3753 990 3804 Ut
1008 3747 1121 3821 Libycas
1139 3759 1239 3799 metuat

200 3828 322 3896 fraudes,
337 3831 486 3904 infectaque
499 3852 602 3906 semper
615 3837 713 3888 Punica
727 3836 797 3889 bella
809 3835 887 3887 dolis.
899 3859 910 3882 ι
924 3830 1052 3901 Exempla
1065 3827 1174 3899 ubique.
1186 3829 1239 3897 Ap-

200 3912 357 4035 positissime
367 3912 400 3964 ud
412 3929 516 3965 sensum
528 3913 607 3987 liujus
619 3916 670 3969 loci
683 3917 816 3968 Ausonius
828 3917 854 3966 in
864 3915 977 3966 Tetrast.
990 3910 1024 3963 de
1036 3908 1120 3960 altero
1132 3906 1238 3970 Seuero,

221 4001 349 4056 erttnece,
