2858 4492
204 372 268 439 30ss
398 359 534 428 NOTAE
557 354 605 417 lN
630 343 829 414 CARMEN
854 335 1055 402 PRIMUM

204 502 262 559 scil.
276 502 340 565 dies,
353 487 503 546 mortalibus
515 481 655 535 illucescat.
669 471 837 532 Lactantius,
850 467 901 530 Vl,
916 481 930 514 u
945 485 951 512 ι
970 462 1051 532 -1pse
1065 460 1093 510 iu
1107 473 1185 509 utum
1198 453 1247 506 lto-

205 582 281 636 minis
295 592 349 630 tam
366 571 479 632 claram,
495 577 549 614 tem
566 553 706 610 candidam
724 549 813 600 lucem
832 543 911 595 dedit.
925 564 937 587 ιι
958 538 1043 591 Μιι1ῑο
1061 537 1140 609 plura
1159 532 1247 604 colligi

205 671 317 737 possunt
329 678 336 708 ε
351 651 399 706 sed
410 650 465 701 htec
478 643 540 698 satis
553 637 587 691 ad
598 634 731 706 vulgatam
743 625 854 680 candida
866 620 1001 676 tuendam.

242 795 285 865 74.
301 790 377 842 Diues
386 779 488 836 Elissa:
502 789 533 824 ex
541 769 611 836 Virg.
623 758 724 815 AEneid.
734 758 784 823 tv,
798 754 863 818 263,
874 750 1044 820 desumptum
1056 741 1211 817 epithetum
1223 753 1251 792 ut

209 889 234 928 et
247 891 303 946 quae
316 871 478 936 sequuntur,
492 873 503 896 ι
513 861 646 915 testesque
657 837 761 891 ululant
773 853 821 906 per
830 831 907 884 devia
918 826 1046 902 Nymphae
1056 848 1085 892 ,ιι
1100 842 1132 875 ex
1144 819 1251 884 eodem,

207 954 275 1008 libro
288 950 338 1014 lv,
353 941 417 1004 168,
438 943 615 996 «summoque
633 918 770 972 ulularunt
785 915 884 966 vertice
903 906 1062 982 Nymphae.-
1084 900 1186 955 Ibidem
1203 916 1252 970 pro

208 1031 306 1088 Attulit
318 1020 460 1096 legendum
472 1029 527 1065 esse
540 1001 642 1060 Detulit
654 989 987 1071 persuasissimum-haheo
1001 1009 1008 1039 r
1026 1009 1037 1033 ιι
1050 981 1157 1055 qualem
1168 979 1253 1050 Libq'ts

104 1093 106 1100 l
208 1113 328 1169 Saturnia
341 1101 460 1158 nimbum
472 1087 580 1144 Detulit.
591 1107 603 1132 ιι
617 1086 728 1146 Noster,
739 1075 824 1129 Theb.
835 1073 887 1136 XI,
900 1071 968 1140 276:
984 1067 1055 1119 «hos
1067 1066 1134 1135 ignis
1147 1074 1254 1132 agentes

208 1199 269 1248 Fert
279 1191 390 1253 humus,
402 1181 452 1233 hos
461 1173 556 1249 pelago
567 1164 667 1238 patrius
675 1162 732 1230 jam
741 1155 837 1208 detulit
848 1154 940 1205 amnis.
952 1174 963 1198 ι
973 1141 1037 1203 ¹Vol.
1048 1145 1135 1198 Flecc.
1150 1145 1194 1206 tv,
1208 1139 1251 1192 15:

394 1269 469 1323 Dixit,
480 1275 503 1311 et
512 1271 596 1306 arcano
606 1250 753 1301 redolentem
765 1257 857 1292 nectere
867 1257 957 1295 rorem,

395 1343 471 1401 Quem
480 1347 553 1397 penes
562 1325 606 1373 alta
617 1324 682 1387 quiet
691 1316 820 1382 liquidique
830 1315 933 1377 putentia
943 1311 1019 1358 somni

395 1407 497 1461 Detulit,
507 1405 578 1464 inque
589 1397 639 1457 vagi
651 1392 732 1440 libavit
741 1402 845 1450 tempora
856 1385 918 1438 nati3

212 1508 259 1560 ubi
272 1500 395 1556 Heinsius
408 1488 516 1560 conjicit
531 1479 659 1552 Depluit:
680 1473 774 1526 meritc
793 1464 971 1538 reprehensus
991 1479 1007 1512 u
1026 1461 1194 1518 limenun,
1213 1453 1259 1523 qui

215 1600 289 1640 notat
298 1580 404 1655 proprie
414 1568 509 1646 deferri
519 1565 571 1616 diei
579 1577 636 1631 quse
645 1573 676 1608 ex
685 1553 741 1606 alto
751 1549 875 1603 teruntur
885 1565 891 1596 t
904 1555 934 1594 ut
943 1541 1012 1593 inire
1021 1557 1046 1590 v.
1056 1539 1091 1591 to
1100 1533 1185 1606 ejusd.
1199 1532 1258 1584 lih.:

217 1670 303 1720 sDiva
313 1660 398 1723 volat,
412 1652 550 1718 defertque
566 1643 622 1694 viro
639 1629 781 1688 celeranda
797 1627 912 1704 parentis
928 1621 1074 1693 imperia·
1091 1614 1182 1685 virgil.
1197 1615 1260 1677 ΧΠ,

215 1749 286 1816 416:
303 1767 314 1789 ι
327 1743 384 1793 Hoc
397 1737 504 1792 Venus,
520 1724 635 1776 obscuro
652 1717 747 1767 iaciern
764 1705 925 1762 circumdata
943 1700 1034 1753 nimbo
1049 1695 1185 1750 Detulit.»
1201 1693 1261 1744 Scio

217 1825 324 1900 quidem
337 1820 427 1871 locum
441 1813 520 1862 istum
534 1795 664 1856 Thebaid.
677 1796 752 1855 Vlll,
766 1789 796 1855 41
805 1805 833 1854 t,
848 1785 959 1851 «Quum
972 1780 1059 1852 Libya
1070 1780 1168 1830 Boreas
1183 1771 1262 1824 ltsloe

217 1910 291 1976 niger
304 1897 391 1953 attulit
406 1889 541 1946 imbresrr
559 1878 604 1934 sed
618 1876 720 1929 diversa
740 1871 807 1922 ratio
825 1880 866 1918 est
883 1866 957 1916 istius
974 1874 1001 1912 et
1019 1858 1098 1928 hujus
1113 1855 1188 1906 loci:
1207 1869 1263 1922 quse

219 1988 288 2039 euim
301 1997 333 2032 ett
345 1974 486 2045 lonqinquo
497 1963 605 2016 veniunt
617 1968 688 2009 recte
700 1950 793 2024 efferri
804 1947 941 2009 dicuntur,
954 1953 984 1994 ut
995 1939 1092 1992 imbres
1106 1953 1136 1986 ex
1148 1933 1225 1985 ltalia
1235 1933 1263 1981 in

219 2064 337 2120 Africam
350 2077 356 2108 ι
370 2071 426 2126 quae
437 2065 500 2100 tero
511 2062 543 2094 ex
554 2040 621 2104 alto,
638 2035 729 2088 melius
741 2027 845 2101 deferri.
1153 2033 1158 2044 ·

175 2168 182 2187 Ι
256 2209 299 2262 77.
319 2187 374 2238 Nec
383 2199 433 2256 quo
443 2171 561 2229 convivia
572 2170 688 2297 migrent.
705 2165 742 2214 lta
756 2173 827 2212 recte
839 2159 924 2208 Parm.
938 2167 965 2204 et
974 2153 1051 2203 Rom.
1061 2186 1070 2214 ‚
1080 2161 1107 2199 et
1118 2146 1145 2197 in
1157 2155 1211 2196 vet.
1223 2140 1264 2193 ed.

220 2273 299 2324 Paris.
314 2266 365 2334 legi
381 2269 493 2312 testatur
509 2246 602 2303 Morell
624 2265 650 2310 s,
668 2245 714 2314 qui
730 2244 766 2293 ita
781 2241 989 2308 interpretatur:
1006 2247 1079 2280 aneo
1091 2239 1179 2278 tamen
1192 2220 1266 2273 locus

221 2352 333 2405 idoneus
344 2334 514 2398 occurrebat,
526 2347 579 2402 quo
591 2325 765 2379 transferrent
777 2317 905 2392 epulas„
920 2326 946 2364 et
956 2314 991 2363 ita
1001 2311 1055 2361 fere
1065 2305 1129 2359 hdr.
1143 2302 1267 2356 Bebotius

222 2447 248 2484 et
260 2425 416 2486 salmasius,
428 2417 503 2489 epist.
520 2429 563 2482 92.
586 2405 670 2459 Aliam
684 2405 753 2454 viam
767 2399 864 2451 insistit
878 2393 1043 2454 Gronovius,
1055 2387 1140 2457 Reliq.
1157 2382 1190 2435 ad
1204 2380 1268 2433 Stat.

222 2514 282 2568 silv.
292 2509 334 2562 his
344 2503 429 2557 serbis
440 2520 446 2550 ι
459 2522 471 2545 ιι
481 2499 537 2566 Nee
546 2511 598 2564 quo
607 2485 726 2542 convivia
737 2481 856 2553 miqrent.
866 2478 934 2528 Vere
945 2475 983 2525 sic
994 2471 1104 2540 legitur,
1115 2477 1268 2518 nontamen

224 2617 256 2649 eo
269 2609 348 2648 sensu
361 2603 439 2658 quern
450 2579 515 2632 dant
526 2570 654 2627 Morellus
667 2582 693 2620 et
705 2564 845 2625 Behotius‚
861 2575 932 2608 onec
944 2569 1033 2608 tamen
1046 2545 1202 2603 occurrebat
1214 2542 1269 2596 ido·

225 2693 289 2728 neus
301 2673 379 2723 locus
392 2682 445 2735 quo
458 2659 629 2713 transferrent
641 2646 769 2720 epulaszr
787 2645 824 2692 sic
838 2641 908 2690 enim
928 2633 1032 2706 quidvis
1045 2635 1071 2684 in
1084 2629 1178 2702 quovis
1194 2621 1271 2677 iutel-

224 2757 305 2827 ligere
318 2764 410 2823 posses
424 2766 429 2794 ι
446 2739 491 2794 sed
507 2750 532 2790 ct
546 2729 702 2786 occurrebat
716 2726 779 2779 satis
793 2721 930 2782 locorum,
942 2729 972 2767 ut
985 2713 1092 2784 exponit
1103 2711 1162 2780 ipse
1174 2705 1270 2760 statim.

226 2834 377 2890 Proximum
387 2823 498 2876 verbum
510 2810 684 2887 repetendum
696 2803 831 2858 intellectu
845 2822 851 2850 ι
864 2795 1009 2868 abripiunt,
1021 2810 1072 2843 nec
1084 2803 1172 2842 tamen
1183 2804 1216 2837 eo
1228 2784 1272 2834 ab·

228 2917 329 2989 cipiunt
347 2926 399 2980 quo
417 2902 519 2974 possint
534 2909 580 2948 aut
595 2891 699 2945 soleant
712 2882 833 2937 convivia
847 2879 977 2946 migrare:
993 2872 1091 2924 scilicet
1105 2871 1132 2919 iu
1146 2861 1272 2916 sacellum

228 2997 269 3050 vel
283 2990 419 3046 aediculum
433 2977 583 3036 Herculis·
604 2975 661 3024 Hoc
679 2965 758 3019 modo
775 2957 888 3032 pulcher
908 2953 1013 3027 quidem
1032 2949 1144 3014 exsurgit
1160 2961 1274 3006 seusun

231 3075 277 3127 sed
290 3073 376 3124 verior
387 3065 470 3118 alteru
484 3055 616 3111 distinctio
628 3049 661 3100 de
671 3064 725 3117 qua
733 3046 788 3113 jarn
800 3041 918 3092 dicturus
930 3052 996 3086 sum.
1012 3025 1179 3083 Adversativa
1191 3025 1276 3095 parti-

231 3153 291 3204 cule
300 3151 343 3202 sed
353 3150 380 3200 in
391 3140 513 3211 sequenti
526 3130 659 3187 sententiar
670 3120 803 3184 membro,
815 3141 827 3164 ιι
837 3117 964 3168 instantes
975 3109 1021 3164 sed
1031 3107 1149 3180 proxima
1160 3119 1275 3175 querere

231 3228 314 3280 nimbi
324 3221 490 3282 suadebant,
499 3239 511 3264 ιι
524 3206 669 3264 necesssrio
679 3200 789 3252 denotat
799 3195 913 3264 aliquem
924 3191 1121 3262 oppositionem
1130 3187 1199 3236 inter
1206 3179 1276 3234 bane

232 3321 259 3359 et
271 3307 387 3376 priorem
398 3295 532 3350 sententia
546 3300 657 3361 partem.
676 3280 719 3334 Sic
736 3279 816 3348 igitur
832 3267 1027 3324 construendus
1047 3267 1137 3332 locus,
1152 3279 1219 3314 voce
1231 3278 1277 3312 nec

233 3383 347 3438 resoluta
357 3383 385 3431 in
395 3389 421 3429 et
431 3391 499 3435 non,
513 3383 542 3421 ut
555 3365 670 3437 passim:
684 3383 695 3405 ι
715 3371 741 3410 et
757 3359 885 3409 instantes
901 3349 984 3403 nimbi
999 3345 1148 3400 suadebant
1160 3345 1278 3414 quaerere

233 3481 286 3519 non
300 3479 354 3533 qno
367 3455 486 3510 convivia
498 3451 621 3519 migrent,
635 3440 682 3494 sed
693 3438 828 3511 proxima:
838 3457 851 3480 ιι
870 3430 979 3502 reliquis
988 3424 1139 3499 parenthesi
1154 3421 1276 3474 inclusitt

233 3557 260 3596 et
268 3545 304 3595 ita
315 3539 358 3592 edi
367 3534 470 3589 curari:
483 3526 650 3599 repentinus,
658 3515 849 3590 inquit‚imber
858 3509 963 3564 famulis
974 3526 1027 3559 non
1038 3501 1207 3577 permittebat
1216 3517 1279 3552 con-

234 3623 319 3677 sulere
328 3617 361 3685 ep*
370 3610 493 3684 aptarem,
503 3605 549 3660 sed
560 3601 760 3656 commoditati:
776 3593 888 3666 cogebat
903 3608 949 3643 eos
963 3603 1053 3659 petere
1062 3603 1117 3636 nou
1129 3599 1184 3653 quo
1198 3577 1280 3652 epule

181 3751 195 3768 ,
234 3705 260 3753 in
272 3700 319 3753 tali
331 3713 391 3750 catu
404 3688 539 3743 transferri
553 3682 655 3749 solent,
669 3683 798 3753 privatam
812 3673 927 3743 aliquem
941 3667 1066 3728 domum
1081 3659 1129 3715 sed
1142 3662 1279 3733 proxima:

236 3779 291 3834 scil.
304 3773 431 3831 sacellum
444 3767 575 3821 Herculis.

273 3927 316 3982 9².
332 3907 410 3960 Tecta
421 3897 569 3954 Dicarchea
578 3894 686 3966 pariter,
697 3893 870 3964 juvenemque
882 3878 984 3952 replesti
996 3873 1193 3940 Parthenopen.
1211 3868 1287 3919 Meu·

238 3991 300 4043 dosa
317 3987 374 4040 fere
390 3983 449 4035 hec
464 3999 516 4032 ror
534 3975 672 4038 scribitur,
689 3963 836 4024 Dicarchei
855 3975 881 4014 et
898 3955 1049 4018 Dicarchei,
1066 3968 1148 4023 quum
1160 3959 1287 4018 oporteat

237 4067 398 4129 Dicarchea,
412 4061 558 4136 penultima
572 4053 703 4129 producta
720 4071 725 4101 :
742 4062 781 4101 est
796 4047 865 4099 enim
880 4060 896 4094 a
911 4039 1001 4091 Graeco
1019 4027 1173 4098 Διιιιιιὶρχιιιι
1184 4025 1227 4079 rei
1245 4037 1286 4076 Δι-
