2824 4488
219 353 283 418 sss
396 349 531 415 rurn
556 347 604 414 m
628 347 824 414 nunnus
848 313 1076 415 ranarum

253 493 295 550 7¹⁴
316 476 394 530 Hune
409 489 434 529 et
448 479 476 528 in
488 477 606 542 Aternus,
624 487 674 528 etc.
691 475 870 527 Difficiliorem
883 478 1039 528 sententiam
1052 478 1089 527 ita
1103 491 1257 531 construas:

221 561 329 611 atenuis
343 571 433 610 comes
450 573 535 628 usque
551 571 576 610 et
592 560 618 608 in
634 559 744 608 Arctoas
762 559 870 627 pruinas
883 573 977 628 passus
994 573 1020 608 es
1032 555 1105 608 bunc
1119 569 1257 630 tyranuum

217 642 359 696 terribilem
371 643 453 693 aifatu
463 639 590 712 risuque;
603 663 613 686 n
627 652 720 710 passus
734 655 777 706 es,
789 637 914 710 inquam,
928 649 979 690 unt
991 641 1036 711 qui
1050 637 1158 708 (idest,
1170 644 1258 693 eodem

218 721 295 772 modo
307 737 359 793 quo
372 719 414 772 illi
425 719 484 792 qtsi)
498 719 608 770 domant
619 717 761 769 metuenda
773 716 854 768 corda
865 717 981 768 ferarum
990 758 998 784 ,
1007 716 1169 788 jubentque,
1182 733 1233 771 etc,
1245 741 1256 765 a

217 802 266 852 Per
286 814 343 871 que
366 798 481 851 ostendit
501 801 597 851 Statius
619 811 717 869 quanta
740 798 897 848 auctoritate
920 797 991 868 apud
1011 797 1157 866 Caligulam
1178 797 1258 850 inerit

216 883 348 932 &roseus

253 1052 295 1117 78.
303 1051 337 1100 Et
344 1049 423 1122 lorsqu
431 1048 582 1100 transmittit
589 1047 679 1098 babere
688 1049 783 1118 nepoti.
791 1049 842 1098 Pro
851 1048 1010 1112 transmittit,
1018 1049 1104 1117 primo
1115 1047 1256 1118 legendum

217 1143 255 1181 ust
267 1129 417 1191 transmisit,
433 1142 462 1178 ut
474 1145 554 1198 supra
565 1127 695 1186 ntbuexitt
707 1140 842 1197 sumptum
856 1143 951 1198 nempe
963 1143 993 1178 et
1005 1130 1075 1197 Virg.
1089 1126 1192 1178 AEneid.
1208 1130 1256 1195 ΙΙΙ,

216 1211 283 1276 329:
299 1208 363 1259 nMe
374 1205 473 1258 famulo
485 1205 664 1277 famulamque
677 1206 778 1259 lieleno
791 1208 932 1258 transmisit
942 1205 1118 1258 habendam„
1134 1206 1186 1259 Sed
1199 1210 1256 1278 quis

216 1303 255 1342 est
263 1288 306 1340 ltic
317 1286 408 1361 lorsque
420 1305 498 1357 nepos
507 1286 624 1352 Claudii,
633 1287 677 1338 cui
688 1286 912 1338 transmittebatur
921 1287 1063 1338 Etruscus?
1074 1284 1162 1338 nullos
1172 1288 1256 1352 enim,

216 1388 284 1442 quos
297 1371 367 1434 seio,
382 1381 485 1440 nepotes
496 1367 589 1420 habuit
599 1366 739 1430 Claudium
755 1366 804 1418 nisi
822 1370 843 1420 si
854 1366 906 1419 lilia
921 1369 1039 1420 Antonia
1051 1386 1108 1438 quse
1120 1369 1168 1420 Cn.
1180 1369 1258 1418 Pom·

216 1451 276 1521 puio
285 1488 293 1514 ,
308 1447 405 1502 deinde
418 1452 515 1502 Fausto
529 1447 602 1520 Syllae
615 1461 698 1516 nupta
715 1460 787 1514 erat,
804 1447 908 1518 aliquos
925 1447 1029 1499 tulerit:
1046 1448 1154 1498 Octavia
1171 1449 1257 1512 enim,

216 1549 295 1602 quarn
307 1529 379 1580 Nero
391 1530 417 1580 in
430 1530 596 1581 matrimonio
608 1527 715 1593 habuit,
728 1527 761 1578 ab
773 1525 866 1578 eodem
879 1541 908 1579 ut
917 1527 1010 1580 sterilis
1021 1527 1211 1591 dimittebatur,
1223 1527 1257 1578 de

216 1630 269 1682 quo
282 1607 341 1660 vide
353 1609 461 1662 Sueten.
473 1609 534 1660 Ner.
549 1628 571 1659 c.
588 1607 636 1668 35;
650 1621 676 1658 et
687 1609 750 1659 Tau.
763 1605 859 1660 Annal.
875 1607 944 1672 xlv,
956 1608 999 1658 60.
1013 1607 1096 1678 Lege,
1112 1607 1165 1657 ιΕι
1176 1607 1257 1678 longo

216 1690 359 1742 transmisit
370 1687 468 1741 habere
480 1689 613 1751 Neroni„
629 1701 654 1740 et
666 1683 699 1739 de
710 1689 815 1740 Nerone
829 1687 935 1758 quidem
949 1689 1014 1738 certi
1026 1706 1116 1739 sumus
1131 1706 1162 1738 es
1177 1705 1256 1739 sensu

216 1785 240 1820 et
260 1769 350 1820 urdine
369 1769 544 1819 narrationis:
564 1770 694 1837 primum,
713 1769 814 1837 inquit,
831 1767 927 1818 Tiberii
943 1765 1004 1818 aula
1021 1764 1069 1818 tibi
1087 1769 1188 1837 patuit;
1207 1785 1257 1818 nec

214 1851 302 1919 abegit
318 1848 438 1920 Caligula
452 1850 585 1918 prosimus
598 1847 689 1908 heres;
704 1847 750 1900 sed
763 1850 789 1899 iu
802 1852 876 1899 an'tus
888 1850 1037 1918 praecipuos
1048 1847 1167 1900 subvexit
1181 1848 1256 1900 Cluu-

215 1930 283 1993 dius,
297 1941 323 1979 et
338 1929 480 1978 transmisit
492 1942 516 1979 te
527 1929 674 1980 successori
685 1927 794 1980 Neroni.
807 1926 878 1978 Nihil
891 1930 1004 1980 certius:
1019 1939 1046 1979 et
1058 1925 1154 1978 eodem
1166 1927 1255 1979 ordine

215 2028 260 2062 eos
276 2022 394 2060 recenset
408 2009 490 2058 Tacit.
506 2009 574 2059 Anu.
590 2011 615 2074 1,
628 2010 683 2059 init.
701 2007 835 2074 «Tiberii,
850 2005 961 2078 Caiique
976 2022 1001 2060 et
1016 2003 1118 2060 Claudii
1132 2021 1158 2059 et
1172 2011 1257 2060 Nero-

214 2089 254 2138 nis
266 2105 321 2151 res,
339 2084 491 2137 florentibus
504 2087 582 2156 ipsis,
599 2083 633 2136 ob
647 2099 743 2136 metum
757 2085 847 2152 falsas,
859 2099 931 2138 etus
947 2084 1070 2139 Sidonius
1082 2085 1255 2159 Apollinaris,

214 2185 293 2218 carru.
306 2167 338 2230 V,
353 2162 419 2217 322:

399 2271 452 2314 Post
460 2269 560 2330 Capreas
567 2267 660 2324 Tiberi,
671 2281 725 2331 post
733 2272 809 2332 turpia
818 2273 913 2316 numina
923 2272 986 2328 Caii,

398 2341 523 2384 Censuram
533 2338 629 2394 Claudi,
640 2339 751 2385 rithmum
761 2339 918 2402 thalamosque
928 2343 1038 2398 Neronis,
1049 2355 1094 2387 etc.

215 2463 292 2521 quem
303 2445 423 2498 ordinem
435 2459 536 2511 serrat,
554 2462 633 2497 carm.
648 2447 711 2511 vlt,
728 2447 793 2513 104:
809 2448 999 2520 rCapreasque
1010 2448 1095 2500 Tiberi
1109 2449 1141 2500 lit
1153 2449 1254 2519 caligas

213 2530 285 2591 Caii,
298 2525 391 2578 Claudi
408 2540 521 2577 censura
539 2538 628 2577 secuta
645 2538 701 2593 est,
719 2528 751 2578 iit
765 2529 805 2578 vir
818 2540 902 2578 morte
915 2529 1019 2580 Nero.»
1034 2527 1074 2577 Ne
1088 2527 1168 2595 igitur
1183 2539 1255 2579 sata-

213 2619 277 2676 gant
287 2603 400 2675 posthae
410 2602 548 2656 ostendere
558 2603 695 2674 quomodo
708 2607 779 2656 Nero
793 2603 845 2657 diui
856 2607 943 2676 potuit
956 2623 1034 2677 nepos
1042 2603 1158 2669 Claudii,
1172 2625 1254 2678 quum

213 2703 297 2756 nepos
313 2685 393 2737 fuerit
405 2686 572 2749 Germanici,
589 2685 677 2736 fratris
696 2683 816 2736 Claudii:
835 2700 971 2755 nunquam
991 2687 1126 2738 assentiar.
1144 2685 1171 2738 Si
1185 2689 1254 2738 enirn

213 2768 264 2819 lroo
277 2763 437 2830 admittatur,
451 2768 586 2838 perierunt
598 2767 832 2835 consanguinitatis
846 2769 969 2834 nomina,
980 2781 1007 2819 et
1019 2766 1086 2818 nihil
1099 2769 1163 2818 eerti
1174 2767 1253 2819 habe-

213 2849 308 2900 bimus.
323 2845 410 2918 Nepos
423 2845 525 2899 Claudii
539 2845 632 2897 debuit
645 2863 702 2898 esse
721 2845 788 2898 lilius
807 2847 852 2898 iiiii
867 2846 908 2898 vel
926 2846 983 2898 lilim
997 2845 1115 2907 Claudiis
1135 2865 1184 2916 pro
1198 2866 1253 2917 qno

213 2929 280 2980 tilius
296 2927 357 2978 filie
371 2928 534 2989 Germanioi,
552 2927 638 2979 fratris
652 2925 771 2992 Claudii,
786 2928 829 2979 bie
843 2927 939 2980 dieitur
955 2943 1032 2998 nepes
1045 2925 1161 2988 Claudii;
1176 2930 1255 2997 eujus

212 3010 250 3059 rui
260 3005 446 3060 absurditatem
458 3007 545 3060 multis
556 3006 707 3059 nominibus
720 3007 858 3060 ostendere
868 3026 990 3079 possem,
1001 3007 1023 3058 si
1032 3023 1099 3078 opus
1109 3020 1193 3068 essem
1204 3007 1254 3058 sed

213 3101 302 3159 persae.
318 3089 386 3140 ilino
399 3103 473 3160 petet
486 3087 624 3160 epitheton
641 3089 719 3164 ionqe
732 3089 902 3161 depravatum
917 3107 981 3143 esse.
999 3089 1153 3153 Geranios,
1168 3087 1253 3140 Eleus.

211 3170 261 3232 tlt,
275 3169 419 3235 9,tteiuit,
435 3169 543 3240 letigum
557 3171 696 3222 transmisit
707 3169 799 3222 babere
810 3171 911 3240 nepoti,
927 3193 939 3216 ι
948 3189 981 3222 eo
993 3167 1066 3240 quud
1080 3169 1152 3219 Nero
1164 3167 1211 3219 diu
1223 3185 1255 3221 se

213 3246 292 3315 longo
313 3253 439 3320 temporis
458 3251 543 3320 spatio
566 3249 656 3320 (aunis
681 3253 750 3302 enim
771 3251 920 3323 quindecim
939 3249 1096 3322 imperarit)
1113 3251 1254 3301 Etrusomn

211 3323 282 3374 butus
291 3327 319 3375 in
329 3327 459 3378 famulatu
468 3327 606 3390 habuerim
616 3351 627 3374 ι
642 3328 737 3384 dixisse
746 3330 837 3382 debuit
847 3332 1041 3404 quautordeuint
1051 3329 1142 3401 paullo
1152 3332 1253 3384 minus.

210 3417 263 3454 non
275 3399 432 3474 quindecim.
445 3408 608 3473 Gronovius,
622 3409 704 3461 Diatr.
718 3429 776 3482 cap.
790 3413 840 3477 30,
855 3415 936 3464 tutius
950 3424 1027 3484 putat
1038 3413 1152 3462 retinere
1163 3408 1254 3480 vulga.

207 3493 278 3547 tam,
294 3483 388 3534 eodem
400 3501 478 3536 sensu
493 3503 546 3556 quo
557 3487 710 3549 (levantium
724 3509 802 3561 nepos
814 3490 892 3544 tates
903 3491 994 3564 lonytts
1007 3489 1077 3540 idem
1088 3503 1142 3556 est,
1154 3491 1254 3559 inquit,

209 3563 281 3632 qdod
289 3575 366 3632 nepot
375 3562 451 3614 dubet
459 3562 581 3637 muyans,
592 3569 762 3620 usitatissimo
769 3571 926 3634 Crtecisnto;
938 3585 965 3622 et
973 3569 1133 3634 hnctustur,
1144 3567 1252 3620 Rteuch.

209 3637 347 3692 rintidiatr.
364 3659 422 3713 rap.
436 3641 466 3708 4,
479 3657 571 3696 contra
583 3647 753 3716 ineptiuntem
764 3651 912 3717 Croesum,
926 3665 952 3703 et
964 3648 1089 3720 exemplis
1101 3647 1253 3700 illustratet

209 3721 355 3772 confirmat.
374 3721 426 3773 Sed
442 3735 471 3774 ut
487 3723 547 3774 ferri
562 3741 651 3796 posset
664 3725 717 3780 hoc
728 3745 805 3781 sensu
822 3729 901 3804 louqo
918 3732 1023 3803 nepoti,
1041 3731 1148 3780 minime
1165 3741 1252 3779 tamen

208 3797 345 3869 upitltatnn
359 3799 438 3877 inane
454 3807 578 3856 convenit
591 3807 705 3874 Neroni,
722 3825 779 3879 qum
796 3827 859 3862 vera
875 3825 916 3863 est
933 3812 1009 3862 Statii
1023 3811 1162 3879 scripturn.
1179 3808 1253 3859 Latet

208 3879 317 3952 aliquod
332 3883 435 3934 Neroni
447 3887 600 3956 proprium,
613 3899 640 3937 et
651 3887 723 3959 quod
734 3909 819 3942 mures
832 3893 888 3961 ejus
901 3893 1036 3962 caprinum
1051 3901 1136 3955 tortio,
1148 3887 1190 3938 rel
1202 3887 1252 3938 tale

208 3961 359 4032 ‹ptidpittm3
377 3962 412 4014 de
432 3981 486 4035 quo
506 3966 644 4018 tacendum
660 3969 820 4038 usquedum
835 3971 994 4043 exemplaria
1008 3967 1109 4040 aliquid
1123 3967 1253 4021 submini-

207 4055 302 4104 strent,
312 4043 374 4114 fero
387 4047 486 4098 Neroni
492 4085 499 4110 ,
513 4049 631 4118 Protrep.
645 4047 730 4119 Crisp.
744 4069 767 4100 v.
782 4053 823 4103 33.
