2804 4490
168 299 229 386 1⁵4
341 298 477 364 NOTAE
501 297 549 360 lN
573 295 771 360 GARMEN
795 296 1030 378 QUINTUM

162 426 233 484 unde
246 423 361 499 Epithal.
372 424 447 480 Stell.
458 444 483 478 r.
499 422 562 494 149,
573 435 685 476 vocator
700 421 850 478 «concolor
862 421 916 478 alto
927 425 1006 478 Vena
1016 425 1119 490 mam·
1132 439 1159 480 et
1170 429 1209 494 11,

163 527 192 574 a,
209 503 348 578 spendens
363 503 459 558 fluctus
475 522 578 576 equare
594 505 752 575 Carystos‚·
766 502 795 555 id
811 514 864 570 est,
876 503 1101 581 oequonsfluctus,
1118 506 1210 560 colore

162 585 270 660 scilicep.
284 585 365 640 Recte
377 585 457 656 igitur
468 584 595 638 undosum
607 601 723 636 marmor
736 583 896 656 carystium,
910 601 958 640 sea
969 586 1068 638 undosa
1076 584 1208 660 Carystos.

161 669 201 718 De
211 683 372 717 marmorum
384 662 524 734 speciebus
537 681 594 733 que
607 661 661 714 hoc
674 660 735 714 loeo
748 677 943 730 memorantur,
955 663 1008 718 rid.
1021 663 1112 722 Sidon.
1126 667 1210 742 Apol·

163 747 292 812 liparem,
307 747 393 798 Carm.
408 743 493 811 XXN,
509 743 566 796 136.

197 869 241 921 38.
260 871 310 919 Pro
324 866 466 919 lucentibus
479 865 595 917 Cruceus
611 863 683 917 hunc
697 864 785 917 locum
799 867 885 917 citans
899 864 981 918 ltabet
994 865 1147 921 liuentibus.-
1161 887 1208 922 ne·

162 949 218 1002 seio
231 965 264 999 sn
275 965 366 1000 errore
376 948 521 1006 nemerim
533 964 588 997 non
599 944 668 1000 male
676 959 780 998 tamenn
793 948 874 998 immo
886 947 957 998 forte
967 950 1079 1010 rectiuss
1089 950 1128 1002 its
1138 951 1207 1002 enin

162 1025 286 1080 Sidonius
296 1025 359 1078 loca
372 1039 433 1078 unte
447 1039 608 1091 memorato,
621 1045 645 1076 v.
661 1025 725 1090 1383
739 1025 786 1077 ulti
797 1025 869 1078 hune
881 1027 956 1079 Statii
967 1025 1056 1082 locum
1069 1029 1207 1084 manifeste

162 1107 292 1169 imitstnr3
310 1113 413 1158 struite
429 1122 521 1158 rerum
536 1118 576 1156 est
590 1103 743 1160 liuentibus.-
758 1118 838 1176 guttas
851 1107 925 1182 paim
940 1109 1074 1180 nequius
1086 1119 1142 1164 nou
1155 1119 1208 1164 ts·

161 1185 294 1239 benedici
306 1199 419 1258 possunt
431 1185 518 1238 lucere
529 1205 609 1258 qnam
622 1186 715 1252 liuere,
728 1205 776 1238 sou
785 1187 913 1258 purpurei
924 1187 1021 1242 soleris
1033 1205 1104 1254 esse,
1115 1188 1208 1260 quales

162 1279 239 1318 arant
250 1265 290 1319 he
303 1265 412 1321 macule
425 1269 453 1318 in
467 1264 557 1338 lapide
573 1266 739 1339 Synnadicus
754 1266 827 1318 unde
838 1269 866 1319 in
876 1267 995 1320 Surrust·
1007 1267 1095 1333 Pollii,
1108 1285 1146 1320 rs.
1160 1267 1208 1330 88,

161 1343 195 1398 de
207 1344 260 1401 hoe
271 1364 417 1413 marmore,

626 1451 631 1462 .
643 1450 648 1461 .
659 1450 664 1462 .
675 1449 681 1463 .
691 1416 733 1467 uhi
742 1431 857 1468 marmore
867 1419 931 1481 picto

348 1487 450 1540 Candida
460 1502 580 1554 purpureo
589 1487 737 1552 distinguitur
746 1504 799 1536 ares
809 1505 875 1554 gyro.

162 1565 214 1624 hos
231 1579 285 1635 est,
301 1565 395 1623 liventi
408 1587 460 1620 non
476 1565 572 1620 lucenti
587 1584 661 1638 gyro.
676 1567 795 1621 Liventes
813 1569 923 1636 racemi,
937 1569 1015 1640 Prop.
1030 1569 1074 1634 IV,
1089 1537 1119 1632 s,
1133 1565 1208 1640 quod

162 1647 275 1718 explicat
287 1649 378 1699 Horat.
390 1646 478 1699 Carm.
490 1649 528 1713 ll,
542 1645 567 1698 5.
782 1651 784 1656 ’

197 1768 241 1835 41.
260 1769 322 1821 Non
343 1767 434 1820 limina
452 1779 563 1829 cessam·
581 1770 618 1818 its
633 1766 763 1820 editiones
780 1767 927 1842 pleraeqne,
945 1779 972 1820 et
984 1767 1053 1821 hanc
1067 1768 1208 1821 lectionem

163 1862 311 1922 sequuntur
321 1851 452 1900 Domitius
463 1862 488 1899 et
499 1849 646 1900 Gerartius.
659 1847 805 1900 Politianns
815 1863 842 1900 et
852 1849 970 1901 Cruesus
980 1848 1083 1902 malunt
1093 1847 1207 1913 lumine,

163 1941 189 1981 et
200 1930 238 1980 lta
251 1923 333 1980 hahet
347 1926 453 1981 Collnrei
469 1927 565 1996 editio,
579 1941 605 1980 et
619 1941 707 1980 tuetur
717 1930 882 1996 Gronovius,
897 1943 922 1982 et
936 1931 1127 2003 interpretatur
1135 1929 1209 2005 fens·

161 2019 233 2062 etrus.
246 2010 279 2061 Et
292 2027 383 2060 verum
398 2022 438 2060 est
451 2007 503 2061 hoc
518 2027 597 2065 sensu
611 2011 721 2063 inveniri
733 2009 805 2081 apud
819 2009 1022 2062 Ciceronemde
1034 2011 1105 2063 Orat.
1122 2011 1145 2072 1,
1160 2008 1208 2078 39,

162 2101 188 2140 et
203 2086 277 2140 alios.
290 2087 470 2140 Nihilominus
484 2099 573 2140 tamen
585 2089 692 2140 minime
705 2088 811 2162 poetica
824 2103 875 2140 vox
888 2088 1004 2156 ridetur,
1017 2107 1067 2140 nco
1080 2086 1151 2160 apud
1162 2104 1208 2138 eos

162 2169 215 2221 hoc
227 2187 306 2221 sensu
318 2168 397 2220 facile
409 2169 533 2241 reperias.
548 2171 615 2221 Nam
628 2168 702 2241 quod
713 2169 863 2222 Gronovius
877 2169 986 2252 Eleprch.
999 2167 1129 2222 Antidntr.
1142 2186 1166 2219 c.
1179 2184 1209 2234 a,

162 2251 215 2322 sit,
231 2271 242 2295 a
253 2248 366 2325 Lumine
377 2249 555 2324 professuris
568 2249 635 2302 adeo
646 2248 757 2324 vulgare
765 2269 823 2304 csse
828 2261 875 2318 ,nt
883 2250 961 2302 etiam
970 2247 1142 2307 translatione
1155 2245 1210 2300 ele·

162 2331 236 2401 genti
247 2327 306 2381 vil.
320 2327 430 2383 Flaccus
445 2329 524 2384 rimas
539 2333 613 2384 nevis
626 2333 662 2384 ita
677 2332 833 2401 signaverit,
848 2340 872 2380 et
887 2339 975 2382 tenues
987 2327 1083 2380 subiere
1101 2325 1210 2380 inustio

162 2427 225 2462 certe
238 2411 387 2472 Lamiam-s
403 2411 569 2482 respondeo,
582 2411 618 2462 ob
631 2411 702 2463 hane
718 2413 802 2482 ipsam
818 2409 948 2459 rationem
967 2404 1138 2476 rejiciendum
1151 2423 1211 2458 esse

161 2490 214 2542 hoe
226 2489 389 2563 exemplum
401 2511 496 2564 nempe
509 2493 571 2563 quia
583 2511 637 2546 non
649 2491 759 2543 denotat
764 2489 905 2564 fenestras,
921 2490 997 2558 cujus
1009 2487 1211 2558 significationis

162 2570 311 2641 exemplum
321 2590 353 2623 ex
363 2572 454 2644 aliquo
464 2585 544 2643 poeta
556 2569 644 2624 adhuc
656 2572 771 2644 requiro.
783 2567 863 2638 Quod
876 2567 897 2620 si
909 2568 1057 2633 afferretur,
1067 2566 1210 2618 retinerem

163 2663 251 2700 tamen
266 2649 375 2716 limina,
390 2652 411 2703 si
424 2653 461 2703 ita
473 2650 602 2703 haberent
615 2650 704 2722 plures
718 2644 861 2711 editiones;
875 2666 956 2720 quum
970 2663 1062 2700 sensus
1073 2663 1147 2718 aeque
1160 2643 1212 2695 bo-

163 2745 213 2780 nus
229 2729 263 2784 sit
277 2731 306 2781 in
320 2729 370 2781 ltoc
385 2749 464 2805 quam
479 2732 506 2784 in
525 2727 580 2782 illo.
596 2729 630 2782 Et
647 2731 685 2782 ita
700 2727 807 2803 quidem
821 2727 923 2780 habent
938 2725 1119 2779 vetustissimae
1134 2723 1209 2776 editt.

161 2809 247 2862 Parm.
261 2824 287 2862 et
296 2811 425 2862 Romana.
438 2810 593 2882 Emplmtice
604 2809 821 2879 liicvsumentlum
832 2823 872 2863 est
883 2805 911 2862 ri
923 2809 1030 2875 iimina,
1044 2807 1120 2878 qussi
1131 2803 1210 2856 dixis·

163 2905 216 2957 set,
228 2891 307 2944 etium
321 2890 448 2944 vilissimis
458 2893 577 2963 partibus
590 2891 685 2945 horum
698 2894 858 2946 Balarorum
870 2911 933 2944 suus
946 2889 1073 2964 splendor
1083 2890 1159 2940 inest.
1171 2883 1210 2936 si-

162 2970 226 3023 don.
239 2971 384 3043 Apollinar.
398 2971 484 3023 Carm.
497 2973 546 3039 Xl,
563 2972 609 3036 25;
624 2971 689 3025 Plln.
703 2974 828 3038 XXXVI,
843 2970 873 3038 6,
888 2990 903 3022 a
918 2971 1039 3024 Gerania
1054 2969 1157 3019 citatus·
1171 2965 1210 3015 ΕΙ

164 3069 216 3122 quo
229 3051 306 3103 Plinii
316 3053 377 3104 loco
389 3049 483 3105 isidor.
499 3053 572 3120 XVI,
585 3051 615 3119 5,
627 3052 690 3105 dicit
701 3071 818 3105 marmor
829 3049 1001 3104 Numidicum
1015 3048 1138 3101 liminum
1150 3047 1210 3097 usui

162 3141 264 3258 {ptum
279 3129 435 3183 Prudentius
448 3130 637 3207 Psychomscb.
652 3151 678 3190 v.
692 3131 758 3196 835,
773 3129 885 3204 pulchre
899 3128 1024 3181 describit
1038 3126 1112 3200 quod
1125 3125 1212 3178 innuit

180 3221 269 3266 tatius.
305 3213 316 3228 '¹
823 3212 825 3223 ‘

198 3319 242 3386 44.
260 3320 297 3372 Et
307 3324 409 3391 parcius
424 3324 533 3394 imperet
546 3326 622 3399 ipris.
636 3324 666 3376 ld
679 3335 731 3388 est,
745 3325 810 3376 vires
824 3337 885 3374 suas
898 3331 1029 3388 temperat
1042 3330 1068 3370 et
1081 3318 1211 3373 minorem

163 3397 278 3450 calorem
293 3403 400 3468 emittit3
413 3422 444 3454 ex
456 3407 527 3476 virg.
540 3405 634 3472 Georg.
648 3407 728 3472 1‚99.
740 3403 826 3468 Quem
839 3398 926 3449 locum
938 3399 1055 3448 imitatur
1067 3395 1166 3448 Seneca
1178 3395 1212 3448 de

162 3477 298 3550 Tranquil.
311 3481 398 3533 Animi
411 3499 434 3533 e.
449 3483 496 3536 15:
516 3496 566 3533 nur
579 3481 708 3535 fertilibus
722 3481 790 3549 agris
803 3497 857 3529 non
869 3491 909 3530 est
920 3475 1119 3548 imperandum,
1134 3489 1208 3529 ete.-

163 3557 230 3608 lline
240 3558 441 3631 inlelligendum
450 3561 520 3612 istud
532 3562 636 3612 Benene
645 3558 743 3628 OEdip.
757 3557 822 3630 895;
835 3556 869 3608 de
881 3559 972 3609 leaeo:
988 3577 998 3601 s
1010 3556 1086 3607 nimis
1098 3557 1212 3626 imperti

163 3640 293 3708 pennis‚=
311 3641 338 3692 id
352 3656 405 3707 est,
420 3642 496 3691 nimis
510 3652 614 3692 exercet
629 3653 656 3692 et
669 3641 760 3690 utitur.

198 3763 243 3818 63.
263 3767 362 3833 Macte,
379 3783 435 3831 uro,
453 3764 546 3821 nitenti
561 3763 688 3838 inperio,
705 3781 833 3834 ruraque,
849 3781 924 3834 puer.
939 3761 981 3816 Ad
995 3759 1068 3816 hunc
1082 3760 1171 3814 locum
1184 3773 1211 3812 et

162 3856 215 3899 tres
227 3843 404 3916 precedentes
415 3862 503 3898 versas
515 3843 609 3898 alludit
616 3843 751 3901 Ausonius
762 3841 875 3898 Mosella
883 3863 908 3898 v.
922 3841 985 3911 345.
998 3841 1050 3896 Sed
1058 3839 1144 3896 verbis
1156 3840 1212 3894 Sta-

163 3928 193 3976 tii
209 3925 333 3978 mendum
350 3923 457 3976 subesse
475 3927 572 3997 opinor
587 3948 593 3980 z
616 3928 715 4000 qnippe
728 3943 780 3981 voa
798 3943 860 3980 cure
875 3925 1009 3979 nonsatis
1023 3924 1144 3995 exprimit
1157 3919 1212 3974 ele-

164 4009 279 4073 gantiam
293 4004 364 4058 illam
379 4019 404 4057 et
418 4004 586 4078 splendorem
599 4026 678 4082 quem
692 4009 719 4060 in
733 4009 844 4063 Etrusco
858 4005 947 4058 laudat
962 4006 1066 4058 Noster.
1081 4003 1164 4069 Lege,
1179 4019 1211 4052 ex
