2844 4484
396 285 543 407 'irent
567 341 744 424 Quium
769 342 1023 410 sinvsnuu.
1171 347 1236 414 555

196 475 345 528 tisfaciunte
357 487 413 521 non
425 470 495 520 enim
509 485 551 520 res
564 481 603 520 est
613 469 704 541 persidii
714 467 804 521 videre
818 467 934 540 aliquam
945 469 1057 539 genibus
1069 474 1238 544 Imperatoris

194 551 345 606 advolutam
358 563 384 601 et
395 549 492 618 gratias
506 561 642 618 agentem
658 547 709 600 hoc
724 567 778 600 non
793 548 864 599 acuit
876 561 903 599 et
914 563 993 618 auget
1004 549 1119 603 laetitiam
1131 568 1158 608 et
1169 554 1238 608 hila·

194 635 297 685 ritatem
311 629 441 683 conviviis
456 645 498 680 res
515 629 585 680 seria
603 641 643 680 est
654 629 800 700 prasiorum
812 629 895 695 aetio,
915 641 941 681 et
959 631 1075 682 animum
1093 645 1120 683 et
1136 633 1238 687 vultum

194 711 371 783 compositum
386 726 466 779 quam
484 710 597 759 maxime
611 720 638 760 et
656 708 805 762 modestum
824 707 951 779 postulat.
970 711 1048 760 Mitto
1064 710 1137 781 quod
1152 713 1238 767 adhuc

194 805 275 844 restat
287 789 355 844 idem
371 787 510 861 scrupulus
525 787 559 840 de
574 788 616 840 die
629 800 655 840 et
667 807 755 856 eona,
768 791 794 840 in
810 807 863 860 qua
876 807 941 840 voce
951 788 1016 841 latet
1027 803 1082 842 tota
1094 789 1173 862 hujus
1187 793 1239 847 loci

195 870 347 943 depravatio
359 893 366 933 ;
386 869 448 921 licet
467 868 598 920 interdum
611 867 721 922 dicasset
734 887 834 922 coenans
847 869 961 940 junctim
977 871 1110 936 invenias,
1123 883 1154 922 ut
1167 874 1239 943 apud

194 953 366 1023 Eutropium,
380 950 426 1002 lib.
441 951 514 1018 Vlll,
532 947 566 1000 de
580 951 640 1001 Tito
658 952 725 1021 Imp.
745 951 910 1021 «Propterea
924 968 1007 1022 quum
1022 949 1138 1022 quadam
1154 952 1197 1004 die
1211 955 1238 1006 in

194 1049 268 1084 coena
281 1027 434 1084 reeordatus
448 1030 543 1082 fuisset
559 1027 625 1084 nihil
639 1047 667 1081 se
683 1028 728 1081 illo
744 1027 786 1082 dic
801 1031 926 1102 cuiquam
942 1032 1106 1102 praestitisse,
1120 1030 1239 1099 dixit,0

195 1111 286 1176 amici,
299 1107 380 1160 hodie
397 1107 466 1160 diem
480 1107 619 1179 perdidi;·
641 1127 694 1182 quo
714 1109 774 1172 loco
788 1110 831 1160 vix
844 1108 898 1160 vidi
916 1110 1063 1182 quidquam
1081 1099 1164 1182 magii
1178 1111 1240 1166 bar-

195 1187 258 1240 bare
274 1201 320 1240 aut
335 1189 466 1240 incuriose
480 1189 667 1259 compositum.
679 1187 748 1240 'l'ota
759 1207 800 1241 res
813 1187 868 1241 haec
881 1202 936 1242 est:
952 1189 1121 1246 commendat
1137 1192 1240 1248 Priscil-

194 1267 247 1319 lam
254 1268 365 1335 Statius,
375 1267 410 1320 ob
418 1285 508 1320 curam
516 1280 541 1318 et
552 1266 824 1338 sollicitudiuemerga
832 1270 955 1322 maritum
964 1283 991 1322 et
999 1288 1040 1322 res
1048 1273 1118 1342 ejus:
1133 1271 1239 1337 sQuaua

194 1345 266 1410 laeta,
280 1348 381 1417 inquit,
398 1347 471 1398 luisti
485 1364 516 1398 co
531 1346 574 1399 die
589 1366 641 1418 quo
658 1347 737 1399 rebus
755 1346 968 1402 administrandis
981 1349 1102 1402 admotus
1113 1351 1164 1404 fuit
1177 1369 1240 1404 con·

193 1429 240 1495 jux
248 1430 325 1478 tuus!
338 1427 477 1490 nimirum,
490 1425 572 1478 vicisti
578 1426 674 1497 pendia
685 1427 776 1497 ipsium,
789 1425 850 1498 plns
859 1426 949 1498 gaudii
960 1441 986 1479 et
994 1428 1150 1499 voluptatis,
1160 1447 1240 1501 qnam

196 1506 293 1574 conjux
302 1506 373 1576 ipse,
386 1503 538 1569 ostendisti,
549 1503 613 1556 dum
623 1505 733 1575 genibus
743 1507 911 1576 Imperatoris
921 1509 1018 1578 gratias
1028 1521 1119 1558 actura
1129 1509 1240 1579 teipsam

196 1580 354 1634 advolveres.
365 1606 376 1628 r
390 1583 530 1633 Evanescit
538 1585 595 1653 jam
607 1583 698 1634 fictitia
710 1584 758 1634 ista
773 1601 859 1649 coena,
872 1603 928 1655 qua
943 1582 976 1634 cl.
988 1583 1124 1636 Dodwello
1137 1596 1240 1636 tantum

196 1663 293 1730 negotii
305 1659 427 1725 facessit,
444 1661 540 1713 Annal.
556 1661 618 1714 Stat.
635 1679 658 1712 c.
675 1659 709 1714 55
718 1683 724 1713 s
742 1663 798 1731 ejus
813 1661 873 1714 loco
890 1680 1010 1734 repono,
1030 1664 1133 1715 evicisti
1143 1661 1240 1733 gaudia

196 1755 267 1794 oertc
278 1743 394 1813 Ipsius·
410 1743 482 1794 Certe
493 1756 533 1794 est
544 1741 684 1807 nimirum,
700 1741 748 1794 hoc
760 1753 856 1815 cenups
869 1754 918 1810 est,
931 1740 1045 1794 denarias.
1058 1744 1112 1810 lta,
1124 1742 1183 1794 Silv.
1196 1745 1239 1811 Π,

195 1820 226 1887 6,
240 1839 276 1873 vs.
290 1822 352 1888 ros,
367 1833 457 1872 «certe
472 1834 500 1873 tu
513 1823 628 1873 muneris
643 1835 736 1872 auctor
749 1821 810 1872 Non
826 1821 883 1874 aliis
899 1822 989 1875 malles
999 1821 1097 1888 oculis,
1111 1823 1239 1896 Lysippe,
1279 1889 1280 1894 ¹

195 1899 341 1971 probari„
359 1898 487 1952 Thebaid.
503 1903 536 1968 V,
551 1901 602 1967 64:
624 1915 719 1952 serant
735 1914 806 1952 certe
823 1899 910 1954 media
926 1919 984 1973 qun
999 1903 1085 1952 noctis
1101 1903 1128 1952 in
1145 1901 1240 1954 umbra

195 1980 289 2032 Divam
301 1981 366 2032 elios
380 1983 454 2050 ignes
466 1981 619 2051 majoraque
632 1979 683 2032 tela
697 1993 846 2050 gerentem,
858 1993 930 2032 etc·
946 1979 1070 2046 Ovidius,
1082 1982 1190 2033 Metam.
1202 1983 1240 2048 X,

196 2059 263 2125 4882
278 2083 290 2107 s
299 2062 405 2112 Numen
419 2061 545 2114 confessis
558 2059 666 2134 aliquod
679 2071 767 2131 patet:
780 2060 873 2112 ultima
884 2073 956 2114 certe
968 2059 1036 2113 Vota
1048 2079 1111 2112 suos
1123 2059 1240 2112 habuere

195 2139 305 2201 Decem·
321 2139 458 2191 Claadisn.
471 2140 498 2192 in
513 2139 651 2207 Rufinum,
665 2142 704 2206 ll,
716 2139 766 2210 94:
785 2139 911 2192 standern
927 2159 1051 2193 succurre
1063 2142 1150 2193 ruenti
1164 2141 1238 2194 lieu!

195 2220 299 2288 patriae,
316 2219 441 2272 Stilicho:
457 2219 552 2274 dilecta
565 2219 609 2272 hio
626 2221 738 2294 pignora
756 2234 844 2288 certe,
855 2223 905 2274 flio
916 2221 1048 2284 domum·
1063 2221 1173 2275 Sueton.
1186 2221 1238 2275 Jul.

195 2313 219 2347 o.
235 2294 283 2348 502
298 2301 388 2351 «Nam
405 2311 475 2352 certe
489 2301 632 2372 Pompeio,
648 2311 673 2353 et
689 2319 705 2352 a
718 2301 878 2353 Curionibus
892 2315 967 2374 patre
980 2316 1005 2353 et
1019 2301 1089 2368 filio,
1105 2315 1132 2355 et
1146 2302 1241 2354 omnl-

195 2376 229 2428 tis
244 2377 431 2449 exprobratum
444 2391 499 2446 est,
510 2392 560 2432 etc.
572 2403 583 2426 s
597 2381 689 2434 Horat.
702 2381 790 2433 Germ.
805 2381 844 2447 ll,
860 2381 891 2450 4,
905 2382 950 2449 13,
960 2400 1026 2454 sqq:

439 2486 534 2532 Nescias
542 2501 572 2530 an
582 2499 605 2532 te
614 2503 727 2550 generum
736 2488 797 2533 beati

440 2556 551 2620 Phyllidis
559 2557 623 2604 flavas
633 2558 745 2606 decorent
754 2571 878 2621 parentes:

441 2627 537 2688 Regium
546 2639 609 2673 certe
619 2643 707 2698 genus,
717 2641 740 2674 et
749 2641 844 2691 penates

501 2696 586 2741 hlosret
595 2698 689 2759 iniquos
698 2715 705 2752 ς

196 2800 243 2853 ubi
256 2819 305 2874 pro
322 2799 428 2853 Nescius
444 2821 479 2854 aa
497 2812 534 2869 te,
548 2801 652 2854 mallem
669 2803 721 2873 Qui
735 2803 798 2856 scias
812 2823 847 2854 an
866 2816 889 2856 te
903 2823 964 2856 cum
976 2807 1197 2876 interrogatione,
1211 2819 1241 2860 nt

196 2883 252 2934 Art.
266 2882 339 2932 Poet.
354 2901 379 2932 v.
393 2881 461 2948 462,
478 2882 552 2949 «Qui
568 2884 618 2934 scis
636 2901 669 2934 an
686 2880 819 2954 prudens,
834 2895 907 2934 eso·
923 2898 1086 2945 errornatus
1099 2903 1129 2938 ex
1143 2886 1240 2940 omissa

196 2963 281 3031 prime
296 2979 385 3013 versus
402 2961 492 3023 litera;
506 2959 577 3013 undo
595 2962 702 3026 sisoius,
718 2974 744 3012 et
758 2980 819 3013 mox
838 2961 941 3016 nescias.
960 2961 1011 3015 Sed
1028 2961 1081 3015 hoc
1099 2962 1192 3015 obiter.
1211 2964 1240 3015 ln

195 3037 268 3091 hisce
283 3038 407 3090 omnibus
422 3039 486 3091 locis
498 3039 600 3092 resolve
613 3058 707 3092 rocem
721 3053 788 3092 certe
804 3041 831 3090 in
847 3039 895 3092 lsoc
906 3051 1003 3093 certum
1018 3053 1055 3095 est
1070 3043 1110 3095 vel
1124 3053 1239 3110 comtos,

196 3131 222 3171 et
233 3137 339 3171 sensum
350 3133 488 3171 auctorum
499 3118 619 3172 habebis.
633 3123 704 3172 Certe
713 3119 883 3192 degeneravit
891 3123 919 3172 in
928 3140 990 3173 eene
1001 3120 1068 3192 (hoc
1078 3124 1147 3176 euim
1159 3121 1239 3174 modo

195 3200 222 3250 in
235 3197 306 3250 MSS.
319 3197 456 3271 scribitur)
470 3197 541 3251 facili
553 3200 713 3263 mutaticom
727 3201 825 3272 quippe
838 3219 856 3250 n
869 3214 895 3252 et
907 3212 931 3252 rt
942 3200 1036 3254 iisdem
1048 3202 1143 3254 calami
1154 3201 1240 3256 ducti·

196 3275 246 3330 bus
259 3291 390 3330 constant.
402 3279 460 3330 Hoc
474 3277 540 3330 adeo
553 3293 653 3331 certum
665 3292 692 3332 et
705 3281 795 3332 sensui
808 3283 986 3332 necessarium
998 3295 1079 3354 puto,
1094 3296 1123 3333 ut
1137 3283 1164 3333 in
1178 3300 1239 3336 con-

196 3368 296 3408 textum
314 3356 473 3411 admiserim.
491 3360 550 3410 Pari
566 3357 646 3430 plane
660 3358 740 3412 modo
759 3372 900 3433 peccatum
917 3373 984 3434 puto
1000 3361 1072 3434 apud
1086 3363 1239 3426 Horatium,

196 3435 280 3507 Epist.
294 3440 332 3505 11,
350 3456 372 3506 ι,
386 3458 410 3490 v.
427 3456 490 3492 rso:
1102 3441 1105 3448 '

381 3547 479 3594 Mutavit
487 3557 590 3594 mentem
598 3545 699 3608 populus
709 3546 777 3602 levia,
787 3559 812 3594 et
821 3547 881 3598 salet
890 3563 937 3596 nno

380 3617 502 3664 scribendi
509 3616 600 3672 studim
609 3617 725 3680 puerique
734 3629 857 3681 patresque
867 3621 942 3668 severi

379 3690 472 3737 Fronde
481 3706 559 3738 comas
568 3691 639 3738 vincti
648 3702 754 3748 coenaut,
765 3703 788 3738 es
797 3694 898 3740 carmina
907 3693 994 3742 dictant
1003 3709 1009 3738 :

197 3803 267 3842 certe
284 3808 380 3861 parum
397 3795 536 3847 commode
555 3809 643 3867 patres
660 3798 742 3848 seueri
759 3797 923 3851 inducuntur
942 3809 1083 3860 conantem
1102 3797 1155 3850 hoc
1169 3800 1237 3850 euim

195 3870 275 3924 lautis
285 3869 379 3924 melius
389 3878 513 3927 convenit
528 3894 607 3947 quam
620 3877 717 3930 sevam
732 3877 784 3930 Sed
796 3879 859 3950 quid
874 3878 975 3932 adrem
988 3893 1077 3931 utrum
1088 3889 1188 3930 coenent
1198 3877 1239 3929 rel

197 3968 249 4002 non
263 3952 380 4003 canent?
391 3951 456 4005 nihil
470 3952 522 4006 hoc
537 3953 572 4006 ad
585 3954 698 4008 studium
709 3957 848 4025 scribendi,
863 3957 896 4010 de
910 3977 962 4031 quo
977 3958 1020 4012 hio
1033 3960 1085 4031 agit
1099 3958 1236 4016 Horatium

196 4042 222 4080 ct
230 4047 304 4100 aeque
311 4028 483 4084 benedixisse
490 4035 577 4103 potuit
586 4053 638 4087 non
645 4036 943 4092 eremanhlibiridetur
950 4040 1099 4109 scripsisse,
1116 4035 1237 4106 sFrondc
