2784 4484
143 271 163 311 χ
543 243 786 308 PRAEFATIO

23 383 29 396 '
143 378 287 468 quisset,
307 372 371 438 nisi
391 385 428 434 ut
443 391 529 460 opus
549 383 598 435 tot
615 371 766 448 numeris
784 369 975 441 absolutum
994 380 1082 469 typis
1101 381 1184 445 inte-

142 515 240 584 grum
259 505 293 556 et
312 490 475 554 intactum
495 485 742 578 religiosissime
763 487 1015 562 demandarent.
1042 501 1115 564 Non
1139 502 1185 566 ita

141 626 253 677 tamen
267 603 461 673 absolutum
474 627 560 698 opus
574 603 766 674 Marklandi
780 613 949 701 reputavit
963 637 1116 708 nuperus
1127 615 1185 685 Sil-

140 753 258 797 varum
273 725 407 809 Editor,
424 725 642 792 Ferdinandus
656 727 822 812 Handius,
841 744 961 798 utnon
976 733 1185 804 emendanda

140 846 319 930 nonnulla,
332 843 430 937 plura
441 865 522 910 vero
533 841 687 912 addenda
696 840 905 936 judicaverit.
919 854 1111 921 Doctissimi
1122 851 1185 922 hu-

135 968 191 1062 jus
213 969 276 1036 viri
299 965 542 1059 disputationes
571 969 675 1056 (quas
694 989 765 1033 non
783 965 871 1034 ultra
890 993 1028 1039 carmen
1050 995 1086 1040 ιιι
1105 972 1181 1043 libri

138 1093 238 1182 primi
257 1085 366 1156 adhuc
389 1082 565 1176 protulit),
585 1085 731 1178 integras
747 1086 817 1155 fere
832 1091 1038 1183 recepimus;
1056 1117 1119 1161 nec
1135 1096 1184 1162 in·

138 1227 272 1302 gratum
285 1207 417 1276 erudito
430 1206 546 1274 lectori
560 1206 631 1273 fore
646 1213 874 1300 speravimus,
892 1215 921 1277 si
934 1211 1027 1281 haud
1041 1217 1086 1284 ita
1100 1216 1183 1284 infe-

137 1334 261 1398 riorem
273 1325 433 1395 aemulum
456 1348 534 1393 cum
555 1327 629 1417 ipso
653 1325 854 1396 Marklando
872 1337 1182 1417 committeremus,

137 1465 339 1526 eventurum
353 1445 432 1513 inde
446 1444 581 1526 confisi,
597 1462 636 1511 ut
649 1468 737 1513 nova
755 1444 816 1514 lux
833 1445 1033 1542 aliquando,
1053 1475 1095 1518 ex
1111 1455 1184 1544 ipsa

136 1589 252 1634 rerum
268 1579 327 1632 ant
337 1562 518 1630 verborum
527 1564 741 1630 contentione
752 1581 890 1655 repente
900 1565 1086 1661 effulgeret.
1098 1575 1183 1652 Nec,

138 1693 165 1755 si
187 1688 273 1756 forte
291 1709 427 1754 carmen
445 1682 580 1774 longius
601 1684 825 1776 productum,
849 1687 902 1755 vel
916 1689 1058 1781 planum
1071 1695 1185 1760 minus

136 1823 392 1902 argumentum,
414 1806 550 1872 Domitii
574 1804 848 1876 Praefatiunculas
876 1813 1072 1896 omisimus,
1101 1837 1184 1906 quas

137 1928 303 1998 Silvarum
312 1927 433 2021 cuique
443 1923 664 2016 praefigendas
675 1943 871 1994 curaverat:
886 1930 940 1994 cui
952 1928 1088 2022 quidam
1098 1955 1184 1998 non-

138 2047 232 2117 nulla
243 2050 361 2130 etiam,
378 2069 454 2141 quae
471 2048 541 2112 sive
553 2044 596 2113 ad
613 2045 787 2116 historiam
803 2064 837 2116 et
852 2050 1107 2143 geographiam,
1126 2067 1187 2118 aut

137 2165 180 2236 ad
204 2168 414 2235 obscuriores
436 2163 601 2260 quosdam
621 2181 773 2234 veterum
799 2166 934 2259 mythos
958 2169 1184 2259 pertinerent,

137 2304 274 2381 accepta
288 2283 430 2355 candide
446 2284 633 2354 relerimus.

185 2445 379 2536 Supererat,
394 2459 449 2525 ut,
466 2443 556 2537 quod
570 2441 652 2511 olim
668 2443 869 2512 Marklando
881 2447 916 2512 in
928 2460 1077 2511 mentem
1088 2467 1185 2511 vene-

139 2579 208 2647 rat,
222 2549 285 2631 nec
297 2585 497 2632 concessum
509 2580 549 2630 ut
561 2563 754 2657 perficeret,
772 2566 836 2656 ipsi
850 2562 1106 2656 perficeremus:
1121 2561 1186 2632 col-

139 2685 300 2754 lationem
311 2684 386 2752 dico
397 2687 490 2776 Regii
503 2684 653 2767 Codicis,
675 2713 688 2744 α
703 2682 800 2777 cujus
812 2682 996 2780 aliquando
1008 2687 1037 2753 si
1048 2707 1186 2778 compos

139 2809 279 2891 fuerim,
299 2810 409 2902 inquit
429 2805 649 2876 Marklandus
677 2811 713 2875 in
740 2807 940 2876 Praelatione
961 2831 1039 2890 sua,
1063 2824 1187 2876 nostrae

139 2930 345 3018 postposita,
371 2941 404 2994 et
427 2929 455 2993 si
479 2931 563 3002 tanti
581 2927 768 3008 videbitur,
789 2951 888 2995 curas
913 2924 1077 2996 secundas
1107 2927 1187 2993 hnic

140 3047 234 3136 operi
253 3069 323 3113 non
346 3047 472 3138 pigebit
492 3046 731 3139 impendere.»
764 3051 868 3113 Porro
891 3045 1041 3113 codicem
1068 3043 1184 3127 illum,

141 3189 243 3260 quem
262 3170 338 3232 satis
358 3171 548 3259 antiquum,
574 3167 774 3237 Marklando
799 3182 901 3250 teste,
927 3164 991 3234 Th.
1019 3163 1186 3234 Bendeius

137 3283 364 3378 judicaverat,
379 3290 465 3355 inter
480 3306 619 3357 caeteros
634 3292 683 3358 sic
696 3303 791 3358 notat
804 3311 908 3380 supra
918 3285 1074 3354 laudatus
1088 3284 1184 3354 Ferd.

143 3404 294 3474 Handius
308 3435 315 3473 :

201 3545 323 3604 «Codex
345 3547 533 3620 Parisiensis,
558 3545 752 3622 chartaceus,
776 3567 857 3608 unus
884 3545 954 3620 ille,
978 3564 1070 3625 quem
1094 3541 1189 3603 hahet

160 3639 352 3702 bibliotheca
366 3645 478 3726 Regia,
493 3649 529 3702 n⁰
544 3644 620 3704 8282
635 3645 801 3724 signatum.
822 3645 968 3704 Continet
985 3662 1085 3704 cxxxv
1104 3640 1190 3701 foliis

162 3735 288 3797 diversae
300 3739 557 3815 materiae=Silvas,
575 3737 760 3800 Achilleidos
777 3740 871 3802 libros
888 3741 932 3817 ll,
950 3740 1044 3800 Persii
1060 3739 1187 3806 Satires,

161 3833 293 3896 Sallustii
307 3837 554 3900 Declamationcs
568 3841 602 3900 in
616 3840 813 3918 Ciceronem,
829 3839 1002 3922 Epistolam
1018 3839 1054 3897 N.
1067 3831 1187 3916 Rogerii

162 3933 200 3992 ad
217 3935 368 3998 Joannem
385 3938 588 4001 Maludanum
601 3951 630 4000 et
644 3937 817 4022 fragmenta
831 3959 867 4000 ex
885 3939 989 3999 Ovidii
1006 3935 1117 4006 Fastis,
1135 3929 1186 3990 sed
