2784 4484
166 169 185 231 8
286 163 421 231 NOTAE
445 162 494 226 lli
517 159 795 228 EPISTOLAM
817 162 852 225 P.
876 161 912 226 P.
936 161 1090 230 STATll

165 291 216 364 plis
221 289 325 363 Virgilii
341 302 367 343 st
379 289 498 341 Homeri.
509 287 620 340 Nullum
630 283 712 339 elium
726 305 833 340 sensum
843 285 906 340 huic
918 287 979 342 loco
992 291 1101 345 subesse
1114 310 1210 365 posse,

164 384 237 446 patet
247 391 279 425 ex
288 387 417 443 responso
424 381 524 440 poete:
535 367 617 421 verba
626 381 728 435 autem,
741 366 832 436 sQuid
841 369 911 420 euim
920 386 1042 442 quoque,
1054 386 1123 428 eur.-
1135 370 1210 426 hm

165 451 240 504 nullo
253 450 335 504 modo
350 450 482 502 efficiunt:
497 449 634 520 scripsisse
645 447 716 499 enim
730 443 823 500 debuit
835 447 869 499 sd
881 446 951 500 hanc
965 449 1097 503 formum:
1115 451 1211 521 «Quid

165 533 254 584 enim?
274 529 344 582 Men'
362 531 519 582 auctoritate
537 526 601 580 levis
618 545 724 598 quoque
740 539 766 578 et
782 528 926 599 nugatorie
944 527 1068 582 editionis
1086 533 1210 598 onerari,

165 629 248 683 qaum
261 608 349 661 adhue
362 628 412 682 pro
424 606 560 660 Thebaide
572 624 643 673 mea,
658 607 775 678 quumvis
786 625 829 660 me
841 604 989 678 reliquerit,
1003 611 1120 661 timeoir
1136 613 1210 678 Hoc,

166 693 287 764 inquam,
298 687 341 742 vel
353 688 406 742 tale
417 687 519 762 aliquid
529 687 625 740 dixisse
637 683 744 749 debuit;
756 684 832 739 locus
845 689 924 759 igitur
934 689 991 740 sine
1003 688 1087 741 dubio
1099 689 1210 742 mutilus

165 785 219 833 est;
231 769 344 822 sednon
356 767 436 820 ullius
448 769 554 838 ingenio
568 765 669 838 absque
681 765 805 818 codicum
815 767 886 819 MSS.
898 785 949 838 ope
962 768 1136 841 supplendus.
1148 773 1211 823 Bur-

165 849 236 904 thius
247 851 370 918 tentavit,
384 849 470 916 sQuid
479 847 566 900 enimi
576 845 707 899 Editionis
716 864 824 919 quoque
834 850 990 901 auctoritate
1000 849 1134 900 onerari?-
1143 849 1212 902 mul·

165 933 198 984 tis
212 929 366 982 nominibus
380 927 555 993 refellendus,
569 927 621 978 nisi
631 928 688 997 jam
701 925 829 978 dixeram.
842 925 993 988 Monendus
1004 941 1092 980 tamen
1104 947 1146 995 es,
1159 947 1211 1000 pro

165 1010 236 1084 quod
245 1010 331 1066 adhuc
342 1010 449 1062 omuino
460 1005 511 1078 legi
522 1005 620 1058 debere
634 1023 729 1079 quom,
740 1005 768 1057 id
781 1019 834 1074 est,
846 1025 942 1080 quum.-
957 1005 1010 1059 hoc
1021 1006 1139 1080 postulat
1151 1025 1211 1062 sen·

165 1108 228 1143 sus:
243 1088 391 1143 simillimus
406 1086 469 1139 huic
481 1086 557 1138 locus
573 1087 601 1136 in
612 1086 716 1157 prefat.
728 1084 774 1136 lib.
786 1088 821 1138 1v
822 1124 831 1154 ,
844 1085 892 1138 ubi
907 1084 1017 1138 eandem
1032 1085 1211 1157 objectionem

165 1167 252 1220 diluit.
266 1197 302 1210 -
316 1168 391 1238 Quod
404 1183 455 1237 pro
469 1182 620 1238 quanquam
635 1163 758 1236 usurpari
772 1163 897 1236 exemplis
915 1183 970 1216 non
985 1178 1086 1218 tantum
1104 1167 1211 1219 serioris

62 1286 65 1292 ·
165 1250 248 1301 artatis
259 1248 474 1301 demonstrarunt
486 1246 581 1297 Muret.
593 1243 627 1296 ad
640 1243 737 1297 Catull.
752 1263 798 1312 22,
810 1263 837 1316 p.
851 1245 898 1308 36;
909 1247 999 1299 Heius.
1012 1245 1046 1298 ad
1057 1245 1135 1301 ovid.
1146 1248 1209 1299 Her.

170 1346 210 1398 17,
225 1328 268 1393 51,
283 1330 423 1380 burmann.
437 1326 472 1378 ad
485 1325 567 1379 Anth.
578 1326 635 1378 Lat.
650 1328 686 1393 ll,
700 1342 761 1398 pag.
776 1325 838 1392 484
851 1328 961 1379 Temere
972 1327 1052 1399 igitur
1062 1325 1210 1380 ldsrllund.

165 1410 381 1480 correxitquum.
401 1408 483 1457 Hruu.

202 1595 227 1649 7.
248 1575 373 1648 Quamuis
384 1593 426 1626 me
438 1573 579 1646 reliquerit.
592 1573 678 1626 Nemo
689 1571 745 1627 hec
758 1589 881 1630 accurate
892 1579 1078 1650 interpretetus
1091 1589 1140 1630 est.
1151 1577 1212 1631 llei-

167 1659 256 1710 nesius
270 1657 298 1708 in
310 1647 430 1708 ineditis:
448 1677 460 1700 ι
470 1653 615 1725 reliquerit,
627 1655 645 1704 ί.
658 1671 683 1705 e.
698 1657 782 1706 rietus
795 1657 892 1708 fuerim
905 1658 934 1709 in
947 1657 1134 1710 committenda
1146 1675 1185 1710 ea.
1197 1682 1209 1705 s

167 1737 201 1788 N.
222 1737 368 1788 Heinsius:
390 1733 500 1804 respicit
517 1729 552 1783 ad
568 1730 713 1803 pudorem,
728 1733 802 1806 qnod
817 1737 902 1792 victus
918 1738 982 1802 fuir,
1003 1737 1065 1790 dum
1081 1739 1212 1791 recitaret.

166 1817 208 1868 Cf.
221 1819 279 1886 ejus
292 1813 450 1866 Adversaris
462 1829 523 1882 paq.
531 1810 591 1882 591.
604 1813 765 1882 Gronovius,
777 1817 894 1886 quamvis
906 1817 1018 1870 eandem
1028 1817 1099 1870 hanc
1110 1832 1214 1871 senten·

166 1897 232 1948 tium
244 1894 394 1968 amplexus,
408 1889 508 1945 scilicet
524 1892 635 1945 Statium
643 1892 783 1946 'desertum
799 1913 827 1948 se
841 1914 858 1947 a
871 1894 1007 1948 Thebaide
1020 1915 1070 1949 sua
1086 1901 1213 1966 sensisse,

115 1963 117 1970 ,
168 1988 256 2026 tamen
270 1971 384 2045 explicat
396 1971 439 2024 his
452 1971 557 2024 verbis:
577 1974 644 2024 retsi
655 1974 711 2043 jam
726 1973 809 2040 edita,
820 1979 876 2046 jam
890 1975 1025 2049 publicata
1039 1979 1087 2044 sit,
1100 1989 1131 2030 ut
1141 1997 1214 2030 nunc

168 2071 228 2108 sero
236 2065 263 2106 et
269 2054 365 2104 frustra
373 2068 423 2121 pro
430 2049 474 2102 ills
483 2049 693 2103 timerererear.r
702 2052 855 2125 delinquere
861 2056 970 2126 proprie
976 2054 1073 2108 dicitur
1079 2055 1113 2108 de
1122 2075 1214 2130 opere,

168 2133 242 2209 ¹quod
255 2151 286 2186 er
299 2130 423 2185 menibus
437 2130 543 2184 artificis
557 2133 609 2185 exit
623 2132 773 2187 absolutum
788 2147 813 2186 et
826 2135 984 2206 perfectum.
1000 2137 1083 2189 uns.

206 2323 247 2361 ro.
264 2307 387 2378 Opes-ihu
399 2307 452 2360 usis
464 2305 524 2360 stilo
534 2307 677 2361 remissiore
683 2307 836 2380 praeluserit.
844 2309 1008 2376 vitreorum
1016 2309 1120 2363 locum:
1135 2311 1213 2364 «Nee

168 2389 309 2460 quisquam
326 2401 367 2440 est
385 2385 527 2443 illustrium
541 2401 680 2458 poetarum
695 2391 810 2460 quinon
828 2389 928 2462 aliquid
944 2389 1072 2462 operibus
1086 2389 1138 2443 suis
1152 2389 1213 2444 stilo

168 2469 317 2520 remissiore
333 2465 511 2539 praeluserit·
527 2467 603 2522 Clare
625 2482 800 2541 opponuntur
812 2470 887 2523 stilus
901 2471 1028 2524 remissior
1042 2484 1069 2524 et
1084 2489 1177 2546 opertu·
1192 2473 1214 2523 si

167 2547 249 2616 igitur
262 2547 301 2598 sic
317 2547 453 2618 scripserit
468 2545 580 2614 Statius,
594 2547 622 2599 hi
633 2547 762 2602 Silvarum
775 2547 835 2600 libri
849 2568 904 2601 non
918 2551 988 2603 inter
1000 2569 1078 2625 operu
1089 2551 1216 2604 censendi

168 2639 244 2694 suut,
261 2625 308 2679 sed
323 2639 426 2679 tanturn
436 2625 601 2702 proelusiones
613 2641 675 2681 sunt
683 2648 808 2702 operum:
822 2649 901 2702 opem
912 2633 991 2702 igitur
1000 2633 1150 2704 significant
1160 2652 1216 2684 ma-

160 2708 224 2779 jora
235 2719 261 2759 et
270 2709 391 2779 praviora
401 2712 497 2781 opera,
508 2707 595 2780 qualia
606 2721 667 2760 sunt
676 2709 792 2764 Thebais
805 2724 831 2763 et
840 2709 978 2778 Achilleis3
993 2713 1084 2786 inepte
1096 2726 1122 2766 et
1133 2711 1215 2775 falsos

167 2786 238 2858 lege,
249 2788 295 2860 qui
305 2805 359 2840 non
370 2787 473 2861 aliquid
482 2791 600 2861 operibus
611 2791 684 2842 seriis
693 2790 753 2843 stilo
764 2793 904 2846 remissiore
912 2792 1069 2865 prseluserit.
1077 2791 1216 2847 Jamrides

169 2870 366 2941 oppositionem
375 2870 444 2921 inter
452 2871 522 2923 seriis
532 2882 558 2922 et
565 2869 723 2942 proeluseritr
732 2885 826 2925 notum
836 2873 1119 2946 istudVirg.,Ecl.Vll,
1131 2889 1182 2948 ¹7²,

354 2967 481 3014 Posthuhui
493 2979 571 3016 tumen
581 2967 676 3016 illorum
686 2986 737 3018 mea
747 2972 806 3018 seria
818 2971 881 3018 ludo.

169 3073 247 3128 quem
254 3052 344 3108 locum
351 3055 475 3108 exscribit
481 3056 614 3111 Ausonius
624 3057 749 3125 Mosella,
756 3079 782 3111 r.
790 3059 857 3112 206:
868 3081 880 3106 s
892 3077 981 3111 ...sua
989 3059 1058 3111 serie
1067 3055 1132 3108 ludo
1142 3059 1217 3110 Post·

168 3131 277 3185 habet...
289 3156 300 3180 r
314 3133 380 3186 Plin.
389 3153 431 3207 ep.
440 3135 540 3206 vn‚'9:
556 3141 626 3192 «Fas
634 3150 709 3191 estet
715 3137 831 3190 carmine
838 3138 1012 3204 remitti,non
1019 3134 1079 3188 dico
1087 3136 1215 3188 continuo

168 3212 296 3284 etlouqo,
307 3211 334 3264 id
342 3215 411 3265 enim
419 3215 522 3285 perfici,
532 3219 584 3270 nisi
591 3219 618 3270 in
626 3220 681 3270 otio
687 3255 696 3284 ,
705 3234 759 3269 non
767 3229 870 3288 potest,
879 3213 926 3268 sed
933 3213 985 3266 hoc
993 3226 1087 3283 arguto
1094 3212 1214 3266 etbrevi.

168 3291 242 3363 quod
258 3306 319 3364 apte
332 3292 511 3364 quantaslibet
522 3297 712 3369 occupationes
724 3315 854 3368 curasque
866 3295 1018 3365 distinguit:
1035 3291 1103 3346 lustu
1116 3309 1216 3346 roceu-

168 3383 229 3434 tur;
245 3371 293 3425 sed
306 3372 334 3425 hi
347 3372 415 3426 lusus
431 3392 486 3426 non
497 3378 626 3430 minorem
645 3375 776 3430 interdum
791 3377 917 3448 gloriam,
932 3393 1012 3445 quarn
1026 3374 1107 3440 seris,
1120 3391 1217 3425 eonse-

169 3464 311 3523 quuntur.r
323 3453 464 3509 contracte
474 3457 600 3528 scriptum
610 3457 660 3509 fuit
667 3447 769 3529 s'iis'pro
777 3459 861 3520 seriis
871 3454 943 3508 unde
954 3453 1061 3504 minima
1069 3452 1217 3505 mutatione

168 3531 231 3592 uris;
241 3533 300 3603 pari
309 3533 364 3586 fere
374 3531 455 3587 modo
463 3532 622 3606 depravatus
632 3535 706 3588 locus
715 3538 825 3589 Auctor.
837 3535 870 3588 de
877 3537 953 3588 Cous.
965 3545 1081 3605 corrupt.
1092 3531 1217 3605 eloquen-

169 3610 224 3677 rie,
236 3628 295 3683 esp.
309 3629 357 3665 so:
374 3614 557 3686 straduntque
572 3616 685 3667 invicem
702 3633 734 3666 ac
753 3633 822 3687 sepe
838 3616 866 3668 in
881 3613 1000 3667 colonias
1018 3631 1049 3665 ac
1065 3613 1218 3684 provincias

170 3707 231 3742 suns
243 3691 376 3760 scribunt,
388 3695 480 3746 sivein
492 3693 543 3744 suis
554 3693 651 3764 aliquis
665 3707 758 3765 arguta
767 3706 796 3768 et
806 3693 880 3747 brevi
892 3694 1023 3747 sententia
1036 3691 1152 3760 effulsit,
1164 3693 1218 3744 sire

168 3767 245 3823 locus
255 3773 386 3843 exquisito
398 3785 424 3823 et
434 3771 540 3841 poetico
553 3771 627 3824 cultu
638 3773 745 3833 enituit;
756 3796 768 3821 r
782 3771 829 3825 ubi
838 3771 970 3826 Acidslius
983 3784 1009 3827 et
1020 3769 1216 3826 Freinshemius

169 3865 219 3918 pro
232 3851 259 3902 ie
275 3852 326 3904 suis
340 3850 430 3920 lsquru
446 3867 543 3910 seususr
560 3853 634 3923 etqui
649 3851 702 3905 hoe
714 3869 768 3906 non
783 3856 845 3910 sutis
859 3867 914 3924 est,
927 3855 1028 3928 quippe
1040 3851 1115 3907 deest
1127 3867 1215 3923 oppo-
