<?xml version="1.0" encoding="UTF-8"?>
<!DOCTYPE html PUBLIC "-//W3C//DTD XHTML 1.0 Transitional//EN"
    "http://www.w3.org/TR/xhtml1/DTD/xhtml1-transitional.dtd">
<html xmlns="http://www.w3.org/1999/xhtml" xml:lang="en" lang="en">
 <head>
  <title>
</title>
<meta http-equiv="Content-Type" content="text/html;charset=utf-8" />
  <meta name='ocr-system' content='tesseract 3.04.00' />
  <meta name='ocr-capabilities' content='ocr_page ocr_carea ocr_par ocr_line ocrx_word'/>
</head>
<body>
  <div class='ocr_page' id='page_1' title='image "./quexstantomniao03lemagoog_0625.png"; bbox 0 0 2844 4484; ppageno 0'>
   <div class='ocr_carea' id='block_1_1' title="bbox 401 297 1225 398">
    <p class='ocr_par' dir='ltr' id='par_1_1' title="bbox 401 297 1225 398">
     <span class='ocr_line' id='line_1_1' title="bbox 401 297 1225 398; baseline 0.011 -33"><span class='ocrx_word' id='word_1_1' title='bbox 401 297 532 366; x_wconf 82' lang='lat' dir='ltr'>LIBRI</span> <span class='ocrx_word' id='word_1_2' title='bbox 557 301 733 383; x_wconf 83' lang='lat' dir='ltr'>QUINTI</span> <span class='ocrx_word' id='word_1_3' title='bbox 758 301 1009 398; x_wconf 84' lang='lat' dir='ltr'><strong>SlLVARUM.</strong></span> <span class='ocrx_word' id='word_1_4' title='bbox 1162 306 1225 395; x_wconf 84' lang='lat'><strong>593</strong></span> 
     </span>
    </p>
   </div>
   <div class='ocr_carea' id='block_1_2' title="bbox 181 427 1234 2887">
    <p class='ocr_par' dir='ltr' id='par_1_2' title="bbox 181 427 1234 2887">
     <span class='ocr_line' id='line_1_2' title="bbox 187 427 1229 503; baseline 0.007 -22"><span class='ocrx_word' id='word_1_5' title='bbox 187 428 296 498; x_wconf 88' lang='lat' dir='ltr'><strong>Quintil.</strong></span> <span class='ocrx_word' id='word_1_6' title='bbox 311 428 394 481; x_wconf 85' lang='lat' dir='ltr'><strong>lnstit.</strong></span> <span class='ocrx_word' id='word_1_7' title='bbox 405 429 477 479; x_wconf 82' lang='lat' dir='ltr'><strong>Orat.</strong></span> <span class='ocrx_word' id='word_1_8' title='bbox 489 427 521 494; x_wconf 87' lang='lat' dir='ltr'><strong>V,</strong></span> <span class='ocrx_word' id='word_1_9' title='bbox 535 445 579 494; x_wconf 69' lang='grc' dir='ltr'><strong>ια,</strong></span> <span class='ocrx_word' id='word_1_10' title='bbox 593 445 641 480; x_wconf 78' lang='lat' dir='ltr'><strong>aa:</strong></span> <span class='ocrx_word' id='word_1_11' title='bbox 658 449 669 472; x_wconf 79' lang='grc' dir='ltr'>ι</span> <span class='ocrx_word' id='word_1_12' title='bbox 679 429 847 500; x_wconf 86' lang='lat' dir='ltr'><strong>initurusque</strong></span> <span class='ocrx_word' id='word_1_13' title='bbox 858 431 1011 500; x_wconf 83' lang='lat' dir='ltr'><strong>frequentet·</strong></span> <span class='ocrx_word' id='word_1_14' title='bbox 1016 431 1161 503; x_wconf 79' lang='lat' dir='ltr'><strong>forensium</strong></span> <span class='ocrx_word' id='word_1_15' title='bbox 1173 454 1229 488; x_wconf 85' lang='lat' dir='ltr'><strong>cer·</strong></span> 
     </span>
     <span class='ocr_line' id='line_1_3' title="bbox 186 503 1229 580; baseline 0.007 -20"><span class='ocrx_word' id='word_1_16' title='bbox 186 513 312 562; x_wconf 86' lang='lat' dir='ltr'><strong>taminum</strong></span> <span class='ocrx_word' id='word_1_17' title='bbox 319 525 447 580; x_wconf 63' lang='lat' dir='ltr'><strong>pugnam,</strong></span> <span class='ocrx_word' id='word_1_18' title='bbox 452 507 508 575; x_wconf 83' lang='lat' dir='ltr'><strong>jam</strong></span> <span class='ocrx_word' id='word_1_19' title='bbox 516 507 543 557; x_wconf 91' lang='lat' dir='ltr'><strong>in</strong></span> <span class='ocrx_word' id='word_1_20' title='bbox 552 503 642 556; x_wconf 87' lang='lat' dir='ltr'><strong>schola</strong></span> <span class='ocrx_word' id='word_1_21' title='bbox 647 507 784 558; x_wconf 82' lang='lat' dir='ltr'><strong>victoriam</strong></span> <span class='ocrx_word' id='word_1_22' title='bbox 791 519 901 579; x_wconf 75' lang='lat' dir='ltr'>spectet,</span> <span class='ocrx_word' id='word_1_23' title='bbox 907 521 934 560; x_wconf 91' lang='lat' dir='ltr'><strong>et</strong></span> <span class='ocrx_word' id='word_1_24' title='bbox 942 508 1019 560; x_wconf 75' lang='lat' dir='ltr'><strong>ferire</strong></span> <span class='ocrx_word' id='word_1_25' title='bbox 1025 511 1113 563; x_wconf 85' lang='lat' dir='ltr'><strong>vitalia</strong></span> <span class='ocrx_word' id='word_1_26' title='bbox 1121 530 1151 564; x_wconf 89' lang='lat' dir='ltr'><strong>ac</strong></span> <span class='ocrx_word' id='word_1_27' title='bbox 1160 517 1229 567; x_wconf 83' lang='lat' dir='ltr'><strong>tueri</strong></span> 
     </span>
     <span class='ocr_line' id='line_1_4' title="bbox 187 584 1227 658; baseline 0.005 -16"><span class='ocrx_word' id='word_1_28' title='bbox 187 592 287 652; x_wconf 50' lang='lat' dir='ltr'><strong>sciat„</strong></span> <span class='ocrx_word' id='word_1_29' title='bbox 302 601 327 640; x_wconf 89' lang='lat' dir='ltr'><strong>et</strong></span> <span class='ocrx_word' id='word_1_30' title='bbox 337 590 385 654; x_wconf 89' lang='lat' dir='ltr'><strong>VI,</strong></span> <span class='ocrx_word' id='word_1_31' title='bbox 396 589 426 653; x_wconf 86' lang='lat'><strong>3,</strong></span> <span class='ocrx_word' id='word_1_32' title='bbox 440 589 488 640; x_wconf 82' lang='lat'><strong>28:</strong></span> <span class='ocrx_word' id='word_1_33' title='bbox 504 588 552 636; x_wconf 79' lang='lat' dir='ltr'><strong>«ln</strong></span> <span class='ocrx_word' id='word_1_34' title='bbox 566 584 616 637; x_wconf 88' lang='lat' dir='ltr'><strong>hac</strong></span> <span class='ocrx_word' id='word_1_35' title='bbox 627 585 732 658; x_wconf 88' lang='lat' dir='ltr'><strong>quidem</strong></span> <span class='ocrx_word' id='word_1_36' title='bbox 741 605 830 658; x_wconf 73' lang='lat' dir='ltr'><strong>puqna</strong></span> <span class='ocrx_word' id='word_1_37' title='bbox 837 586 940 657; x_wconf 79' lang='lat' dir='ltr'><strong>sorensi</strong></span> <span class='ocrx_word' id='word_1_38' title='bbox 951 586 1041 640; x_wconf 88' lang='lat' dir='ltr'><strong>malim</strong></span> <span class='ocrx_word' id='word_1_39' title='bbox 1049 591 1114 642; x_wconf 89' lang='lat' dir='ltr'><strong>mihi</strong></span> <span class='ocrx_word' id='word_1_40' title='bbox 1126 592 1227 647; x_wconf 88' lang='lat' dir='ltr'><strong>lenibus</strong></span> 
     </span>
     <span class='ocr_line' id='line_1_5' title="bbox 187 665 1229 737; baseline 0.004 -15"><span class='ocrx_word' id='word_1_41' title='bbox 187 669 376 731; x_wconf 60' lang='lat' dir='ltr'><strong>interdices-ep</strong></span> <span class='ocrx_word' id='word_1_42' title='bbox 389 665 466 720; x_wconf 77' lang='lat' dir='ltr'><strong>ovid.</strong></span> <span class='ocrx_word' id='word_1_43' title='bbox 476 669 549 718; x_wconf 84' lang='lat' dir='ltr'><strong>Rem.</strong></span> <span class='ocrx_word' id='word_1_44' title='bbox 561 665 650 717; x_wconf 78' lang='lat' dir='ltr'><strong>Amor.</strong></span> <span class='ocrx_word' id='word_1_45' title='bbox 665 665 728 733; x_wconf 76' lang='lat'><strong>152,</strong></span> <span class='ocrx_word' id='word_1_46' title='bbox 741 666 834 718; x_wconf 72' lang='lat' dir='ltr'><strong>sVade</strong></span> <span class='ocrx_word' id='word_1_47' title='bbox 845 685 895 737; x_wconf 82' lang='lat' dir='ltr'><strong>per</strong></span> <span class='ocrx_word' id='word_1_48' title='bbox 904 666 1010 718; x_wconf 73' lang='lat' dir='ltr'><strong>urbane</strong></span> <span class='ocrx_word' id='word_1_49' title='bbox 1022 668 1136 723; x_wconf 85' lang='lat' dir='ltr'><strong>candide</strong></span> <span class='ocrx_word' id='word_1_50' title='bbox 1148 686 1229 726; x_wconf 79' lang='lat' dir='ltr'><strong>castra</strong></span> 
     </span>
     <span class='ocr_line' id='line_1_6' title="bbox 188 745 1230 822; baseline 0.003 -21"><span class='ocrx_word' id='word_1_51' title='bbox 188 753 284 822; x_wconf 48' lang='grc' dir='ltr'><strong>τομὴ·</strong></span> <span class='ocrx_word' id='word_1_52' title='bbox 298 747 381 814; x_wconf 87' lang='lat' dir='ltr'><strong>idem,</strong></span> <span class='ocrx_word' id='word_1_53' title='bbox 392 750 461 800; x_wconf 85' lang='lat' dir='ltr'><strong>Fast.</strong></span> <span class='ocrx_word' id='word_1_54' title='bbox 474 749 519 813; x_wconf 89' lang='lat' dir='ltr'><strong>lV,</strong></span> <span class='ocrx_word' id='word_1_55' title='bbox 532 746 593 810; x_wconf 84' lang='lat'><strong>188,</strong></span> <span class='ocrx_word' id='word_1_56' title='bbox 607 745 732 816; x_wconf 79' lang='lat' dir='ltr'><strong>«Etforo</strong></span> <span class='ocrx_word' id='word_1_57' title='bbox 743 747 828 800; x_wconf 81' lang='lat' dir='ltr'><strong>Morte</strong></span> <span class='ocrx_word' id='word_1_58' title='bbox 839 765 886 798; x_wconf 89' lang='lat' dir='ltr'><strong>suo</strong></span> <span class='ocrx_word' id='word_1_59' title='bbox 897 746 1009 817; x_wconf 71' lang='lat' dir='ltr'><strong>litigiosa</strong></span> <span class='ocrx_word' id='word_1_60' title='bbox 1019 763 1120 802; x_wconf 82' lang='lat' dir='ltr'><strong>vacent.</strong></span> <span class='ocrx_word' id='word_1_61' title='bbox 1130 775 1141 798; x_wconf 73' lang='lat' dir='ltr'><em>n</em></span> <span class='ocrx_word' id='word_1_62' title='bbox 1154 753 1230 806; x_wconf 85' lang='lat' dir='ltr'><strong>Bella</strong></span> 
     </span>
     <span class='ocr_line' id='line_1_7' title="bbox 181 826 1227 903; baseline -0.002 -23"><span class='ocrx_word' id='word_1_63' title='bbox 181 829 240 899; x_wconf 84' lang='lat' dir='ltr'><strong>fori</strong></span> <span class='ocrx_word' id='word_1_64' title='bbox 249 842 343 895; x_wconf 80' lang='lat' dir='ltr'><strong>vocat,</strong></span> <span class='ocrx_word' id='word_1_65' title='bbox 354 828 431 880; x_wconf 77' lang='lat' dir='ltr'><strong>Trist.</strong></span> <span class='ocrx_word' id='word_1_66' title='bbox 445 829 497 892; x_wconf 97' lang='lat' dir='ltr'><strong>lll,</strong></span> <span class='ocrx_word' id='word_1_67' title='bbox 513 844 557 890; x_wconf 74' lang='grc' dir='ltr'><strong>η,</strong></span> <span class='ocrx_word' id='word_1_68' title='bbox 574 826 621 884; x_wconf 75' lang='grc' dir='ltr'><strong>ιὸς</strong></span> <span class='ocrx_word' id='word_1_69' title='bbox 635 839 661 878; x_wconf 89' lang='lat' dir='ltr'><strong>et</strong></span> <span class='ocrx_word' id='word_1_70' title='bbox 672 827 785 877; x_wconf 85' lang='lat' dir='ltr'><strong>Mortem</strong></span> <span class='ocrx_word' id='word_1_71' title='bbox 792 827 939 897; x_wconf 80' lang='lat' dir='ltr'><strong>forensem,</strong></span> <span class='ocrx_word' id='word_1_72' title='bbox 955 845 985 877; x_wconf 83' lang='lat' dir='ltr'><strong>ex</strong></span> <span class='ocrx_word' id='word_1_73' title='bbox 997 829 1072 879; x_wconf 86' lang='lat' dir='ltr'><strong>Pont.</strong></span> <span class='ocrx_word' id='word_1_74' title='bbox 1086 831 1130 894; x_wconf 83' lang='lat' dir='ltr'><strong>lv,</strong></span> <span class='ocrx_word' id='word_1_75' title='bbox 1142 831 1173 896; x_wconf 86' lang='lat'><strong>6,</strong></span> <span class='ocrx_word' id='word_1_76' title='bbox 1187 851 1227 903; x_wconf 84' lang='lat'><strong>29·</strong></span> 
     </span>
     <span class='ocr_line' id='line_1_8' title="bbox 186 905 1228 978; baseline 0.006 -20"><span class='ocrx_word' id='word_1_77' title='bbox 186 909 279 963; x_wconf 78' lang='lat' dir='ltr'><strong>iuven.</strong></span> <span class='ocrx_word' id='word_1_78' title='bbox 294 909 369 970; x_wconf 85' lang='lat' dir='ltr'><strong>XVl,</strong></span> <span class='ocrx_word' id='word_1_79' title='bbox 381 907 424 977; x_wconf 68' lang='lat'><strong>47,</strong></span> <span class='ocrx_word' id='word_1_80' title='bbox 440 905 635 976; x_wconf 71' lang='lat' dir='ltr'><strong>elligrcdimur,</strong></span> <span class='ocrx_word' id='word_1_81' title='bbox 647 905 773 975; x_wconf 84' lang='lat' dir='ltr'><strong>lentaque</strong></span> <span class='ocrx_word' id='word_1_82' title='bbox 780 906 838 976; x_wconf 86' lang='lat' dir='ltr'><strong>fori</strong></span> <span class='ocrx_word' id='word_1_83' title='bbox 847 924 997 978; x_wconf 73' lang='lat' dir='ltr'><strong>puqnamns</strong></span> <span class='ocrx_word' id='word_1_84' title='bbox 1008 925 1085 958; x_wconf 82' lang='lat' dir='ltr'><strong>arena</strong></span> <span class='ocrx_word' id='word_1_85' title='bbox 1093 929 1120 969; x_wconf 77' lang='lat'><strong>;·</strong></span> <span class='ocrx_word' id='word_1_86' title='bbox 1135 909 1228 964; x_wconf 84' lang='lat' dir='ltr'><strong>Alcim.</strong></span> 
     </span>
     <span class='ocr_line' id='line_1_9' title="bbox 187 987 1231 1064; baseline 0.005 -23"><span class='ocrx_word' id='word_1_87' title='bbox 187 991 292 1056; x_wconf 81' lang='lat' dir='ltr'><strong>Avitus,</strong></span> <span class='ocrx_word' id='word_1_88' title='bbox 302 989 350 1053; x_wconf 87' lang='grc'><strong>111,</strong></span> <span class='ocrx_word' id='word_1_89' title='bbox 360 987 425 1056; x_wconf 71' lang='grc'><strong>349,</strong></span> <span class='ocrx_word' id='word_1_90' title='bbox 438 987 572 1058; x_wconf 75' lang='lat' dir='ltr'>«Legibus</span> <span class='ocrx_word' id='word_1_91' title='bbox 582 1001 696 1039; x_wconf 78' lang='lat' dir='ltr'><strong>armatas</strong></span> <span class='ocrx_word' id='word_1_92' title='bbox 705 988 793 1039; x_wconf 82' lang='lat' dir='ltr'><strong>furere</strong></span> <span class='ocrx_word' id='word_1_93' title='bbox 802 987 830 1039; x_wconf 93' lang='lat' dir='ltr'><strong>in</strong></span> <span class='ocrx_word' id='word_1_94' title='bbox 840 988 984 1040; x_wconf 83' lang='lat' dir='ltr'><strong>certamina</strong></span> <span class='ocrx_word' id='word_1_95' title='bbox 994 987 1065 1054; x_wconf 86' lang='lat' dir='ltr'><strong>lites,</strong></span> <span class='ocrx_word' id='word_1_96' title='bbox 1074 991 1122 1040; x_wconf 78' lang='lat' dir='ltr'><strong>lus</strong></span> <span class='ocrx_word' id='word_1_97' title='bbox 1133 1009 1231 1064; x_wconf 80' lang='lat' dir='ltr'><strong>anceps</strong></span> 
     </span>
     <span class='ocr_line' id='line_1_10' title="bbox 185 1065 1231 1141; baseline 0.008 -23"><span class='ocrx_word' id='word_1_98' title='bbox 185 1086 302 1141; x_wconf 73' lang='lat' dir='ltr'><strong>puqnane</strong></span> <span class='ocrx_word' id='word_1_99' title='bbox 309 1068 372 1138; x_wconf 85' lang='lat' dir='ltr'><strong>foro</strong></span> <span class='ocrx_word' id='word_1_100' title='bbox 380 1090 390 1129; x_wconf 93' lang='lat'><strong>‚·</strong></span> <span class='ocrx_word' id='word_1_101' title='bbox 400 1090 411 1112; x_wconf 74' lang='grc' dir='ltr'><strong>ι</strong></span> <span class='ocrx_word' id='word_1_102' title='bbox 426 1068 535 1118; x_wconf 87' lang='lat' dir='ltr'><strong>Eumen.</strong></span> <span class='ocrx_word' id='word_1_103' title='bbox 550 1085 600 1138; x_wconf 85' lang='lat' dir='ltr'><strong>pro</strong></span> <span class='ocrx_word' id='word_1_104' title='bbox 614 1067 735 1118; x_wconf 76' lang='lat' dir='ltr'><strong>Restant.</strong></span> <span class='ocrx_word' id='word_1_105' title='bbox 751 1065 839 1118; x_wconf 91' lang='lat' dir='ltr'><strong>Schol.</strong></span> <span class='ocrx_word' id='word_1_106' title='bbox 857 1085 880 1117; x_wconf 94' lang='lat' dir='ltr'><strong>c.</strong></span> <span class='ocrx_word' id='word_1_107' title='bbox 900 1084 929 1131; x_wconf 77' lang='lat' dir='ltr'><strong>a,</strong></span> <span class='ocrx_word' id='word_1_108' title='bbox 944 1069 1059 1138; x_wconf 76' lang='lat' dir='ltr'><strong>«Neque</strong></span> <span class='ocrx_word' id='word_1_109' title='bbox 1074 1073 1144 1122; x_wconf 85' lang='lat' dir='ltr'><strong>enim</strong></span> <span class='ocrx_word' id='word_1_110' title='bbox 1158 1084 1231 1126; x_wconf 82' lang='lat' dir='ltr'><strong>tante</strong></span> 
     </span>
     <span class='ocr_line' id='line_1_11' title="bbox 187 1146 1230 1218; baseline 0.008 -20"><span class='ocrx_word' id='word_1_111' title='bbox 187 1167 229 1199; x_wconf 87' lang='lat' dir='ltr'><strong>me</strong></span> <span class='ocrx_word' id='word_1_112' title='bbox 246 1160 291 1200; x_wconf 86' lang='lat' dir='ltr'><strong>aut</strong></span> <span class='ocrx_word' id='word_1_113' title='bbox 308 1148 464 1218; x_wconf 72' lang='lat' dir='ltr'>negligentia</span> <span class='ocrx_word' id='word_1_114' title='bbox 481 1160 526 1199; x_wconf 91' lang='lat' dir='ltr'><strong>ant</strong></span> <span class='ocrx_word' id='word_1_115' title='bbox 541 1146 701 1199; x_wconf 87' lang='lat' dir='ltr'><strong>confidentia</strong></span> <span class='ocrx_word' id='word_1_116' title='bbox 719 1159 807 1212; x_wconf 90' lang='lat' dir='ltr'><strong>tenet,</strong></span> <span class='ocrx_word' id='word_1_117' title='bbox 822 1157 852 1197; x_wconf 91' lang='lat' dir='ltr'><strong>nt</strong></span> <span class='ocrx_word' id='word_1_118' title='bbox 868 1149 983 1198; x_wconf 79' lang='lat' dir='ltr'>nesciam</span> <span class='ocrx_word' id='word_1_119' title='bbox 1000 1162 1099 1218; x_wconf 89' lang='lat' dir='ltr'><strong>quanta</strong></span> <span class='ocrx_word' id='word_1_120' title='bbox 1115 1153 1147 1202; x_wconf 90' lang='lat' dir='ltr'><strong>sit</strong></span> <span class='ocrx_word' id='word_1_121' title='bbox 1163 1153 1230 1208; x_wconf 84' lang='lat' dir='ltr'><strong>inter</strong></span> 
     </span>
     <span class='ocr_line' id='line_1_12' title="bbox 187 1224 1231 1296; baseline 0.009 -20"><span class='ocrx_word' id='word_1_122' title='bbox 187 1225 256 1278; x_wconf 85' lang='lat' dir='ltr'><strong>hano</strong></span> <span class='ocrx_word' id='word_1_123' title='bbox 270 1227 351 1278; x_wconf 83' lang='lat' dir='ltr'><strong>aciem</strong></span> <span class='ocrx_word' id='word_1_124' title='bbox 358 1225 432 1296; x_wconf 80' lang='lat' dir='ltr'><strong>fori,</strong></span> <span class='ocrx_word' id='word_1_125' title='bbox 447 1239 473 1277; x_wconf 84' lang='lat' dir='ltr'><strong>et</strong></span> <span class='ocrx_word' id='word_1_126' title='bbox 486 1239 577 1276; x_wconf 86' lang='lat' dir='ltr'><strong>nostra</strong></span> <span class='ocrx_word' id='word_1_127' title='bbox 591 1224 635 1277; x_wconf 91' lang='lat' dir='ltr'><strong>illa</strong></span> <span class='ocrx_word' id='word_1_128' title='bbox 650 1238 750 1277; x_wconf 86' lang='lat' dir='ltr'><strong>secreta</strong></span> <span class='ocrx_word' id='word_1_129' title='bbox 768 1224 916 1277; x_wconf 80' lang='lat' dir='ltr'><strong>studiorum</strong></span> <span class='ocrx_word' id='word_1_130' title='bbox 933 1228 1056 1278; x_wconf 79' lang='lat' dir='ltr'><strong>exercitia</strong></span> <span class='ocrx_word' id='word_1_131' title='bbox 1075 1228 1211 1284; x_wconf 82' lang='lat' dir='ltr'><strong>diversitas</strong></span> <span class='ocrx_word' id='word_1_132' title='bbox 1225 1257 1231 1284; x_wconf 91' lang='lat'>:</span> 
     </span>
     <span class='ocr_line' id='line_1_13' title="bbox 188 1304 1233 1380; baseline 0.007 -24"><span class='ocrx_word' id='word_1_133' title='bbox 188 1305 225 1357; x_wconf 93' lang='lat' dir='ltr'><strong>ibi</strong></span> <span class='ocrx_word' id='word_1_134' title='bbox 237 1319 371 1357; x_wconf 84' lang='lat' dir='ltr'><strong>armantur</strong></span> <span class='ocrx_word' id='word_1_135' title='bbox 382 1306 503 1376; x_wconf 59' lang='lat' dir='ltr'><strong>ingenim</strong></span> <span class='ocrx_word' id='word_1_136' title='bbox 515 1304 559 1356; x_wconf 87' lang='lat' dir='ltr'><strong>hic</strong></span> <span class='ocrx_word' id='word_1_137' title='bbox 572 1305 742 1377; x_wconf 81' lang='lat' dir='ltr'><strong>praeliantur:</strong></span> <span class='ocrx_word' id='word_1_138' title='bbox 756 1304 793 1356; x_wconf 90' lang='lat' dir='ltr'><strong>ibi</strong></span> <span class='ocrx_word' id='word_1_139' title='bbox 804 1304 943 1377; x_wconf 77' lang='lat' dir='ltr'><strong>praelusio3</strong></span> <span class='ocrx_word' id='word_1_140' title='bbox 956 1305 999 1356; x_wconf 74' lang='lat' dir='ltr'><strong>laic</strong></span> <span class='ocrx_word' id='word_1_141' title='bbox 1012 1326 1101 1380; x_wconf 73' lang='lat' dir='ltr'><strong>pupae</strong></span> <span class='ocrx_word' id='word_1_142' title='bbox 1114 1316 1233 1364; x_wconf 84' lang='lat' dir='ltr'><strong>commit-</strong></span> 
     </span>
     <span class='ocr_line' id='line_1_14' title="bbox 188 1383 1233 1456; baseline 0.007 -19"><span class='ocrx_word' id='word_1_143' title='bbox 188 1388 267 1437; x_wconf 82' lang='lat' dir='ltr'>titur:</span> <span class='ocrx_word' id='word_1_144' title='bbox 284 1385 327 1437; x_wconf 80' lang='lat' dir='ltr'><strong>hie</strong></span> <span class='ocrx_word' id='word_1_145' title='bbox 342 1385 439 1437; x_wconf 84' lang='lat' dir='ltr'><strong>sudore</strong></span> <span class='ocrx_word' id='word_1_146' title='bbox 454 1397 479 1436; x_wconf 85' lang='lat' dir='ltr'><strong>et</strong></span> <span class='ocrx_word' id='word_1_147' title='bbox 494 1386 568 1455; x_wconf 85' lang='lat' dir='ltr'><strong>qnasi</strong></span> <span class='ocrx_word' id='word_1_148' title='bbox 582 1385 689 1456; x_wconf 81' lang='lat' dir='ltr'><strong>pulvere</strong></span> <span class='ocrx_word' id='word_1_149' title='bbox 703 1383 843 1446; x_wconf 86' lang='lat' dir='ltr'><strong>sordidus;</strong></span> <span class='ocrx_word' id='word_1_150' title='bbox 860 1383 926 1450; x_wconf 87' lang='lat' dir='ltr'><strong>illic,</strong></span> <span class='ocrx_word' id='word_1_151' title='bbox 942 1387 1051 1456; x_wconf 77' lang='lat' dir='ltr'><strong>insignis</strong></span> <span class='ocrx_word' id='word_1_152' title='bbox 1066 1403 1159 1441; x_wconf 85' lang='lat' dir='ltr'><strong>ornatu</strong></span> <span class='ocrx_word' id='word_1_153' title='bbox 1174 1391 1233 1444; x_wconf 85' lang='lat' dir='ltr'><strong>lau·</strong></span> 
     </span>
     <span class='ocr_line' id='line_1_15' title="bbox 188 1456 1234 1534; baseline 0.007 -17"><span class='ocrx_word' id='word_1_154' title='bbox 188 1465 265 1517; x_wconf 83' lang='lat' dir='ltr'><strong>datur</strong></span> <span class='ocrx_word' id='word_1_155' title='bbox 277 1478 381 1517; x_wconf 85' lang='lat' dir='ltr'><strong>orator:</strong></span> <span class='ocrx_word' id='word_1_156' title='bbox 393 1489 404 1512; x_wconf 76' lang='grc' dir='ltr'>ι</span> <span class='ocrx_word' id='word_1_157' title='bbox 419 1467 456 1516; x_wconf 88' lang='lat' dir='ltr'><strong>ita</strong></span> <span class='ocrx_word' id='word_1_158' title='bbox 469 1463 608 1534; x_wconf 57' lang='lat' dir='ltr'><strong>legendum</strong></span> <span class='ocrx_word' id='word_1_159' title='bbox 621 1483 670 1534; x_wconf 88' lang='lat' dir='ltr'><strong>pro</strong></span> <span class='ocrx_word' id='word_1_160' title='bbox 681 1465 808 1527; x_wconf 81' lang='lat' dir='ltr'><strong>sordibus,</strong></span> <span class='ocrx_word' id='word_1_161' title='bbox 825 1477 851 1515; x_wconf 88' lang='lat' dir='ltr'><strong>et</strong></span> <span class='ocrx_word' id='word_1_162' title='bbox 863 1463 984 1516; x_wconf 80' lang='lat' dir='ltr'><strong>lauclutur</strong></span> <span class='ocrx_word' id='word_1_163' title='bbox 994 1456 1116 1520; x_wconf 73' lang='lat' dir='ltr'><strong>omatior.</strong></span> <span class='ocrx_word' id='word_1_164' title='bbox 1130 1469 1234 1524; x_wconf 86' lang='lat' dir='ltr'><strong>infinita</strong></span> 
     </span>
     <span class='ocr_line' id='line_1_16' title="bbox 187 1539 1234 1620; baseline 0.006 -26"><span class='ocrx_word' id='word_1_165' title='bbox 187 1543 297 1613; x_wconf 83' lang='lat' dir='ltr'><strong>hujusce</strong></span> <span class='ocrx_word' id='word_1_166' title='bbox 310 1544 413 1614; x_wconf 72' lang='lat' dir='ltr'><strong>generis</strong></span> <span class='ocrx_word' id='word_1_167' title='bbox 426 1543 516 1594; x_wconf 74' lang='lat' dir='ltr'><strong>silenti</strong></span> <span class='ocrx_word' id='word_1_168' title='bbox 530 1555 654 1612; x_wconf 82' lang='lat' dir='ltr'><strong>possent3</strong></span> <span class='ocrx_word' id='word_1_169' title='bbox 672 1541 718 1592; x_wconf 89' lang='lat' dir='ltr'><strong>sed</strong></span> <span class='ocrx_word' id='word_1_170' title='bbox 730 1561 762 1592; x_wconf 81' lang='lat' dir='ltr'><strong>ex</strong></span> <span class='ocrx_word' id='word_1_171' title='bbox 773 1540 814 1592; x_wconf 90' lang='lat' dir='ltr'><strong>his</strong></span> <span class='ocrx_word' id='word_1_172' title='bbox 827 1539 900 1592; x_wconf 87' lang='lat' dir='ltr'><strong>vides</strong></span> <span class='ocrx_word' id='word_1_173' title='bbox 911 1541 1093 1613; x_wconf 80' lang='lat' dir='ltr'>metaphoram</span> <span class='ocrx_word' id='word_1_174' title='bbox 1107 1559 1133 1598; x_wconf 90' lang='lat' dir='ltr'><strong>et</strong></span> <span class='ocrx_word' id='word_1_175' title='bbox 1145 1566 1234 1620; x_wconf 87' lang='lat' dir='ltr'><strong>oppo-</strong></span> 
     </span>
     <span class='ocr_line' id='line_1_17' title="bbox 187 1617 1234 1692; baseline 0.007 -20"><span class='ocrx_word' id='word_1_176' title='bbox 187 1623 318 1673; x_wconf 84' lang='lat' dir='ltr'><strong>sitionem.</strong></span> <span class='ocrx_word' id='word_1_177' title='bbox 336 1623 416 1671; x_wconf 86' lang='lat' dir='ltr'><strong>Recte</strong></span> <span class='ocrx_word' id='word_1_178' title='bbox 433 1621 511 1670; x_wconf 86' lang='lat' dir='ltr'><strong>etiam</strong></span> <span class='ocrx_word' id='word_1_179' title='bbox 529 1620 611 1691; x_wconf 73' lang='lat' dir='ltr'><strong>topati</strong></span> <span class='ocrx_word' id='word_1_180' title='bbox 620 1619 697 1691; x_wconf 77' lang='lat' dir='ltr'><strong>fori3</strong></span> <span class='ocrx_word' id='word_1_181' title='bbox 715 1620 766 1670; x_wconf 84' lang='lat' dir='ltr'><strong>fori</strong></span> <span class='ocrx_word' id='word_1_182' title='bbox 784 1617 856 1690; x_wconf 86' lang='lat' dir='ltr'><strong>quod</strong></span> <span class='ocrx_word' id='word_1_183' title='bbox 872 1619 933 1690; x_wconf 82' lang='lat' dir='ltr'><strong>pani</strong></span> <span class='ocrx_word' id='word_1_184' title='bbox 950 1632 976 1671; x_wconf 91' lang='lat' dir='ltr'><strong>et</strong></span> <span class='ocrx_word' id='word_1_185' title='bbox 994 1629 1073 1692; x_wconf 74' lang='lat' dir='ltr'><strong>toqoe,</strong></span> <span class='ocrx_word' id='word_1_186' title='bbox 1092 1642 1145 1676; x_wconf 90' lang='lat' dir='ltr'><strong>non</strong></span> <span class='ocrx_word' id='word_1_187' title='bbox 1162 1627 1234 1682; x_wconf 81' lang='lat' dir='ltr'><strong>bellis</strong></span> 
     </span>
     <span class='ocr_line' id='line_1_18' title="bbox 189 1696 1232 1773; baseline 0.002 -21"><span class='ocrx_word' id='word_1_188' title='bbox 189 1713 280 1773; x_wconf 86' lang='lat' dir='ltr'><strong>aptum</strong></span> <span class='ocrx_word' id='word_1_189' title='bbox 293 1712 339 1751; x_wconf 88' lang='lat' dir='ltr'><strong>est.</strong></span> <span class='ocrx_word' id='word_1_190' title='bbox 356 1700 456 1750; x_wconf 87' lang='lat' dir='ltr'><strong>Notum</strong></span> <span class='ocrx_word' id='word_1_191' title='bbox 467 1697 534 1750; x_wconf 87' lang='lat' dir='ltr'><strong>illud</strong></span> <span class='ocrx_word' id='word_1_192' title='bbox 546 1699 699 1762; x_wconf 82' lang='lat' dir='ltr'><strong>Ciceronis,</strong></span> <span class='ocrx_word' id='word_1_193' title='bbox 715 1696 839 1751; x_wconf 72' lang='lat' dir='ltr'><strong>«Cedant</strong></span> <span class='ocrx_word' id='word_1_194' title='bbox 851 1716 924 1750; x_wconf 82' lang='lat' dir='ltr'><strong>anno</strong></span> <span class='ocrx_word' id='word_1_195' title='bbox 939 1709 1040 1773; x_wconf 60' lang='lat' dir='ltr'><strong>togam</strong></span> <span class='ocrx_word' id='word_1_196' title='bbox 1054 1701 1108 1752; x_wconf 86' lang='lat' dir='ltr'><strong>Liv.</strong></span> <span class='ocrx_word' id='word_1_197' title='bbox 1122 1705 1169 1769; x_wconf 87' lang='lat'><strong>111,</strong></span> <span class='ocrx_word' id='word_1_198' title='bbox 1183 1708 1232 1759; x_wconf 76' lang='lat'><strong>52:</strong></span> 
     </span>
     <span class='ocr_line' id='line_1_19' title="bbox 191 1779 1233 1852; baseline 0.011 -24"><span class='ocrx_word' id='word_1_199' title='bbox 191 1784 272 1836; x_wconf 74' lang='lat' dir='ltr'><strong>«Non</strong></span> <span class='ocrx_word' id='word_1_200' title='bbox 293 1779 377 1852; x_wconf 87' lang='lat' dir='ltr'><strong>pudet</strong></span> <span class='ocrx_word' id='word_1_201' title='bbox 390 1780 530 1830; x_wconf 79' lang='lat' dir='ltr'><strong>Lictorum</strong></span> <span class='ocrx_word' id='word_1_202' title='bbox 550 1791 696 1830; x_wconf 84' lang='lat' dir='ltr'><strong>vestrorum</strong></span> <span class='ocrx_word' id='word_1_203' title='bbox 716 1780 843 1847; x_wconf 76' lang='lat' dir='ltr'><strong>majorem</strong></span> <span class='ocrx_word' id='word_1_204' title='bbox 864 1796 949 1848; x_wconf 86' lang='lat' dir='ltr'>prope</span> <span class='ocrx_word' id='word_1_205' title='bbox 971 1798 1107 1832; x_wconf 81' lang='lat' dir='ltr'><strong>numerum</strong></span> <span class='ocrx_word' id='word_1_206' title='bbox 1126 1786 1153 1836; x_wconf 93' lang='lat' dir='ltr'><strong>in</strong></span> <span class='ocrx_word' id='word_1_207' title='bbox 1174 1786 1233 1839; x_wconf 77' lang='lat' dir='ltr'><strong>foro</strong></span> 
     </span>
     <span class='ocr_line' id='line_1_20' title="bbox 189 1856 1233 1933; baseline 0.003 -19"><span class='ocrx_word' id='word_1_208' title='bbox 189 1864 325 1933; x_wconf 74' lang='lat' dir='ltr'><strong>conspici,</strong></span> <span class='ocrx_word' id='word_1_209' title='bbox 342 1878 422 1932; x_wconf 88' lang='lat' dir='ltr'><strong>quam</strong></span> <span class='ocrx_word' id='word_1_210' title='bbox 436 1872 587 1930; x_wconf 73' lang='lat' dir='ltr'><strong>togatorum</strong></span> <span class='ocrx_word' id='word_1_211' title='bbox 602 1856 728 1926; x_wconf 85' lang='lat' dir='ltr'><strong>aliorum,</strong></span> <span class='ocrx_word' id='word_1_212' title='bbox 743 1860 832 1910; x_wconf 74' lang='lat' dir='ltr'><strong>etei·</strong></span> <span class='ocrx_word' id='word_1_213' title='bbox 848 1857 941 1910; x_wconf 87' lang='lat' dir='ltr'><strong>Senec.</strong></span> <span class='ocrx_word' id='word_1_214' title='bbox 957 1857 990 1910; x_wconf 91' lang='lat' dir='ltr'><strong>de</strong></span> <span class='ocrx_word' id='word_1_215' title='bbox 1004 1862 1061 1927; x_wconf 86' lang='lat' dir='ltr'><strong>lra,</strong></span> <span class='ocrx_word' id='word_1_216' title='bbox 1078 1863 1116 1930; x_wconf 89' lang='lat' dir='ltr'><strong>ll,</strong></span> <span class='ocrx_word' id='word_1_217' title='bbox 1135 1882 1159 1933; x_wconf 84' lang='lat'><strong>7,</strong></span> <span class='ocrx_word' id='word_1_218' title='bbox 1179 1867 1233 1918; x_wconf 88' lang='lat' dir='ltr'><strong>ele—</strong></span> 
     </span>
     <span class='ocr_line' id='line_1_21' title="bbox 187 1936 1233 2014; baseline 0.002 -28"><span class='ocrx_word' id='word_1_219' title='bbox 187 1953 289 2014; x_wconf 71' lang='lat' dir='ltr'><strong>ganter,</strong></span> <span class='ocrx_word' id='word_1_220' title='bbox 305 1940 398 1990; x_wconf 69' lang='lat' dir='ltr'><strong>nlnter</strong></span> <span class='ocrx_word' id='word_1_221' title='bbox 410 1940 474 1990; x_wconf 86' lang='lat' dir='ltr'><strong>istos</strong></span> <span class='ocrx_word' id='word_1_222' title='bbox 490 1956 557 2009; x_wconf 89' lang='lat' dir='ltr'><strong>quos</strong></span> <span class='ocrx_word' id='word_1_223' title='bbox 570 1951 673 2008; x_wconf 76' lang='lat' dir='ltr'><strong>togatos</strong></span> <span class='ocrx_word' id='word_1_224' title='bbox 689 1937 775 2004; x_wconf 79' lang='lat' dir='ltr'><strong>vides,</strong></span> <span class='ocrx_word' id='word_1_225' title='bbox 792 1936 863 1989; x_wconf 86' lang='lat' dir='ltr'><strong>nulla</strong></span> <span class='ocrx_word' id='word_1_226' title='bbox 876 1956 928 2007; x_wconf 82' lang='lat' dir='ltr'><strong>pax</strong></span> <span class='ocrx_word' id='word_1_227' title='bbox 941 1950 995 2001; x_wconf 85' lang='lat' dir='ltr'><strong>est;</strong></span> <span class='ocrx_word' id='word_1_228' title='bbox 1007 1963 1018 1986; x_wconf 75' lang='grc' dir='ltr'><strong>ι</strong></span> <span class='ocrx_word' id='word_1_229' title='bbox 1032 1940 1119 2008; x_wconf 82' lang='lat' dir='ltr'><strong>idem,</strong></span> <span class='ocrx_word' id='word_1_230' title='bbox 1133 1944 1166 1996; x_wconf 78' lang='lat' dir='ltr'><strong>de</strong></span> <span class='ocrx_word' id='word_1_231' title='bbox 1184 1948 1233 1998; x_wconf 66' lang='lat' dir='ltr'><strong>Be.</strong></span> 
     </span>
     <span class='ocr_line' id='line_1_22' title="bbox 189 2015 1230 2094; baseline 0.004 -23"><span class='ocrx_word' id='word_1_232' title='bbox 189 2022 242 2073; x_wconf 85' lang='lat' dir='ltr'><strong>nei.</strong></span> <span class='ocrx_word' id='word_1_233' title='bbox 256 2023 306 2086; x_wconf 90' lang='lat' dir='ltr'><strong>Ill,</strong></span> <span class='ocrx_word' id='word_1_234' title='bbox 320 2019 368 2071; x_wconf 79' lang='lat'><strong>26:</strong></span> <span class='ocrx_word' id='word_1_235' title='bbox 385 2016 460 2069; x_wconf 74' lang='lat' dir='ltr'><strong>«Sub</strong></span> <span class='ocrx_word' id='word_1_236' title='bbox 470 2018 529 2070; x_wconf 87' lang='lat' dir='ltr'>Tib.</span> <span class='ocrx_word' id='word_1_237' title='bbox 542 2019 641 2070; x_wconf 69' lang='lat' dir='ltr'><strong>Caesare</strong></span> <span class='ocrx_word' id='word_1_238' title='bbox 654 2019 702 2068; x_wconf 88' lang='lat' dir='ltr'><strong>fuit</strong></span> <span class='ocrx_word' id='word_1_239' title='bbox 715 2015 858 2069; x_wconf 86' lang='lat' dir='ltr'><strong>accusandi</strong></span> <span class='ocrx_word' id='word_1_240' title='bbox 870 2017 993 2089; x_wconf 82' lang='lat' dir='ltr'>frequens</span> <span class='ocrx_word' id='word_1_241' title='bbox 1004 2032 1029 2070; x_wconf 88' lang='lat' dir='ltr'><strong>et</strong></span> <span class='ocrx_word' id='word_1_242' title='bbox 1039 2039 1113 2091; x_wconf 83' lang='lat' dir='ltr'><strong>paene</strong></span> <span class='ocrx_word' id='word_1_243' title='bbox 1122 2023 1230 2094; x_wconf 81' lang='lat' dir='ltr'><strong>publica</strong></span> 
     </span>
     <span class='ocr_line' id='line_1_23' title="bbox 189 2096 1230 2171; baseline 0.005 -19"><span class='ocrx_word' id='word_1_244' title='bbox 189 2100 287 2166; x_wconf 83' lang='lat' dir='ltr'>rabies,</span> <span class='ocrx_word' id='word_1_245' title='bbox 300 2117 356 2171; x_wconf 73' lang='lat' dir='ltr'><strong>qne</strong></span> <span class='ocrx_word' id='word_1_246' title='bbox 369 2099 441 2148; x_wconf 87' lang='lat' dir='ltr'><strong>omni</strong></span> <span class='ocrx_word' id='word_1_247' title='bbox 453 2097 521 2150; x_wconf 85' lang='lat' dir='ltr'><strong>civili</strong></span> <span class='ocrx_word' id='word_1_248' title='bbox 530 2096 601 2150; x_wconf 89' lang='lat' dir='ltr'><strong>bello</strong></span> <span class='ocrx_word' id='word_1_249' title='bbox 612 2098 717 2166; x_wconf 75' lang='lat' dir='ltr'><strong>gravius</strong></span> <span class='ocrx_word' id='word_1_250' title='bbox 727 2109 842 2168; x_wconf 68' lang='lat' dir='ltr'><strong>togatam</strong></span> <span class='ocrx_word' id='word_1_251' title='bbox 854 2099 986 2149; x_wconf 82' lang='lat' dir='ltr'><strong>civitatem</strong></span> <span class='ocrx_word' id='word_1_252' title='bbox 1000 2101 1150 2167; x_wconf 77' lang='lat' dir='ltr'><strong>coniecit;·</strong></span> <span class='ocrx_word' id='word_1_253' title='bbox 1165 2104 1230 2156; x_wconf 88' lang='lat' dir='ltr'><strong>Plin.</strong></span> 
     </span>
     <span class='ocr_line' id='line_1_24' title="bbox 188 2176 1231 2256; baseline 0.003 -26"><span class='ocrx_word' id='word_1_254' title='bbox 188 2183 313 2252; x_wconf 76' lang='lat' dir='ltr'><strong>Panegyr.</strong></span> <span class='ocrx_word' id='word_1_255' title='bbox 326 2197 349 2229; x_wconf 87' lang='lat' dir='ltr'><strong>c.</strong></span> <span class='ocrx_word' id='word_1_256' title='bbox 364 2177 411 2243; x_wconf 84' lang='lat'><strong>56,</strong></span> <span class='ocrx_word' id='word_1_257' title='bbox 423 2195 453 2246; x_wconf 85' lang='lat'><strong>7:</strong></span> <span class='ocrx_word' id='word_1_258' title='bbox 470 2176 666 2249; x_wconf 73' lang='lat' dir='ltr'><strong>«hostilemque</strong></span> <span class='ocrx_word' id='word_1_259' title='bbox 678 2191 820 2244; x_wconf 85' lang='lat' dir='ltr'><strong>torrorem,</strong></span> <span class='ocrx_word' id='word_1_260' title='bbox 830 2196 886 2228; x_wconf 90' lang='lat' dir='ltr'><strong>non</strong></span> <span class='ocrx_word' id='word_1_261' title='bbox 895 2196 1029 2231; x_wconf 82' lang='lat' dir='ltr'><strong>armorum</strong></span> <span class='ocrx_word' id='word_1_262' title='bbox 1039 2184 1137 2251; x_wconf 76' lang='lat' dir='ltr'><strong>magis,</strong></span> <span class='ocrx_word' id='word_1_263' title='bbox 1150 2205 1231 2256; x_wconf 78' lang='lat' dir='ltr'><strong>quam</strong></span> 
     </span>
     <span class='ocr_line' id='line_1_25' title="bbox 189 2253 1229 2330; baseline 0.007 -20"><span class='ocrx_word' id='word_1_264' title='bbox 189 2273 308 2330; x_wconf 74' lang='lat' dir='ltr'><strong>togarum</strong></span> <span class='ocrx_word' id='word_1_265' title='bbox 321 2259 497 2312; x_wconf 81' lang='lat' dir='ltr'><strong>ostentatione</strong></span> <span class='ocrx_word' id='word_1_266' title='bbox 508 2275 704 2329; x_wconf 70' lang='lat' dir='ltr'><strong>compescere·</strong></span> <span class='ocrx_word' id='word_1_267' title='bbox 719 2256 791 2307; x_wconf 85' lang='lat' dir='ltr'><strong>Nihil</strong></span> <span class='ocrx_word' id='word_1_268' title='bbox 801 2253 879 2308; x_wconf 76' lang='lat' dir='ltr'><strong>video</strong></span> <span class='ocrx_word' id='word_1_269' title='bbox 892 2257 965 2328; x_wconf 89' lang='lat' dir='ltr'><strong>quod</strong></span> <span class='ocrx_word' id='word_1_270' title='bbox 975 2256 1038 2310; x_wconf 89' lang='lat' dir='ltr'><strong>huic</strong></span> <span class='ocrx_word' id='word_1_271' title='bbox 1051 2262 1229 2316; x_wconf 85' lang='lat' dir='ltr'><strong>emendationi</strong></span> 
     </span>
     <span class='ocr_line' id='line_1_26' title="bbox 189 2336 1230 2413; baseline 0.003 -22"><span class='ocrx_word' id='word_1_272' title='bbox 189 2341 290 2411; x_wconf 91' lang='lat' dir='ltr'><strong>opponi</strong></span> <span class='ocrx_word' id='word_1_273' title='bbox 301 2341 394 2411; x_wconf 78' lang='lat' dir='ltr'><strong>possit.</strong></span> <span class='ocrx_word' id='word_1_274' title='bbox 407 2339 507 2390; x_wconf 87' lang='lat' dir='ltr'><strong>Notum</strong></span> <span class='ocrx_word' id='word_1_275' title='bbox 520 2350 557 2389; x_wconf 88' lang='lat' dir='ltr'><strong>est</strong></span> <span class='ocrx_word' id='word_1_276' title='bbox 568 2336 655 2389; x_wconf 80' lang='lat' dir='ltr'><strong>literas</strong></span> <span class='ocrx_word' id='word_1_277' title='bbox 667 2357 681 2388; x_wconf 88' lang='lat' dir='ltr'><strong><em>c</em></strong></span> <span class='ocrx_word' id='word_1_278' title='bbox 694 2352 747 2410; x_wconf 62' lang='grc' dir='ltr'><strong>εις</strong></span> <span class='ocrx_word' id='word_1_279' title='bbox 759 2350 870 2408; x_wconf 86' lang='lat' dir='ltr'><strong>propter</strong></span> <span class='ocrx_word' id='word_1_280' title='bbox 881 2337 1079 2390; x_wconf 86' lang='lat' dir='ltr'><strong>similitudinem</strong></span> <span class='ocrx_word' id='word_1_281' title='bbox 1091 2345 1230 2413; x_wconf 75' lang='lat' dir='ltr'><strong>sepissime</strong></span> 
     </span>
     <span class='ocr_line' id='line_1_27' title="bbox 189 2416 1232 2491; baseline 0.005 -21"><span class='ocrx_word' id='word_1_282' title='bbox 189 2434 302 2472; x_wconf 87' lang='lat' dir='ltr'><strong>mutatas</strong></span> <span class='ocrx_word' id='word_1_283' title='bbox 318 2438 388 2482; x_wconf 82' lang='lat' dir='ltr'><strong>esse;</strong></span> <span class='ocrx_word' id='word_1_284' title='bbox 407 2416 478 2470; x_wconf 84' lang='lat' dir='ltr'><strong>uude</strong></span> <span class='ocrx_word' id='word_1_285' title='bbox 492 2435 541 2487; x_wconf 86' lang='lat' dir='ltr'><strong>pro</strong></span> <span class='ocrx_word' id='word_1_286' title='bbox 553 2435 619 2491; x_wconf 80' lang='lat' dir='ltr'><strong>pace</strong></span> <span class='ocrx_word' id='word_1_287' title='bbox 633 2419 759 2487; x_wconf 82' lang='lat' dir='ltr'><strong>scriptum</strong></span> <span class='ocrx_word' id='word_1_288' title='bbox 773 2416 875 2468; x_wconf 85' lang='lat' dir='ltr'><strong>videtur</strong></span> <span class='ocrx_word' id='word_1_289' title='bbox 889 2435 971 2489; x_wconf 48' lang='grc' dir='ltr'><strong>μαψ</strong></span> <span class='ocrx_word' id='word_1_290' title='bbox 990 2437 1021 2469; x_wconf 88' lang='lat' dir='ltr'><strong>ex</strong></span> <span class='ocrx_word' id='word_1_291' title='bbox 1040 2437 1092 2489; x_wconf 88' lang='lat' dir='ltr'><strong>quo</strong></span> <span class='ocrx_word' id='word_1_292' title='bbox 1112 2422 1232 2475; x_wconf 82' lang='lat' dir='ltr'><strong>fecerunt</strong></span> 
     </span>
     <span class='ocr_line' id='line_1_28' title="bbox 188 2495 1231 2575; baseline 0.003 -24"><span class='ocrx_word' id='word_1_293' title='bbox 188 2509 276 2575; x_wconf 70' lang='lat' dir='ltr'><strong>sti-eqo.</strong></span> <span class='ocrx_word' id='word_1_294' title='bbox 294 2499 369 2552; x_wconf 80' lang='lat' dir='ltr'><strong>Tales</strong></span> <span class='ocrx_word' id='word_1_295' title='bbox 382 2514 480 2560; x_wconf 81' lang='lat' dir='ltr'><strong>annos,</strong></span> <span class='ocrx_word' id='word_1_296' title='bbox 493 2496 584 2561; x_wconf 83' lang='lat' dir='ltr'><strong>idest,</strong></span> <span class='ocrx_word' id='word_1_297' title='bbox 600 2495 714 2566; x_wconf 77' lang='lat' dir='ltr'><strong>aliquem</strong></span> <span class='ocrx_word' id='word_1_298' title='bbox 730 2497 774 2567; x_wconf 90' lang='lat' dir='ltr'><strong>qui</strong></span> <span class='ocrx_word' id='word_1_299' title='bbox 786 2511 843 2548; x_wconf 83' lang='lat' dir='ltr'><strong>erat</strong></span> <span class='ocrx_word' id='word_1_300' title='bbox 856 2497 886 2548; x_wconf 87' lang='lat' dir='ltr'><strong>iis</strong></span> <span class='ocrx_word' id='word_1_301' title='bbox 900 2498 974 2548; x_wconf 89' lang='lat' dir='ltr'><strong>annis</strong></span> <span class='ocrx_word' id='word_1_302' title='bbox 988 2514 1034 2549; x_wconf 84' lang='lat' dir='ltr'><strong>seu</strong></span> <span class='ocrx_word' id='word_1_303' title='bbox 1046 2512 1120 2551; x_wconf 79' lang='lat' dir='ltr'><strong>aetate</strong></span> <span class='ocrx_word' id='word_1_304' title='bbox 1136 2519 1187 2571; x_wconf 89' lang='lat' dir='ltr'><strong>qua</strong></span> <span class='ocrx_word' id='word_1_305' title='bbox 1202 2517 1231 2554; x_wconf 89' lang='lat' dir='ltr'><strong>tn</strong></span> 
     </span>
     <span class='ocr_line' id='line_1_29' title="bbox 190 2574 1231 2648; baseline 0.002 -18"><span class='ocrx_word' id='word_1_306' title='bbox 190 2597 261 2631; x_wconf 85' lang='lat' dir='ltr'><strong>eras:</strong></span> <span class='ocrx_word' id='word_1_307' title='bbox 275 2581 340 2632; x_wconf 81' lang='lat' dir='ltr'><strong>nani</strong></span> <span class='ocrx_word' id='word_1_308' title='bbox 353 2597 401 2648; x_wconf 85' lang='lat' dir='ltr'><strong>pro</strong></span> <span class='ocrx_word' id='word_1_309' title='bbox 417 2594 531 2648; x_wconf 84' lang='lat' dir='ltr'><strong>persona</strong></span> <span class='ocrx_word' id='word_1_310' title='bbox 545 2577 590 2644; x_wconf 91' lang='lat' dir='ltr'><strong>qui</strong></span> <span class='ocrx_word' id='word_1_311' title='bbox 606 2574 686 2626; x_wconf 87' lang='lat' dir='ltr'><strong>habet</strong></span> <span class='ocrx_word' id='word_1_312' title='bbox 701 2594 746 2626; x_wconf 84' lang='lat' dir='ltr'><strong>eos</strong></span> <span class='ocrx_word' id='word_1_313' title='bbox 761 2593 859 2636; x_wconf 76' lang='lat' dir='ltr'><strong>annos5</strong></span> <span class='ocrx_word' id='word_1_314' title='bbox 874 2587 903 2624; x_wconf 93' lang='lat' dir='ltr'><strong>ut</strong></span> <span class='ocrx_word' id='word_1_315' title='bbox 917 2575 989 2646; x_wconf 87' lang='lat' dir='ltr'><strong>apud</strong></span> <span class='ocrx_word' id='word_1_316' title='bbox 1004 2579 1156 2629; x_wconf 86' lang='lat' dir='ltr'><strong>Terentium</strong></span> <span class='ocrx_word' id='word_1_317' title='bbox 1172 2599 1231 2633; x_wconf 88' lang='lat' dir='ltr'><strong>mo-</strong></span> 
     </span>
     <span class='ocr_line' id='line_1_30' title="bbox 190 2652 1229 2728; baseline -0.002 -20"><span class='ocrx_word' id='word_1_318' title='bbox 190 2676 239 2722; x_wconf 83' lang='lat' dir='ltr'><strong>res,</strong></span> <span class='ocrx_word' id='word_1_319' title='bbox 254 2675 302 2728; x_wconf 82' lang='lat' dir='ltr'><strong>pro</strong></span> <span class='ocrx_word' id='word_1_320' title='bbox 317 2675 349 2707; x_wconf 85' lang='lat' dir='ltr'><strong>eo</strong></span> <span class='ocrx_word' id='word_1_321' title='bbox 365 2657 409 2726; x_wconf 85' lang='lat' dir='ltr'><strong>qni</strong></span> <span class='ocrx_word' id='word_1_322' title='bbox 423 2653 505 2706; x_wconf 88' lang='lat' dir='ltr'><strong>habet</strong></span> <span class='ocrx_word' id='word_1_323' title='bbox 518 2671 564 2706; x_wconf 88' lang='lat' dir='ltr'><strong>eos</strong></span> <span class='ocrx_word' id='word_1_324' title='bbox 577 2671 678 2718; x_wconf 88' lang='lat' dir='ltr'><strong>mores,</strong></span> <span class='ocrx_word' id='word_1_325' title='bbox 695 2656 830 2704; x_wconf 74' lang='lat' dir='ltr'><strong>«Uxorem</strong></span> <span class='ocrx_word' id='word_1_326' title='bbox 844 2652 885 2704; x_wconf 89' lang='lat' dir='ltr'><strong>his</strong></span> <span class='ocrx_word' id='word_1_327' title='bbox 902 2653 1018 2706; x_wconf 85' lang='lat' dir='ltr'><strong>moribus</strong></span> <span class='ocrx_word' id='word_1_328' title='bbox 1031 2655 1104 2707; x_wconf 87' lang='lat' dir='ltr'><strong>dabit</strong></span> <span class='ocrx_word' id='word_1_329' title='bbox 1119 2677 1204 2710; x_wconf 90' lang='lat' dir='ltr'><strong>nemo.</strong></span> <span class='ocrx_word' id='word_1_330' title='bbox 1218 2684 1229 2706; x_wconf 69' lang='grc' dir='ltr'>ι</span> 
     </span>
     <span class='ocr_line' id='line_1_31' title="bbox 189 2732 1230 2808; baseline 0.002 -21"><span class='ocrx_word' id='word_1_331' title='bbox 189 2739 245 2802; x_wconf 86' lang='lat' dir='ltr'><strong>Sic,</strong></span> <span class='ocrx_word' id='word_1_332' title='bbox 259 2737 364 2801; x_wconf 84' lang='lat' dir='ltr'><strong>Noster,</strong></span> <span class='ocrx_word' id='word_1_333' title='bbox 375 2733 435 2785; x_wconf 87' lang='lat' dir='ltr'><strong>Silv.</strong></span> <span class='ocrx_word' id='word_1_334' title='bbox 450 2733 498 2796; x_wconf 90' lang='grc'><strong>111,</strong></span> <span class='ocrx_word' id='word_1_335' title='bbox 513 2734 545 2798; x_wconf 87' lang='grc'><strong>3,</strong></span> <span class='ocrx_word' id='word_1_336' title='bbox 561 2732 624 2798; x_wconf 87' lang='lat'>137:</span> <span class='ocrx_word' id='word_1_337' title='bbox 643 2753 655 2776; x_wconf 83' lang='grc' dir='ltr'>ι</span> <span class='ocrx_word' id='word_1_338' title='bbox 665 2733 711 2802; x_wconf 88' lang='lat' dir='ltr'><strong>qui</strong></span> <span class='ocrx_word' id='word_1_339' title='bbox 726 2733 820 2783; x_wconf 78' lang='lat' dir='ltr'><strong>funera</strong></span> <span class='ocrx_word' id='word_1_340' title='bbox 834 2734 915 2803; x_wconf 87' lang='lat' dir='ltr'><strong>patris</strong></span> <span class='ocrx_word' id='word_1_341' title='bbox 930 2733 1007 2784; x_wconf 86' lang='lat' dir='ltr'><strong>Haud</strong></span> <span class='ocrx_word' id='word_1_342' title='bbox 1019 2749 1122 2787; x_wconf 85' lang='lat' dir='ltr'><strong>matura</strong></span> <span class='ocrx_word' id='word_1_343' title='bbox 1139 2753 1230 2808; x_wconf 84' lang='lat' dir='ltr'><strong>putas,</strong></span> 
     </span>
     <span class='ocr_line' id='line_1_32' title="bbox 190 2813 739 2887; baseline -0.011 -20"><span class='ocrx_word' id='word_1_344' title='bbox 190 2829 270 2887; x_wconf 89' lang='lat' dir='ltr'><strong>atque</strong></span> <span class='ocrx_word' id='word_1_345' title='bbox 285 2814 335 2867; x_wconf 88' lang='lat' dir='ltr'><strong>hos</strong></span> <span class='ocrx_word' id='word_1_346' title='bbox 349 2817 409 2885; x_wconf 82' lang='lat' dir='ltr'><strong>pins</strong></span> <span class='ocrx_word' id='word_1_347' title='bbox 423 2813 534 2881; x_wconf 76' lang='lat' dir='ltr'><strong>ingemis</strong></span> <span class='ocrx_word' id='word_1_348' title='bbox 549 2828 664 2862; x_wconf 77' lang='lat' dir='ltr'><strong>annos·</strong></span> <span class='ocrx_word' id='word_1_349' title='bbox 737 2881 739 2886; x_wconf 28' lang='grc' dir='ltr'>Ι</span> 
     </span>
    </p>
   </div>
   <div class='ocr_carea' id='block_1_3' title="bbox 190 2951 1232 4076">
    <p class='ocr_par' dir='ltr' id='par_1_3' title="bbox 190 2951 1232 4076">
     <span class='ocr_line' id='line_1_33' title="bbox 228 2951 1231 3032; baseline 0.002 -21"><span class='ocrx_word' id='word_1_350' title='bbox 228 2977 284 3011; x_wconf 86' lang='lat' dir='ltr'><strong>tto.</strong></span> <span class='ocrx_word' id='word_1_351' title='bbox 304 2961 360 3011; x_wconf 87' lang='lat' dir='ltr'><strong>Nec</strong></span> <span class='ocrx_word' id='word_1_352' title='bbox 374 2969 399 3009; x_wconf 87' lang='lat' dir='ltr'><strong>te</strong></span> <span class='ocrx_word' id='word_1_353' title='bbox 411 2975 466 3008; x_wconf 80' lang='lat' dir='ltr'><strong>reus</strong></span> <span class='ocrx_word' id='word_1_354' title='bbox 477 2956 529 3028; x_wconf 82' lang='lat' dir='ltr'><strong>ipse</strong></span> <span class='ocrx_word' id='word_1_355' title='bbox 544 2954 655 3005; x_wconf 85' lang='lat' dir='ltr'><strong>timebat.</strong></span> <span class='ocrx_word' id='word_1_356' title='bbox 668 2951 739 3020; x_wconf 84' lang='lat' dir='ltr'><strong>Quid</strong></span> <span class='ocrx_word' id='word_1_357' title='bbox 753 2954 847 3006; x_wconf 84' lang='lat' dir='ltr'><strong>mirum</strong></span> <span class='ocrx_word' id='word_1_358' title='bbox 861 2957 883 3006; x_wconf 86' lang='lat' dir='ltr'><strong>si</strong></span> <span class='ocrx_word' id='word_1_359' title='bbox 897 2971 951 3006; x_wconf 79' lang='lat' dir='ltr'><strong>reus</strong></span> <span class='ocrx_word' id='word_1_360' title='bbox 963 2974 1016 3007; x_wconf 91' lang='lat' dir='ltr'><strong>non</strong></span> <span class='ocrx_word' id='word_1_361' title='bbox 1029 2957 1130 3010; x_wconf 83' lang='lat' dir='ltr'><strong>timeret</strong></span> <span class='ocrx_word' id='word_1_362' title='bbox 1142 2972 1231 3032; x_wconf 82' lang='lat' dir='ltr'><strong>patro-</strong></span> 
     </span>
     <span class='ocr_line' id='line_1_34' title="bbox 190 3034 1232 3110; baseline -0.002 -18"><span class='ocrx_word' id='word_1_363' title='bbox 190 3043 272 3092; x_wconf 82' lang='lat' dir='ltr'><strong>num?</strong></span> <span class='ocrx_word' id='word_1_364' title='bbox 285 3041 365 3090; x_wconf 88' lang='lat' dir='ltr'><strong>immo</strong></span> <span class='ocrx_word' id='word_1_365' title='bbox 378 3041 471 3088; x_wconf 75' lang='lat' dir='ltr'><strong>minum</strong></span> <span class='ocrx_word' id='word_1_366' title='bbox 485 3037 554 3087; x_wconf 83' lang='lat' dir='ltr'><strong>foret</strong></span> <span class='ocrx_word' id='word_1_367' title='bbox 567 3037 588 3086; x_wconf 92' lang='lat' dir='ltr'><strong>si</strong></span> <span class='ocrx_word' id='word_1_368' title='bbox 601 3036 700 3086; x_wconf 70' lang='lat' dir='ltr'><strong>timeret</strong></span> <span class='ocrx_word' id='word_1_369' title='bbox 709 3052 770 3085; x_wconf 92' lang='lat' dir='ltr'><strong>eum</strong></span> <span class='ocrx_word' id='word_1_370' title='bbox 783 3037 827 3105; x_wconf 90' lang='lat' dir='ltr'><strong>qui</strong></span> <span class='ocrx_word' id='word_1_371' title='bbox 841 3034 974 3106; x_wconf 79' lang='lat' dir='ltr'><strong>defensore</strong></span> <span class='ocrx_word' id='word_1_372' title='bbox 985 3049 1080 3103; x_wconf 71' lang='lat' dir='ltr'><strong>mettas,</strong></span> <span class='ocrx_word' id='word_1_373' title='bbox 1093 3053 1119 3090; x_wconf 90' lang='lat' dir='ltr'><strong>et</strong></span> <span class='ocrx_word' id='word_1_374' title='bbox 1132 3040 1232 3110; x_wconf 83' lang='lat' dir='ltr'><strong>pellere</strong></span> 
     </span>
     <span class='ocr_line' id='line_1_35' title="bbox 191 3113 1228 3188; baseline 0.001 -16"><span class='ocrx_word' id='word_1_375' title='bbox 191 3119 299 3172; x_wconf 83' lang='lat' dir='ltr'><strong>adversa</strong></span> <span class='ocrx_word' id='word_1_376' title='bbox 319 3119 369 3170; x_wconf 88' lang='lat' dir='ltr'><strong>tela</strong></span> <span class='ocrx_word' id='word_1_377' title='bbox 389 3116 517 3170; x_wconf 85' lang='lat' dir='ltr'><strong>subiisset.</strong></span> <span class='ocrx_word' id='word_1_378' title='bbox 532 3115 607 3166; x_wconf 81' lang='lat' dir='ltr'><strong>Clare</strong></span> <span class='ocrx_word' id='word_1_379' title='bbox 624 3113 780 3186; x_wconf 71' lang='lat' dir='ltr'><strong>legendum,</strong></span> <span class='ocrx_word' id='word_1_380' title='bbox 798 3137 809 3159; x_wconf 77' lang='grc' dir='ltr'><strong>α</strong></span> <span class='ocrx_word' id='word_1_381' title='bbox 819 3131 867 3186; x_wconf 84' lang='lat' dir='ltr'><strong>pro</strong></span> <span class='ocrx_word' id='word_1_382' title='bbox 885 3129 910 3167; x_wconf 90' lang='lat' dir='ltr'><strong>te</strong></span> <span class='ocrx_word' id='word_1_383' title='bbox 930 3135 989 3168; x_wconf 88' lang='lat' dir='ltr'><strong>rous</strong></span> <span class='ocrx_word' id='word_1_384' title='bbox 1008 3119 1064 3188; x_wconf 85' lang='lat' dir='ltr'><strong>ipse</strong></span> <span class='ocrx_word' id='word_1_385' title='bbox 1082 3120 1206 3182; x_wconf 85' lang='lat' dir='ltr'><strong>timebat;</strong></span> <span class='ocrx_word' id='word_1_386' title='bbox 1217 3145 1228 3167; x_wconf 69' lang='lat' dir='ltr'><strong>a</strong></span> 
     </span>
     <span class='ocr_line' id='line_1_36' title="bbox 190 3194 1232 3274; baseline 0.005 -23"><span class='ocrx_word' id='word_1_387' title='bbox 190 3204 245 3274; x_wconf 86' lang='lat' dir='ltr'><strong>ipse</strong></span> <span class='ocrx_word' id='word_1_388' title='bbox 259 3219 319 3252; x_wconf 84' lang='lat' dir='ltr'><strong>reus</strong></span> <span class='ocrx_word' id='word_1_389' title='bbox 336 3217 384 3270; x_wconf 78' lang='lat' dir='ltr'><strong>pro</strong></span> <span class='ocrx_word' id='word_1_390' title='bbox 400 3208 423 3248; x_wconf 83' lang='lat' dir='ltr'><strong>te</strong></span> <span class='ocrx_word' id='word_1_391' title='bbox 437 3198 556 3261; x_wconf 80' lang='lat' dir='ltr'><strong>timebat,</strong></span> <span class='ocrx_word' id='word_1_392' title='bbox 577 3197 651 3267; x_wconf 81' lang='lat' dir='ltr'><strong>quasi</strong></span> <span class='ocrx_word' id='word_1_393' title='bbox 669 3196 775 3247; x_wconf 85' lang='lat' dir='ltr'><strong>mutatis</strong></span> <span class='ocrx_word' id='word_1_394' title='bbox 789 3194 891 3246; x_wconf 84' lang='lat' dir='ltr'><strong>vicibus</strong></span> <span class='ocrx_word' id='word_1_395' title='bbox 909 3210 937 3249; x_wconf 89' lang='lat' dir='ltr'><strong>tu</strong></span> <span class='ocrx_word' id='word_1_396' title='bbox 956 3215 1028 3260; x_wconf 81' lang='lat' dir='ltr'><strong>reus,</strong></span> <span class='ocrx_word' id='word_1_397' title='bbox 1047 3197 1091 3251; x_wconf 89' lang='lat' dir='ltr'><strong>ille</strong></span> <span class='ocrx_word' id='word_1_398' title='bbox 1106 3213 1232 3273; x_wconf 81' lang='lat' dir='ltr'><strong>patronus</strong></span> 
     </span>
     <span class='ocr_line' id='line_1_37' title="bbox 190 3275 1228 3351; baseline 0 -21"><span class='ocrx_word' id='word_1_399' title='bbox 190 3282 291 3334; x_wconf 84' lang='lat' dir='ltr'><strong>fuisset.</strong></span> <span class='ocrx_word' id='word_1_400' title='bbox 306 3281 367 3330; x_wconf 89' lang='lat' dir='ltr'><strong>Non</strong></span> <span class='ocrx_word' id='word_1_401' title='bbox 381 3276 455 3330; x_wconf 84' lang='lat' dir='ltr'><strong>aliter</strong></span> <span class='ocrx_word' id='word_1_402' title='bbox 468 3276 582 3328; x_wconf 85' lang='lat' dir='ltr'><strong>scribere</strong></span> <span class='ocrx_word' id='word_1_403' title='bbox 596 3277 684 3346; x_wconf 90' lang='lat' dir='ltr'><strong>potnit</strong></span> <span class='ocrx_word' id='word_1_404' title='bbox 698 3275 802 3327; x_wconf 84' lang='lat' dir='ltr'><strong>Statius.</strong></span> <span class='ocrx_word' id='word_1_405' title='bbox 818 3276 894 3346; x_wconf 82' lang='lat' dir='ltr'><strong>lpse,</strong></span> <span class='ocrx_word' id='word_1_406' title='bbox 912 3277 1047 3330; x_wconf 78' lang='lat' dir='ltr'><strong>Achilleid.</strong></span> <span class='ocrx_word' id='word_1_407' title='bbox 1061 3283 1087 3346; x_wconf 86' lang='lat'><strong>1,</strong></span> <span class='ocrx_word' id='word_1_408' title='bbox 1103 3283 1151 3351; x_wconf 69' lang='lat'><strong>74:</strong></span> <span class='ocrx_word' id='word_1_409' title='bbox 1167 3286 1228 3336; x_wconf 69' lang='lat' dir='ltr'><strong>..fas</strong></span> 
     </span>
     <span class='ocr_line' id='line_1_38' title="bbox 191 3354 1228 3436; baseline 0.006 -26"><span class='ocrx_word' id='word_1_410' title='bbox 191 3362 223 3410; x_wconf 85' lang='lat' dir='ltr'><strong>sit</strong></span> <span class='ocrx_word' id='word_1_411' title='bbox 239 3363 288 3412; x_wconf 85' lang='lat' dir='ltr'><strong>Pro</strong></span> <span class='ocrx_word' id='word_1_412' title='bbox 303 3373 365 3411; x_wconf 84' lang='lat' dir='ltr'><strong>nato</strong></span> <span class='ocrx_word' id='word_1_413' title='bbox 381 3358 498 3408; x_wconf 84' lang='lat' dir='ltr'><strong>timuisse</strong></span> <span class='ocrx_word' id='word_1_414' title='bbox 510 3354 608 3417; x_wconf 77' lang='lat' dir='ltr'><strong>milii3=</strong></span> <span class='ocrx_word' id='word_1_415' title='bbox 624 3369 649 3407; x_wconf 89' lang='lat' dir='ltr'><strong>et</strong></span> <span class='ocrx_word' id='word_1_416' title='bbox 660 3357 699 3419; x_wconf 92' lang='lat' dir='ltr'><strong>Il,</strong></span> <span class='ocrx_word' id='word_1_417' title='bbox 714 3371 778 3407; x_wconf 83' lang='lat'><strong>200:</strong></span> <span class='ocrx_word' id='word_1_418' title='bbox 795 3355 968 3427; x_wconf 78' lang='lat' dir='ltr'><strong>«pudeatque</strong></span> <span class='ocrx_word' id='word_1_419' title='bbox 984 3358 1103 3412; x_wconf 84' lang='lat' dir='ltr'><strong>dolosam</strong></span> <span class='ocrx_word' id='word_1_420' title='bbox 1119 3363 1161 3414; x_wconf 91' lang='lat' dir='ltr'><strong>Sic</strong></span> <span class='ocrx_word' id='word_1_421' title='bbox 1179 3383 1228 3436; x_wconf 85' lang='lat' dir='ltr'><strong>pro</strong></span> 
     </span>
     <span class='ocr_line' id='line_1_39' title="bbox 191 3433 1019 3504; baseline 0.002 -16"><span class='ocrx_word' id='word_1_422' title='bbox 191 3450 216 3489; x_wconf 90' lang='lat' dir='ltr'><strong>te</strong></span> <span class='ocrx_word' id='word_1_423' title='bbox 229 3442 344 3491; x_wconf 84' lang='lat' dir='ltr'><strong>timuisse</strong></span> <span class='ocrx_word' id='word_1_424' title='bbox 357 3438 489 3499; x_wconf 74' lang='lat' dir='ltr'><strong>Thetin3n</strong></span> <span class='ocrx_word' id='word_1_425' title='bbox 504 3435 642 3500; x_wconf 84' lang='lat' dir='ltr'><strong>Manilius,</strong></span> <span class='ocrx_word' id='word_1_426' title='bbox 657 3437 691 3501; x_wconf 86' lang='lat' dir='ltr'><strong>V,</strong></span> <span class='ocrx_word' id='word_1_427' title='bbox 705 3433 772 3498; x_wconf 85' lang='lat'><strong>606,</strong></span> <span class='ocrx_word' id='word_1_428' title='bbox 787 3435 820 3487; x_wconf 86' lang='lat' dir='ltr'><strong>de</strong></span> <span class='ocrx_word' id='word_1_429' title='bbox 834 3435 1019 3504; x_wconf 79' lang='lat' dir='ltr'><strong>Andromeda,</strong></span> 
     </span>
     <span class='ocr_line' id='line_1_40' title="bbox 372 3521 888 3587; baseline -0.006 -17"><span class='ocrx_word' id='word_1_430' title='bbox 372 3527 471 3587; x_wconf 83' lang='lat' dir='ltr'><strong>Jamque</strong></span> <span class='ocrx_word' id='word_1_431' title='bbox 481 3521 551 3568; x_wconf 78' lang='lat' dir='ltr'><strong>oblita</strong></span> <span class='ocrx_word' id='word_1_432' title='bbox 561 3523 595 3570; x_wconf 89' lang='lat' dir='ltr'><strong>sni</strong></span> <span class='ocrx_word' id='word_1_433' title='bbox 605 3525 686 3568; x_wconf 87' lang='lat' dir='ltr'><strong>metuit</strong></span> <span class='ocrx_word' id='word_1_434' title='bbox 695 3537 739 3584; x_wconf 79' lang='lat' dir='ltr'><strong>pro</strong></span> <span class='ocrx_word' id='word_1_435' title='bbox 747 3521 839 3568; x_wconf 75' lang='lat' dir='ltr'><strong>vindice</strong></span> <span class='ocrx_word' id='word_1_436' title='bbox 849 3521 888 3568; x_wconf 81' lang='lat' dir='ltr'><strong>tali</strong></span> 
     </span>
     <span class='ocr_line' id='line_1_41' title="bbox 377 3595 1025 3658; baseline 0.002 -18"><span class='ocrx_word' id='word_1_437' title='bbox 377 3596 511 3656; x_wconf 75' lang='lat' dir='ltr'><strong>sospitans,</strong></span> <span class='ocrx_word' id='word_1_438' title='bbox 523 3595 645 3656; x_wconf 82' lang='lat' dir='ltr'><strong>animoque</strong></span> <span class='ocrx_word' id='word_1_439' title='bbox 656 3596 728 3654; x_wconf 68' lang='lat' dir='ltr'><strong>magis</strong></span> <span class='ocrx_word' id='word_1_440' title='bbox 737 3609 805 3657; x_wconf 84' lang='lat' dir='ltr'><strong>quam</strong></span> <span class='ocrx_word' id='word_1_441' title='bbox 816 3611 914 3657; x_wconf 79' lang='lat' dir='ltr'><strong>corpore</strong></span> <span class='ocrx_word' id='word_1_442' title='bbox 924 3596 1025 3658; x_wconf 85' lang='lat' dir='ltr'><strong>pendet;</strong></span> 
     </span>
     <span class='ocr_line' id='line_1_42' title="bbox 191 3685 1230 3760; baseline 0.004 -19"><span class='ocrx_word' id='word_1_443' title='bbox 191 3687 328 3741; x_wconf 85' lang='lat' dir='ltr'><strong>Claudian.</strong></span> <span class='ocrx_word' id='word_1_444' title='bbox 345 3685 547 3756; x_wconf 76' lang='lat' dir='ltr'><strong>Gigantomach.</strong></span> <span class='ocrx_word' id='word_1_445' title='bbox 563 3706 588 3737; x_wconf 89' lang='lat' dir='ltr'><strong>v.</strong></span> <span class='ocrx_word' id='word_1_446' title='bbox 604 3687 653 3751; x_wconf 79' lang='lat'><strong>62,</strong></span> <span class='ocrx_word' id='word_1_447' title='bbox 668 3688 739 3738; x_wconf 79' lang='lat' dir='ltr'><strong>uPro</strong></span> <span class='ocrx_word' id='word_1_448' title='bbox 752 3685 859 3737; x_wconf 89' lang='lat' dir='ltr'><strong>domino</strong></span> <span class='ocrx_word' id='word_1_449' title='bbox 876 3689 977 3739; x_wconf 83' lang='lat' dir='ltr'><strong>Natura</strong></span> <span class='ocrx_word' id='word_1_450' title='bbox 990 3689 1063 3740; x_wconf 89' lang='lat' dir='ltr'><strong>timet</strong></span> <span class='ocrx_word' id='word_1_451' title='bbox 1073 3709 1101 3748; x_wconf 73' lang='grc' dir='ltr'><strong>ς»</strong></span> <span class='ocrx_word' id='word_1_452' title='bbox 1117 3689 1230 3760; x_wconf 80' lang='lat' dir='ltr'><strong>Seneca,</strong></span> 
     </span>
     <span class='ocr_line' id='line_1_43' title="bbox 191 3765 1231 3839; baseline 0.003 -20"><span class='ocrx_word' id='word_1_453' title='bbox 191 3769 273 3839; x_wconf 82' lang='lat' dir='ltr'><strong>Epist.</strong></span> <span class='ocrx_word' id='word_1_454' title='bbox 289 3784 339 3836; x_wconf 82' lang='lat'><strong>90,</strong></span> <span class='ocrx_word' id='word_1_455' title='bbox 356 3768 437 3820; x_wconf 75' lang='lat' dir='ltr'><strong>«ttoec</strong></span> <span class='ocrx_word' id='word_1_456' title='bbox 452 3783 506 3819; x_wconf 80' lang='lat' dir='ltr'><strong>erat</strong></span> <span class='ocrx_word' id='word_1_457' title='bbox 519 3766 662 3818; x_wconf 83' lang='lat' dir='ltr'><strong>secundum</strong></span> <span class='ocrx_word' id='word_1_458' title='bbox 676 3780 795 3818; x_wconf 84' lang='lat' dir='ltr'><strong>naturam</strong></span> <span class='ocrx_word' id='word_1_459' title='bbox 809 3765 920 3829; x_wconf 84' lang='lat' dir='ltr'><strong>domus,</strong></span> <span class='ocrx_word' id='word_1_460' title='bbox 935 3769 961 3817; x_wconf 91' lang='lat' dir='ltr'><strong>in</strong></span> <span class='ocrx_word' id='word_1_461' title='bbox 976 3785 1027 3838; x_wconf 89' lang='lat' dir='ltr'><strong>qua</strong></span> <span class='ocrx_word' id='word_1_462' title='bbox 1042 3767 1140 3820; x_wconf 88' lang='lat' dir='ltr'><strong>libebat</strong></span> <span class='ocrx_word' id='word_1_463' title='bbox 1155 3770 1231 3822; x_wconf 84' lang='lat' dir='ltr'><strong>habi-</strong></span> 
     </span>
     <span class='ocr_line' id='line_1_44' title="bbox 192 3846 1231 3917; baseline 0.002 -19"><span class='ocrx_word' id='word_1_464' title='bbox 192 3859 264 3910; x_wconf 85' lang='lat' dir='ltr'><strong>tare,</strong></span> <span class='ocrx_word' id='word_1_465' title='bbox 278 3863 327 3896; x_wconf 90' lang='lat' dir='ltr'><strong>nec</strong></span> <span class='ocrx_word' id='word_1_466' title='bbox 340 3847 439 3915; x_wconf 88' lang='lat' dir='ltr'><strong>ipsam,</strong></span> <span class='ocrx_word' id='word_1_467' title='bbox 454 3864 502 3896; x_wconf 85' lang='lat' dir='ltr'><strong>noc</strong></span> <span class='ocrx_word' id='word_1_468' title='bbox 514 3865 564 3917; x_wconf 82' lang='lat' dir='ltr'><strong>pro</strong></span> <span class='ocrx_word' id='word_1_469' title='bbox 577 3847 633 3915; x_wconf 85' lang='lat' dir='ltr'><strong>ipsa</strong></span> <span class='ocrx_word' id='word_1_470' title='bbox 646 3846 794 3896; x_wconf 85' lang='lat' dir='ltr'><strong>timentem:</strong></span> <span class='ocrx_word' id='word_1_471' title='bbox 809 3863 879 3896; x_wconf 89' lang='lat' dir='ltr'><strong>nunc</strong></span> <span class='ocrx_word' id='word_1_472' title='bbox 894 3863 988 3914; x_wconf 69' lang='lat' dir='ltr'><strong>niaque</strong></span> <span class='ocrx_word' id='word_1_473' title='bbox 1004 3863 1065 3915; x_wconf 84' lang='lat' dir='ltr'><strong>pars</strong></span> <span class='ocrx_word' id='word_1_474' title='bbox 1078 3849 1160 3898; x_wconf 82' lang='lat' dir='ltr'><strong>nostri</strong></span> <span class='ocrx_word' id='word_1_475' title='bbox 1176 3869 1231 3900; x_wconf 84' lang='lat' dir='ltr'><strong>me-</strong></span> 
     </span>
     <span class='ocr_line' id='line_1_45' title="bbox 194 3924 1231 3998; baseline 0.004 -22"><span class='ocrx_word' id='word_1_476' title='bbox 194 3940 251 3990; x_wconf 82' lang='lat' dir='ltr'><strong>tus,</strong></span> <span class='ocrx_word' id='word_1_477' title='bbox 262 3939 331 3977; x_wconf 79' lang='lat' dir='ltr'><strong>tecta</strong></span> <span class='ocrx_word' id='word_1_478' title='bbox 345 3941 414 3978; x_wconf 88' lang='lat' dir='ltr'><strong>sunt.</strong></span> <span class='ocrx_word' id='word_1_479' title='bbox 425 3949 436 3973; x_wconf 76' lang='grc' dir='ltr'><strong>ι</strong></span> <span class='ocrx_word' id='word_1_480' title='bbox 449 3926 576 3998; x_wconf 78' lang='lat' dir='ltr'><strong>Apposite</strong></span> <span class='ocrx_word' id='word_1_481' title='bbox 589 3925 621 3976; x_wconf 75' lang='lat' dir='ltr'><strong>acl</strong></span> <span class='ocrx_word' id='word_1_482' title='bbox 634 3945 687 3976; x_wconf 83' lang='lat' dir='ltr'><strong>rem</strong></span> <span class='ocrx_word' id='word_1_483' title='bbox 697 3924 851 3994; x_wconf 84' lang='lat' dir='ltr'><strong>Quintilian.</strong></span> <span class='ocrx_word' id='word_1_484' title='bbox 861 3928 925 3977; x_wconf 82' lang='lat' dir='ltr'><strong>inst.</strong></span> <span class='ocrx_word' id='word_1_485' title='bbox 936 3927 975 3991; x_wconf 87' lang='lat' dir='ltr'><strong>X,</strong></span> <span class='ocrx_word' id='word_1_486' title='bbox 992 3943 1014 3992; x_wconf 87' lang='grc' dir='ltr'><strong>ι,</strong></span> <span class='ocrx_word' id='word_1_487' title='bbox 1028 3925 1074 3977; x_wconf 75' lang='lat'><strong>16:</strong></span> <span class='ocrx_word' id='word_1_488' title='bbox 1090 3927 1164 3978; x_wconf 72' lang='lat' dir='ltr'><strong>«Nec</strong></span> <span class='ocrx_word' id='word_1_489' title='bbox 1176 3931 1231 3980; x_wconf 84' lang='lat' dir='ltr'><strong>for-</strong></span> 
     </span>
     <span class='ocr_line' id='line_1_46' title="bbox 194 4002 1230 4076; baseline 0.001 -20"><span class='ocrx_word' id='word_1_490' title='bbox 194 4019 255 4056; x_wconf 86' lang='lat' dir='ltr'><strong>tuna</strong></span> <span class='ocrx_word' id='word_1_491' title='bbox 271 4004 350 4056; x_wconf 77' lang='lat' dir='ltr'><strong>ntodo</strong></span> <span class='ocrx_word' id='word_1_492' title='bbox 363 4004 471 4074; x_wconf 83' lang='lat' dir='ltr'><strong>judicii,</strong></span> <span class='ocrx_word' id='word_1_493' title='bbox 485 4002 531 4058; x_wconf 88' lang='lat' dir='ltr'><strong>sed</strong></span> <span class='ocrx_word' id='word_1_494' title='bbox 545 4007 622 4056; x_wconf 86' lang='lat' dir='ltr'><strong>etiam</strong></span> <span class='ocrx_word' id='word_1_495' title='bbox 635 4007 765 4076; x_wconf 72' lang='lat' dir='ltr'><strong>ipsorum,</strong></span> <span class='ocrx_word' id='word_1_496' title='bbox 779 4006 927 4075; x_wconf 81' lang='lat' dir='ltr'><strong>quierant,</strong></span> <span class='ocrx_word' id='word_1_497' title='bbox 941 4003 1058 4075; x_wconf 86' lang='lat' dir='ltr'><strong>periculo</strong></span> <span class='ocrx_word' id='word_1_498' title='bbox 1070 4003 1206 4058; x_wconf 76' lang='lat' dir='ltr'><strong>allicimur.</strong></span> <span class='ocrx_word' id='word_1_499' title='bbox 1218 4031 1230 4057; x_wconf 73' lang='grc' dir='ltr'>ι</span> 
     </span>
    </p>
   </div>
   <div class='ocr_carea' id='block_1_4' title="bbox 302 4095 1067 4164">
    <p class='ocr_par' dir='ltr' id='par_1_4' title="bbox 302 4095 1067 4164">
     <span class='ocr_line' id='line_1_47' title="bbox 302 4095 1067 4164; baseline 0 -3"><span class='ocrx_word' id='word_1_500' title='bbox 302 4097 329 4161; x_wconf 81' lang='lat' dir='ltr'><strong>t.</strong></span> <span class='ocrx_word' id='word_1_501' title='bbox 1027 4095 1067 4164; x_wconf 81' lang='lat'><strong>38</strong></span> 
     </span>
    </p>
   </div>
   <div class='ocr_carea' id='block_1_5' title="bbox 0 0 1434 4484">
    <p class='ocr_par' dir='ltr' id='par_1_5' title="bbox 0 0 1434 4484">
     <span class='ocr_line' id='line_1_48' title="bbox 0 0 1434 4484; baseline 0 0"><span class='ocrx_word' id='word_1_502' title='bbox 0 0 1434 4484; x_wconf 95' lang='lat' dir='ltr'><strong> </strong></span> 
     </span>
    </p>
   </div>
  </div>
 </body>
</html>
