2844 4484
423 331 555 396 LIBRI
579 330 756 413 QUINTI
780 331 1034 398 SILVARUM.
1183 337 1247 427 589

163 495 165 502 ,
204 461 269 512 lioec
280 459 348 525 bibe,
361 457 461 511 scilieet
472 457 599 520 auribus;
613 457 723 509 similem
735 457 824 509 iocum
837 455 936 512 libroV
948 457 1075 516 Silvarum
1086 460 1175 530 Stetii,
1185 465 1251 515 Pro-

204 542 339 611 pemptico
351 539 480 608 Crispini,
494 539 664 589 restituimus.
676 560 687 584 ι
705 538 766 588 Non
778 536 873 588 dubito
887 539 950 608 quin
963 536 1035 589 bunc
1049 537 1137 592 iocum
1149 541 1250 596 alludat

204 621 344 685 Heinsius,
358 617 419 669 licet
431 615 501 668 hanc
513 616 724 668 emendationem
736 619 763 668 in
775 618 880 688 scriptis
893 619 949 686 ejus
961 617 1079 669 nondum
1090 621 1248 688 invenerim3

205 695 511 751 etsanctissimealiirmo
519 712 561 745 me
568 694 693 765 pleraque
702 693 796 746 borum
804 694 984 767 exemplorum
993 695 1251 768 adscripsisse,ante·

206 795 285 848 quam
296 776 348 828 boc
360 775 460 826 lieinsii
473 773 668 833 observassem
682 773 756 844 quod
767 787 794 825 et
805 772 838 826 de
850 772 939 826 multis
951 771 1008 826 aliis
1019 778 1147 829 restitutis
1157 777 1251 832 harum

204 857 332 909 Silvarum
343 855 409 906 locis
420 854 478 923 pari
489 854 637 922 integritate
649 852 780 904 affirmare
791 871 912 923 possem,
925 855 947 906 si
957 856 1024 906 tanti
1033 870 1161 926 putarem.
1173 857 1252 912 Dolet

204 955 277 1008 paene
287 950 370 988 uuum
378 933 466 984 videre
476 946 648 1004 praereptum,
660 935 687 983 iu
701 950 754 1004 quo
767 931 831 984 mihi
844 933 955 984 maxime
965 933 1130 1005 placuerum,
1142 938 1250 1010 Epiced.

205 1020 273 1070 Patr.
289 1035 314 1068 s.
330 1033 389 1085 ιη,
403 1015 464 1066 licet
478 1005 572 1086 postica
586 1016 727 1084 repererim
742 1016 873 1067 Cruceum
887 1033 994 1086 quoque
1007 1016 1049 1068 vel
1062 1018 1202 1070 Aeantium
1215 1022 1253 1073 ite

205 1099 377 1166 conjectasse.
395 1095 539 1164 Sequitur:
560 1095 642 1146 uiiaec
659 1095 755 1146 iterent
772 1096 881 1146 comites
897 1110 1044 1168 praecepta,
1058 1115 1187 1169 senesque
1203 1117 1252 1170 pe·

206 1178 282 1228 terni.
294 1199 304 1222 s
322 1174 430 1228 Comites
439 1173 543 1245 paterni
555 1185 616 1225 suut
626 1175 731 1225 comites
741 1175 836 1244 patris;
846 1171 895 1225 sed
909 1177 1017 1244 quinam
1029 1176 1082 1227 siut
1093 1193 1162 1229 senes
1171 1179 1253 1249 patris

206 1276 261 1310 non
275 1255 409 1325 intelligo;
424 1255 474 1306 nisi
488 1252 689 1326 distinguendus
703 1255 736 1305 sit
750 1251 824 1306 locus
839 1267 868 1305 ut
878 1250 907 1305 ri
916 1255 1019 1326 paterni
1033 1256 1067 1308 ad
1078 1259 1183 1310 comites
1194 1271 1254 1310 tan-

206 1350 276 1401 tum,
287 1354 342 1388 non
354 1333 389 1386 ad
401 1352 471 1387 senes
481 1333 622 1385 referatur:
637 1336 717 1386 «ilaec
727 1336 823 1386 iterent
833 1335 942 1388 comites
953 1350 1100 1408 precepta,
1109 1357 1253 1410 senesque,

206 1416 317 1485 paterni.
329 1439 340 1462 ι
357 1411 410 1466 Sed
423 1411 477 1464 haec
493 1412 651 1482 ambiguitas
665 1431 720 1464 non
734 1413 847 1465 Statium
861 1412 946 1465 decet.
956 1415 1094 1466 —Postea
1104 1416 1252 1470 Markland.

206 1496 233 1545 in
242 1493 378 1546 Addendis
388 1495 443 1544 suis
452 1514 458 1543 ε
471 1493 579 1564 Scripsit
589 1492 692 1564 opinor,
706 1514 716 1538 ι
727 1495 788 1544 ilaec
797 1495 893 1545 iterent
903 1495 1013 1544 comites
1023 1509 1155 1566 precepta
1166 1515 1254 1551 senes-

206 1593 259 1646 que
270 1576 385 1647 petenti:
397 1596 409 1620 s
423 1574 534 1626 comites
548 1587 573 1624 et
584 1591 660 1625 senes
672 1575 768 1624 iterent
781 1572 842 1624 talia
853 1583 981 1644 praecepta
994 1573 1041 1624 tibi
1051 1577 1150 1644 petenti
1161 1576 1254 1648 hujus·

206 1653 280 1706 modi
295 1666 435 1725 praecepta.
452 1654 540 1703 innuit
552 1653 689 1723 Crispino,
705 1651 780 1703 illurn
796 1662 882 1723 petere
898 1650 994 1704 debere
1012 1651 1066 1704 baee
1084 1669 1213 1726 praccepta
1228 1671 1254 1710 et

207 1733 324 1805 exerupla
339 1735 451 1805 patries
464 1731 607 1784 comitibus
622 1734 678 1800 ejus
693 1742 718 1782 et
733 1729 840 1782 senibus
856 1731 901 1800 qui
915 1729 987 1781 illurn
999 1746 1115 1784 norunt:
1129 1746 1157 1784 tu
1167 1748 1252 1806 petas,

206 1813 245 1864 iili
256 1816 352 1866 iterem
362 1811 418 1863 haec
428 1825 572 1882 praecepta3
584 1812 702 1877 Persius,
716 1810 767 1862 Sat.
775 1811 808 1877 V,
819 1809 867 1876 64,
881 1809 979 1882 «petite
989 1809 1066 1878 binc,
1075 1815 1253 1884 juvenesque,

207 1910 352 1963 senesque,
365 1893 459 1943 Finem
471 1891 561 1943 auimo
574 1903 690 1956 certum,
705 1889 823 1962 serisque
835 1890 929 1940 viatica
942 1890 1015 1952 canis
1022 1911 1029 1954 ;
1041 1914 1053 1938 ι
1067 1891 1103 1942 ita
1114 1891 1253 1962 legendum

207 1987 272 2045 puto
285 1993 335 2045 pro
346 1971 446 2025 miseris
457 1971 537 2023 canis.
550 1971 580 2024 A.

243 2134 285 2187 63.
305 2134 341 2187 Et
357 2131 442 2186 adhuc
458 2133 533 2185 decor
549 2133 648 2206 inteper
660 2133 718 2185 oevi.
737 2131 822 2184 Aliam
839 2131 980 2183 lectionem
997 2133 1075 2185 offert
1091 2135 1253 2205 Parmensis,

207 2214 293 2266 adbuc
300 2213 541 2285 tenorinteperaeui.
550 2215 602 2280 ita,
612 2212 672 2264 Siiv.
683 2214 731 2277 iii,
742 2212 772 2280 3,
785 2212 843 2282 147,
850 2213 926 2268 Lacr.
934 2214 989 2264 Etr.
1003 2215 1120 2267 «Dextra
1129 2215 1170 2267 bis
1180 2230 1254 2269 octo·

207 2297 248 2347 nis
261 2296 389 2348 fluxerunt
401 2293 494 2346 meula
507 2293 611 2358 lustris,
623 2295 711 2366 sitque
723 2293 771 2346 oevi
782 2295 839 2345 siue
850 2293 922 2345 nube
935 2304 1021 2356 tenen
1032 2319 1042 2341 n
1055 2296 1132 2349 ovid.
1145 2297 1253 2350 Heroid.

207 2375 291 2442 XVII,
313 2376 357 2442 ri,
375 2376 519 2447 nDumque
537 2385 611 2426 maor
624 2377 681 2427 vitae
698 2376 732 2426 sit
748 2377 805 2428 sine
822 2373 881 2426 labe
899 2395 1000 2436 meum
1020 2379 1097 2428 etita
1114 2378 1158 2429 alii
1172 2400 1177 2428 :
1193 2379 1254 2431 vide

207 2453 347 2507 ilurmauu.
365 2454 399 2506 ad
412 2455 490 2506 Trist.
503 2455 554 2519 iii,
567 2471 590 2520 r,
600 2471 638 2506 rs.
652 2453 694 2523 59.
712 2453 764 2506 Sed
779 2451 845 2505 nibil
862 2452 914 2505 hoc
932 2452 992 2506 loco
1009 2455 1182 2506 mutandum:
1199 2476 1254 2509 non

208 2535 278 2585 enim
289 2534 333 2587 hic
345 2536 431 2604 agitur
442 2533 475 2586 de
487 2534 567 2604 ionga
580 2534 774 2586 continuatione
787 2546 812 2583 et
827 2535 884 2584 vitoe
896 2528 983 2596 cursu,
999 2546 1029 2584 ut
1043 2535 1069 2584 in
1084 2537 1116 2586 iis
1129 2534 1194 2588 iocis
1209 2535 1255 2588 ubi

208 2623 283 2666 tenor
291 2615 349 2666 vitoe
359 2617 486 2680 occurrit,
499 2614 546 2666 sed
557 2613 686 2685 deforma
697 2626 721 2663 et
730 2613 827 2683 puerili
836 2610 939 2677 decore,
954 2613 1027 2684 quod
1038 2614 1157 2666 nondum
1169 2617 1255 2668 fusca-

208 2706 282 2743 verat
296 2691 380 2744 barba
396 2715 401 2743 :
423 2693 564 2744 :nondum
580 2691 671 2744 validas
690 2691 738 2742 tibi
755 2694 828 2762 sigua
845 2694 957 2761 juventu
974 2694 1104 2762 irrepsere
1125 2697 1210 2765 genis,
1230 2710 1256 2747 et

208 2768 296 2822 adbuc
308 2769 385 2822 decor
392 2773 493 2840 integer
501 2772 556 2822 oeri.
568 2791 579 2815 ν
592 2769 679 2822 Simile
691 2769 762 2820 istud
774 2771 802 2819 in
812 2768 904 2820 Giano.
914 2768 1018 2820 Melior.
1029 2770 1089 2822 silv.
1103 2773 1138 2837 li,
1155 2790 1177 2838 ι,
1193 2772 1255 2839 154,

395 2878 491 2922 Gratum
501 2888 548 2931 est,
559 2876 629 2932 Pata,
640 2887 729 2928 tamen,
741 2874 804 2936 quod
813 2888 862 2919 nou
872 2873 1004 2921 muniente
1011 2876 1108 2936 jacentis

394 2948 476 2994 Exedit
484 2947 574 3011 puerile
584 2947 667 3002 decus,
676 2947 802 3007 Manesque
811 2945 897 2991 subivit

393 3021 494 3082 integer.

209 3117 282 3171 Nihil
294 3120 375 3190 igitur
387 3117 552 3171 mutandum.

246 3297 288 3350 70.
304 3271 533 3353 Prosructumque
544 3281 694 3350 exspiratio
706 3279 823 3343 umbras,
835 3276 963 3329 Morellus
972 3276 1055 3328 voluit
1067 3278 1095 3328 in
1106 3295 1196 3346 curos,
1208 3281 1256 3332 sei·

210 3358 270 3410 iicet
279 3361 340 3431 quia
348 3361 451 3410 Lucret.
462 3357 577 3424 dixerat,
588 3358 605 3408 l.
613 3360 661 3423 vt,
673 3358 739 3422 886,
749 3357 800 3407 «Ei
811 3355 888 3407 simui
899 3355 1029 3426 exspirare
1039 3357 1255 3428 loras,exireque

210 3439 237 3488 in
249 3457 330 3491 surm.
342 3464 352 3487 ι
368 3441 449 3510 Atqui
461 3439 598 3490 Lucretius
612 3456 667 3489 nou
679 3438 797 3509 loquitur
808 3435 841 3487 ‹le
848 3436 942 3506 fructu
953 3438 998 3506 qui
1011 3439 1157 3507 exspiratur
1170 3441 1196 3488 in
1208 3459 1256 3491 αιι-

209 3539 263 3584 ms,
277 3521 323 3573 sed
336 3519 368 3573 de
381 3520 589 3573 sciscitationibus
600 3537 657 3591 qum
670 3519 702 3570 ab
714 3520 787 3590 aquis
799 3519 967 3579 emittuntur3
980 3529 1010 3568 ut
1021 3517 1085 3569 nihii
1099 3518 1133 3570 ed
1144 3519 1254 3572 Statium

210 3603 243 3652 sit
254 3603 303 3654 iste
315 3601 399 3654 locus.
408 3605 498 3654 Vanus
511 3600 668 3653 emendandi
679 3601 795 3670 pruritus
807 3598 1030 3669 elegantissimum
1041 3598 1130 3650 locum
1142 3619 1255 3654 conum-

209 3698 273 3751 pere
283 3680 373 3733 voluit.
387 3680 458 3731 Dicit
470 3679 566 3732 Statius
581 3678 655 3752 quod
668 3693 774 3731 eentum
787 3677 831 3730 alii
846 3693 968 3731 auctores
981 3678 1118 3745 dixerunt,
1132 3680 1254 3747 arbores,

210 3761 260 3811 nisi
278 3758 380 3811 luxuria
400 3777 490 3811 earum
509 3771 693 3832 compescatur
711 3759 792 3827 falce,
811 3779 861 3830 pro
875 3758 968 3831 fructu
987 3759 1053 3812 nihil
1072 3760 1178 3812 daturas
1197 3779 1254 3814 esse

209 3835 420 3910 praterfroudes
430 3853 456 3890 et
469 3841 578 3892 umbros.

244 3997 287 4067 76.
308 3999 454 4071 Mirarique
468 4011 584 4070 patrem
601 3999 629 4052 id
645 4013 698 4068 est,
714 4000 824 4060 imitari‚·
835 3999 973 4071 Virgilius,
990 3998 1175 4064 AEneid.Vlil,
1188 3998 1251 4068 516,
