2776 4484
390 308 521 376 LIBRI
546 311 687 376 PRIMI
711 313 961 378 SILVARUM.
1134 311 1194 379 rob

149 437 275 493 Chalcida
288 435 385 488 lluctns
394 433 555 505 Dispellunt.
567 458 578 482 ι
593 435 695 488 Omissa
705 437 790 507 prime
800 453 890 488 versus
900 435 976 488 litera
986 437 1016 504 d,
1029 455 1061 488 ex
1074 436 1199 508 ispellunt

150 522 272 572 lecerunt
281 516 425 589 expellunt.
438 515 534 569 Sensus
551 527 590 568 est
602 515 682 569 idem.
692 518 854 583 Priscianus,
868 519 965 587 Peneg.
975 538 1000 570 v.
1010 519 1079 584 666,
1091 517 1198 591 dispulst‘

151 605 249 666 ventis,
262 598 291 652 id
306 611 361 663 est,
374 599 498 668 separati.
511 597 601 668 Virgil.
615 599 673 650 AEn.
688 600 714 664 l,
730 597 791 663 511,
807 599 880 650 tetrbo
894 598 1046 670 dispulerat,
1062 614 1091 651 ut
1097 600 1198 676 fluetus

151 680 304 754 dispelluut.
320 682 464 750 Utcunque
484 681 529 744 sit,
547 679 655 730 omnino
671 681 814 750 requiritur
829 698 880 730 vox
896 679 984 751 aliqua
1001 699 1058 751 qua
1074 682 1166 752 incipit
1182 699 1197 732 a

152 762 253 836 syllaba
269 763 320 828 dis,
340 760 375 813 ad
390 759 568 812 denotandam
586 758 686 812 scilicet
700 759 869 822 divisionem
888 774 917 812 ut
931 778 1008 812 versu
1023 763 1140 831 proxime
1156 779 1198 812 se-

153 846 246 914 quenti
260 843 403 896 dissociata.
420 839 538 906 Deinde,
535 841 642 970 piractus
655 841 731 917 reflui
745 843 786 892 vix
800 841 903 894 ridetur
917 841 1049 912 elegantiae
1063 843 1197 909 Statianas,

154 939 234 992 quum
252 935 367 991 unaque
383 937 435 970 vox
451 919 485 971 ah
502 939 534 972 eo
554 939 596 971 ern
613 919 710 985 verbo,
730 919 804 992 quod
821 933 860 972 est
862 921 925 997 fluo
930 959 939 987 ,
954 919 1101 973 derivetur:
1121 939 1198 991 quarn

154 1004 374 1074 compositionem
391 1001 502 1052 maxime
518 1002 601 1052 vitant
616 1002 758 1072 scriptores
773 1001 877 1053 ensditi.
893 1003 977 1073 Lego,
997 1002 1059 1055 «Sic
1074 999 1198 1054 Chalcida

154 1081 249 1134 linctus
261 1081 413 1151 Dispellunt
426 1082 518 1151 refugi.
531 1105 542 1128 s
555 1081 654 1132 Lucan.
665 1082 689 1148 l,
701 1081 766 1148 4ιο;
778 1081 901 1147 Ovidius,
913 1080 1021 1133 Heroid.
1032 1081 1128 1144 XVIII,
1142 1081 1199 1142 1813
1296 1077 1299 1085 '

159 1160 276 1214 Alcimus
284 1161 391 1228 Avitus,
403 1163 447 1229 lV,
457 1161 518 1230 471,
531 1159 563 1211 de
573 1159 693 1223 Diluvio;
708 1159 782 1213 idern*
790 1175 878 1213 tamen
889 1180 951 1213 mox
961 1181 986 1213 v.
998 1160 1064 1228 5443
1076 1158 1198 1214 sidonius
1297 1207 1299 1210 .

156 1260 261 1314 qnoque
272 1239 448 1314 Apollinaris,
462 1243 548 1295 Carni.
559 1243 619 1308 Vll,
631 1241 699 1312 393:

479 1331 577 1391 Jamque
587 1329 725 1393 adpopulos
734 1345 761 1376 ac
771 1346 823 1376 rora
833 1331 907 1378 feroci

340 1401 416 1447 ‘Penta
424 1401 488 1446 Geta
497 1399 617 1462 protendit
626 1402 682 1456 iter,
693 1417 739 1463 qua
749 1401 828 1463 pulsus
837 1403 866 1448 ab
875 1413 931 1449 estu

342 1471 450 1518 Oceanus
459 1471 558 1518 refluum
567 1472 653 1534 spargit
662 1489 705 1534 per
713 1470 777 1518 culte
782 1474 938 1530 Garumnam,
949 1485 993 1518 etc.

156 1561 201 1614 nbi
216 1575 306 1614 tamen
319 1580 373 1613 non
388 1561 497 1636 refluum
506 1561 637 1637 fluvium,
656 1560 702 1612 sed
717 1559 888 1612 Garumnam.
901 1558 1026 1612 Notanda
1041 1578 1103 1611 reto
1116 1573 1142 1612 et
1157 1563 1199 1612 in-

157 1641 288 1713 crepanda
298 1641 398 1693 Sidonii
407 1642 523 1706 incuria,
533 1642 580 1710 qui
589 1641 616 1690 in
626 1639 720 1692 eadem
730 1641 861 1691 sententia
871 1640 955 1690 utitur
961 1637 1071 1690 vocibus
1081 1641 1200 1716 refluum,

150 1723 262 1798 flueren,
267 1721 376 1797 fluenta
386 1733 412 1770 et
415 1717 500 1796 flaui
504 1756 513 1784 ,
523 1737 607 1790 usque
616 1718 650 1771 ad
659 1737 799 1786 nauseam,
809 1731 835 1770 et
844 1737 919 1790 pane
929 1717 1084 1772 barbariem.
1094 1719 1202 1792 Refupoe

160 1801 269 1873 Tethyos
280 1801 371 1866 undoe,
384 1800 508 1851 Priscian.
519 1800 618 1868 Perieg.
629 1818 654 1850 r.
666 1797 733 1870 689;
747 1798 836 1870 refuqo
848 1795 927 1864 Nilo,
940 1797 1039 1849 Lucan.
1051 1797 1108 1848 Vlss
1115 1836 1123 1863 ,
1135 1797 1201 1863 526,
1217 1795 1219 1808 '

159 1894 183 1932 et
194 1881 261 1934 Plin.
274 1884 414 1952 l'anegyr.;
428 1879 549 1952 refitqum
562 1897 644 1945 more,
657 1881 758 1930 Aaron.
770 1879 972 1948 Epist.vl1,42,
985 1891 1010 1929 et
1019 1877 1202 1946 Mamertinus,

158 1963 253 2032 Paneg.
265 1961 420 2012 Maximian.
433 1977 493 2031 cap.
508 1976 553 2022 ¹23
566 1958 674 2032 referque
683 1958 782 2025 amau,
795 1957 921 2010 Prudent.
934 1957 991 2011 adv.
1005 1957 1152 2030 Symmach.
1164 1958 1201 2025 ll,

159 2040 328 2114 litarefupis
342 2039 430 2104 vodis,
444 2041 545 2094 Auson.
557 2040 639 2110 Epist.
653 2039 724 2105 vul,
737 2053 762 2090 et
774 2037 866 2091 similia
879 2041 986 2110 passim.
999 2038 1121 2090 Heinsius
1135 2055 1203 2108 quo-

160 2138 210 2190 que
222 2123 374 2191 conjecerat
384 2117 479 2194 refisJi.

194 2243 237 2296 36.
251 2244 386 2296 Picturata
398 2243 510 2296 lucentia
520 2261 650 2298 marmora
660 2263 734 2296 vena.
749 2245 822 2298 «Ms.
831 2243 972 2298 Medicaeus
982 2263 1031 2316 pro
1044 2261 1109 2295 verto
1120 2240 1203 2293 habet

161 2321 231 2388 lusto,
247 2323 317 2395 qnod
330 2322 394 2374 mihi
407 2341 530 2394 spernere
541 2323 647 2396 religi03
662 2326 798 2396 conjungit
813 2326 882 2377 enim
894 2339 983 2397 postes
996 2343 1010 2375 e
1021 2321 1162 2376 Numidico
1177 2333 1204 2372 et

160 2403 273 2456 bunensi
284 2422 432 2472 marmore,
443 2401 537 2474 dequo
550 2402 674 2455 Strabo.»
687 2404 1011 2472 llaecGronovins,Diatr.
1024 2425 1048 2456 c.
1063 2421 1108 2468 to;
1122 2401 1204 2454 addu-

161 2485 193 2534 cit
208 2483 303 2536 deinde
315 2484 406 2535 locum
417 2483 566 2549 Strabonis,
581 2486 626 2556 qni
639 2497 678 2538 est
691 2482 739 2538 lib.
749 2487 782 2553 V,
795 2505 822 2558 p.
839 2485 900 2551 153,
913 2484 977 2536 edit.
991 2485 1104 2536 Casaub.
1118 2495 1143 2534 et
1158 2482 1204 2554 qui

161 2560 298 2616 lectionem
310 2563 377 2616 Cod.
389 2563 523 2628 Medicari,
534 2577 564 2614 ut
575 2563 640 2615 mihi
650 2561 762 2629 videtur,
773 2568 854 2635 plane
866 2566 966 2617 evertit.
978 2564 1048 2615 Dicit
1057 2567 1126 2614 euim
1139 2562 1204 2614 Geo-

160 2642 278 2714 graphus
292 2657 396 2695 tantum
413 2662 470 2697 esse
483 2655 643 2714 proventum
658 2647 795 2698 marmoris
807 2645 949 2710 Lunensis,
964 2656 994 2695 ut
1009 2643 1134 2715 pleraque
1151 2639 1205 2694 ele·

163 2723 313 2789 gantiornm
326 2742 435 2794 operum
447 2723 537 2775 Romae
548 2736 575 2775 et
590 2723 646 2776 aliis
659 2724 768 2777 urbibus
780 2742 810 2776 ex
823 2743 854 2776 eo
870 2726 966 2776 effecta
981 2735 1075 2774 essent.
1090 2722 1171 2792 Atqui
1182 2721 1205 2773 si

163 2797 290 2871 pleraque
302 2819 392 2872 opera,
406 2801 519 2855 absurde
531 2803 592 2854 fecit
606 2804 716 2865 Statius3
732 2806 825 2856 sicum
837 2805 933 2856 auratis
946 2804 1056 2855 trabibus
1067 2814 1093 2853 et
1105 2802 1205 2853 Mauris

162 2879 290 2948 postibus,
305 2879 381 2933 rebus
392 2883 545 2948 rarissimis,
559 2885 732 2955 conjungeret
745 2902 860 2936 manner
872 2885 1002 2947 Lunense,
1014 2899 1069 2932 rent
1080 2879 1205 2948 vulgatis·

162 2961 222 3011 timi
234 2977 314 3011 nsua:
330 2973 355 3012 et
368 2979 430 3015 sane
444 2963 537 3014 nonin
552 2966 665 3015 maximo
680 2966 765 3036 pretio
777 2964 859 3016 fuisse
870 2962 922 3016 hoo
937 2977 1052 3012 marmor
1062 2961 1159 3010 evincit
1169 2957 1206 3009 lo·

134 3043 140 3056 '
161 3057 208 3091 cus
220 3038 311 3091 Nostri
322 3041 350 3092 in
363 3040 509 3094 Eucharist.
523 3041 557 3094 ad
567 3043 666 3096 Domit.
680 3063 704 3095 v.
719 3060 766 3112 29,
778 3042 826 3095 ubi
836 3053 898 3112 post
909 3051 1061 3093 enumerata
1073 3038 1123 3090 elie
1135 3055 1206 3089 mar-

160 3139 264 3172 morum
275 3122 525 3192 pretiosissimorum
538 3142 648 3194 genera,
660 3123 734 3176 addit

346 3218 459 3280 Lunaque
469 3219 590 3281 portandis
598 3231 686 3265 tantum
695 3217 793 3266 suffecta
804 3214 923 3264 columnis.

160 3303 188 3357 ld
199 3320 252 3374 est,
263 3325 381 3359 marmor
392 3307 513 3361 Lunente
525 3322 626 3360 tantum
639 3311 666 3362 in
676 3308 757 3380 podes
767 3307 807 3359 rel
818 3307 896 3360 bases
908 3305 1091 3359 columnarum
1103 3304 1205 3358 adhibi·

162 3399 215 3438 tum
230 3405 288 3440 esse
305 3389 333 3438 in
347 3389 493 3439 Domitiani
507 3388 621 3462 palatio,
637 3388 709 3462 qnod
725 3390 762 3441 ibi
777 3387 916 3442 describit:
933 3388 995 3440 lieet
1012 3386 1122 3458 alicujus
1139 3399 1206 3439 esset

162 3467 250 3536 pretii,
262 3485 318 3519 non
329 3468 397 3519 tanti
406 3481 493 3519 tamen
507 3483 537 3520 ut
546 3468 655 3538 dignum
667 3483 819 3521 censeretur
828 3469 885 3521 aliis
896 3467 986 3520 usibus
997 3469 1130 3519 inservire.
1143 3467 1204 3516 Non

163 3547 241 3615 igitur
253 3546 322 3600 bene
335 3549 498 3600 conveniunt
509 3559 607 3601 aurotoe
618 3549 699 3601 trabes
710 3563 735 3600 et
747 3549 838 3602 Mauri
848 3559 930 3620 postes
943 3566 1003 3599 cum
1015 3545 1129 3598 Lunensi
1138 3562 1207 3596 mar·

163 3641 239 3677 more.
249 3627 380 3678 latinitas
393 3627 500 3698 quidem
510 3630 610 3700 patitur
621 3646 750 3681 marmora
760 3629 833 3680 Luna
845 3647 894 3700 pro
904 3648 920 3677 a
931 3628 1003 3680 Luna
1010 3647 1019 3686 ,·
1033 3641 1058 3678 et
1070 3643 1124 3677 non
1136 3623 1205 3675 male

162 3702 292 3758 diceretur
301 3708 434 3777 picturata
448 3709 522 3760 Luna
534 3723 645 3781 propter
653 3705 765 3773 phesse
776 3707 845 3758 stato
857 3707 961 3758 ποικίλου
976 3705 1151 3772 praufeteis,
1165 3701 1206 3754 la-

160 3783 232 3854 pidis
243 3787 313 3838 uarii
328 3787 365 3839 ad
376 3785 514 3840 ceruleum
530 3789 655 3863 serpentis
660 3827 670 3855 ,
692 3800 721 3839 ut
735 3787 768 3840 de
782 3790 813 3840 iis
828 3787 938 3841 Strabo:
957 3784 1005 3838 sed
1020 3784 1086 3836 nihil
1101 3795 1206 3834 mutan·

162 3861 223 3914 dnm
233 3869 395 3918 auctoritate
405 3869 484 3920 unius
494 3869 607 3932 codicis,
618 3870 758 3940 praesertim
769 3886 849 3940 quum
859 3871 950 3940 potior
959 3869 993 3919 sit
1002 3863 1107 3935 vulgata
1116 3861 1204 3913 lectio.

160 3945 208 3994 Per
220 3963 314 3997 aenam
327 3944 450 4016 intelligit
459 3945 548 4014 libras,
558 3960 585 3999 et
594 3945 687 4013 lineas,
696 3961 721 3999 et
731 3949 818 4011 strias,
829 3950 921 4018 quaein
932 3963 1060 3998 marmore
1069 3941 1206 4013 reperiun-

161 4035 211 4074 tnr.
223 4023 355 4098 depulsam
367 4039 446 4078 vocat
458 4027 529 4079 bala.
541 4027 645 4080 Etrusc.
659 4039 686 4080 et
695 4044 801 4098 pyrum,
813 4025 873 4080 silv.
886 4029 922 4093 ll,
936 4042 965 4075 a:
