2824 4488
187 313 252 378 328
346 310 481 376 NOTAE
506 305 774 374 lN-GARMEN
797 309 1061 384 SECUNDUM

186 439 251 491 tium
267 450 307 490 eet
320 431 466 488 eisoribere
482 452 538 506 qttae
552 435 707 506 interpretes
722 434 751 485 in
765 432 947 487 difficillimum
958 434 1031 487 hunc
1044 434 1133 487 locum
1146 453 1219 487 com-

187 519 268 570 menti
279 529 356 570 sunt:
371 516 478 566 minimo
490 517 597 584 negotio
610 531 783 581 regressurum
794 517 949 584 conjectures
961 513 1084 588 redargui
1094 529 1220 586 possunt;

187 597 235 649 sed
247 593 314 647 nihil
327 595 432 646 interim
446 593 478 646 de
496 610 555 644 meo
574 591 668 646 afferre
681 592 765 645 valeo.
785 592 929 646 Audiamus
947 607 1036 647 temen
1054 594 1119 666 qnid
1137 594 1220 647 de-eo

189 694 303 729 summus
318 675 482 740 Gronovius,
494 673 576 723 Dian.
592 692 650 744 cap.
665 673 711 725 26:
730 675 858 744 «Scripsit
868 674 980 740 Statius,
991 676 1078 746 inquit
1088 675 1148 742 illo,
1162 675 1222 728 Sint

188 754 281 827 quibus
291 752 405 824 exploret
416 752 471 804 lino
483 753 568 824 prauis
583 751 639 803 alta
653 751 795 822 molybdis‚·
807 751 888 805 dictio
900 771 973 826 nepes
983 773 1085 825 semper
1099 767 1221 826 suspecte

189 836 255 894 fuit3
269 851 318 886 neo
332 834 400 885 enim
413 850 485 903 rupes
499 831 677 903 explorentur,
691 829 739 883 sed
752 831 849 884 fundus
862 836 939 885 meris
953 846 980 885 et
994 835 1078 905 ipsius
1093 833 1220 895 eltitudo;

191 933 237 986 pro
252 932 284 966 es
300 916 328 965 in
343 913 494 964 Florentino
507 911 601 983 legitur
616 913 719 982 primm·
738 912 783 964 sed
802 912 870 965 beno
888 915 983 967 mutari
1001 915 1089 966 malim
1103 916 1131 966 in
1150 914 1223 981 lino,

190 1013 245 1065 quo
259 1012 295 1044 sc.
311 992 438 1064 molybdis
452 994 480 1043 in
494 1010 566 1042 mare
582 989 735 1044 demittitur.
749 992 814 1044 Arta
827 1012 878 1064 pro
890 994 946 1046 alta
960 992 1055 1046 deiude
1068 1004 1123 1046 arte
1136 1011 1223 1046 corre-

190 1085 262 1124 ctum
271 1085 318 1123 est.
329 1073 462 1123 Vocemut
474 1069 536 1121 olim
544 1073 744 1122 instrumentum
754 1074 820 1122 meri
831 1070 993 1141 explorando
1003 1071 1147 1138 numellis,
1160 1072 1223 1144 quie

190 1149 327 1222 plumbum
337 1146 453 1201 habebut
463 1162 580 1202 assutum
591 1151 617 1200 in
627 1161 751 1201 extremo.
761 1173 772 1196 s
784 1151 845 1202 Haec
854 1149 914 1215 ille,
925 1169 956 1202 ex
967 1149 1076 1204 Selinus.
1088 1154 1164 1223 epist.
1176 1151 1222 1213 t&

191 1233 276 1303 primo
291 1229 397 1301 quidem
411 1231 507 1281 intuitu
521 1231 659 1302 speciose,
675 1242 701 1281 et
718 1242 865 1282 ceterorum
885 1233 992 1284 somniis
1009 1231 1089 1305 longe
1102 1234 1222 1295 seniore;

193 1328 251 1381 quse
264 1323 351 1360 temen
365 1311 460 1380 etipse
477 1327 587 1360 examen
601 1310 670 1360 ferre
685 1327 739 1360 non
751 1309 853 1371 veient3
868 1309 934 1382 elige
948 1312 1018 1363 enirn
1032 1313 1150 1384 quemvis
1163 1329 1221 1362 ver·
1238 1359 1242 1368 ,

192 1389 287 1440 borum
301 1389 537 1452 constructionem,
549 1405 601 1438 vox
616 1385 670 1438 lino
682 1385 810 1439 abundet.
824 1387 980 1456 Salmasius,
992 1391 1067 1461 epist.
1081 1389 1224 1460 88,1egit,
1303 1383 1311 1398 ⁸

195 1491 207 1514 ι
216 1468 272 1519 Sint
286 1465 381 1538 quibus
394 1464 512 1536 exploret
525 1463 635 1536 plumbo
650 1467 735 1534 gravis
751 1451 802 1518 site
818 1464 984 1539 molybdis3·
999 1470 1150 1539 speciosum
1164 1466 1224 1538 qui-

193 1547 254 1600 dem
266 1559 293 1598 et
303 1547 369 1615 boc,
381 1545 427 1599 sed
438 1547 504 1598 forte
515 1544 598 1598 nihilo
608 1547 707 1597 verius:
722 1547 819 1617 quippe
832 1565 886 1606 non
898 1565 966 1617 opus
976 1560 1016 1599 est
1026 1546 1114 1600 dicere
1126 1545 1225 1618 molyb-

194 1626 233 1680 dis
249 1626 355 1697 plumbo
371 1629 469 1698 μανίη
486 1625 539 1677 boc
556 1627 626 1679 enim
643 1626 793 1677 continetur
803 1626 855 1678 sub
871 1628 979 1679 notione
996 1631 1068 1680 vocis
1081 1626 1224 1697 molybdis,

193 1726 252 1779 que
264 1727 313 1779 per
321 1727 350 1760 se
359 1707 488 1780 significet
498 1706 582 1759 linum
595 1725 641 1759 seu
652 1708 743 1758 funem
751 1707 859 1779 plumbo
869 1725 984 1780 pruvem.
994 1706 1065 1760 Idem
1076 1713 1102 1759 in
1115 1707 1224 1760 Plinien.

193 1788 304 1840 Exercit.
314 1806 340 1857 p.
352 1803 419 1854 712,
432 1785 504 1838 bunc
513 1803 615 1838 versum
623 1787 658 1836 its
669 1787 743 1852 citet,
755 1807 767 1832 ι
777 1785 834 1838 Sint
843 1785 938 1859 quibus
947 1785 1067 1856 exploret
1078 1803 1158 1858 rupes
1167 1801 1227 1854 gre·

196 1869 276 1917 sitete
290 1863 458 1937 molybdus.»
475 1868 503 1916 ln
518 1865 649 1916 Parmensi
667 1867 704 1916 ite
718 1867 882 1937 concipitur=
903 1867 980 1919 «Sint
998 1866 1093 1938 quibus
1112 1864 1228 1937 exploret

195 1947 267 2014 prius
275 1946 361 2015 gravis
373 1957 429 1996 erte
439 1944 603 2005 molucrum»
617 1945 644 1996 in
657 1946 789 2010 Romane,
803 1944 943 2016 «exploret
954 1963 1033 2017 rupes
1044 1943 1203 1997 molorcbus.
1214 1965 1226 1989 s

195 2025 305 2076 Domitii
320 2023 395 2077 video
413 2043 519 2076 menum
536 2025 760 2096 interpolatricem
777 2028 805 2078 in
819 2025 928 2078 vocibus
941 2045 1016 2100 rupes
1029 2040 1056 2078 et
1068 2025 1229 2083 rrtolorcltus,⁸

196 2103 257 2172 qni,
277 2103 361 2173 inquit
375 2102 434 2166 ille,
452 2113 513 2154 cest
525 2103 726 2155 instrumentum
744 2106 879 2156 nauticum
897 2103 931 2156 ed
950 2105 1056 2157 latentis
1075 2123 1138 2157 texe
1155 2102 1230 2155 inde·

196 2181 298 2252 pendet
311 2181 384 2252 quud
395 2183 476 2233 miror
488 2194 514 2234 et
525 2201 540 2234 e
551 2184 647 2236 nostris
659 2197 686 2235 et
697 2203 712 2236 e
723 2185 833 2252 Grecis,
843 2184 968 2256 lolioque
979 2183 1085 2237 Polluce
1096 2184 1231 2256 inprimis,

196 2263 397 2332 pretermissum
411 2263 499 2314 fuisse.
511 2285 522 2308 ι
534 2263 578 2314 Nil
590 2265 684 2314 mirum
697 2267 898 2334 pretermissum
909 2265 1003 2332 fuisse,
1017 2283 1097 2336 quum
1110 2282 1158 2317 nec
1169 2279 1232 2314 sne·

198 2341 284 2412 logie,
299 2361 347 2394 neo
361 2356 477 2396 veterum
491 2341 602 2394 eliorum
617 2345 773 2395 testimoniis
790 2359 916 2416 eppei-eet
929 2343 981 2397 boe
997 2345 1106 2396 verbum
1119 2359 1233 2414 usquam

196 2423 339 2488 exstitisse,
355 2424 405 2474 nisi
419 2423 445 2474 in
463 2423 567 2473 Domitii
582 2424 784 2474 commentariis.
799 2427 849 2475 Pro
866 2441 898 2475 eo
912 2424 1019 2475 minime
1032 2422 1143 2475 dubium
1155 2420 1234 2474 scribi

198 2515 322 2572 oportere
332 2500 460 2553 molubdis
471 2519 517 2553 eeu
529 2501 670 2573 molybdisr
681 2500 803 2566 tertulli,
819 2503 972 2575 plumbeum
983 2505 1185 2556 instrumentum
1197 2497 1233 2551 ed

197 2579 269 2634 hunc
284 2598 375 2642 ueum;
390 2578 462 2651 quod
477 2593 502 2633 et
513 2577 575 2640 Astis
588 2593 614 2632 et
624 2579 796 2649 meustpesip
809 2599 856 2634 seu
869 2581 1070 2650 memspenrpie
1080 2580 1232 2633 uocabatur.

199 2661 238 2711 De
251 2661 343 2712 ceteris
354 2659 495 2712 tacendum
507 2675 586 2732 puto,
600 2660 684 2713 donee
694 2679 725 2716 es
737 2661 828 2718 codice
840 2661 929 2734 aliquo
942 2675 988 2714 eut
999 2661 1070 2714 felici
1081 2664 1233 2731 conjecture

200 2737 323 2811 liquidius
335 2739 435 2812 aliquid
448 2741 582 2813 effulgent.

238 2892 280 2960 46.
288 2891 468 2964 SoliZeplsym
474 2895 587 2964 sitcopia
594 2895 658 2947 coeli.
667 2897 705 2946 Ex
711 2895 787 2947 Ovid.
795 2898 884 2948 Amor.
892 2897 927 2962 11,
939 2892 1045 2960 tt,v.it
1054 2892 1147 2962 seipse
1154 2907 1236 2958 roges

202 2972 313 3046 Zephyri
327 2977 431 3026 veniant
444 2975 472 3024 in
485 2973 565 3026 lintea
578 2974 664 3038 solip
682 2977 718 3026 ite
730 2977 877 3027 Puteeneus
892 2989 918 3026 et
931 2985 1043 3045 quatuor
1054 2969 1096 3022 elii
1110 2967 1236 3037 codices,

203 3075 257 3107 non
267 3055 355 3125 pleni;
369 3053 441 3127 quod
452 3053 513 3107 licet
523 3055 638 3126 probum
649 3059 697 3122 eit,
709 3055 819 3110 Statium
829 3069 917 3111 temen
928 3055 1021 3126 legisse
1031 3051 1079 3106 suli
1088 3049 1130 3102 vel
1141 3069 1173 3102 ex
1183 3048 1237 3104 bec

203 3136 348 3188 inritatione
361 3147 443 3205 petet.

238 3281 280 3338 5².
303 3283 425 3352 Quamvis
434 3294 519 3335 mouet
529 3284 622 3336 ominis
635 3284 732 3336 borror.
744 3284 892 3338 Gronovius
903 3301 953 3354 pro
966 3294 1051 3336 mouet
1061 3281 1125 3354 legit
1135 3291 1239 3344 monet,-

201 3357 249 3414 sed
264 3361 389 3429 quonism
402 3379 506 3414 monere
520 3375 546 3413 et
559 3363 672 3415 montem
684 3365 791 3434 proprie
807 3377 869 3415 sunt
884 3361 966 3417 verbe
980 3361 1013 3414 de
1027 3362 1160 3432 ungariis,
1177 3377 1240 3412 ore-

202 3437 281 3505 oulis,
294 3437 434 3510 prodigiis,
445 3441 583 3506 ominibus,
594 3443 714 3502 somniis;
726 3459 820 3513 perum
830 3456 952 3495 accurate
961 3453 1172 3512 argumentatum
1184 3453 1242 3491 tem

203 3519 272 3568 enim
284 3536 418 3572 movemur
428 3521 559 3572 ominibus
574 3539 652 3592 quem
663 3540 814 3584 mouentum
830 3536 856 3575 et
867 3521 919 3574 hoo
931 3522 991 3575 locu
1003 3521 1107 3574 nullum
1119 3537 1189 3591 opus
1201 3532 1244 3570 est

203 3595 307 3646 monitu
314 3618 323 3658 ,-
335 3607 421 3650 movet
428 3596 497 3649 idem
507 3611 547 3650 est
558 3599 630 3671 quod
642 3602 740 3671 turbat,
752 3613 842 3668 terret,
854 3602 962 3656 anxium
974 3600 1064 3654 reddit.
1076 3599 1146 3670 Lege
1158 3595 1243 3650 modo

202 3672 258 3726 bus
272 3693 302 3727 ex
315 3672 442 3730 Thebaid.
458 3679 496 3744 11,
512 3678 577 3734 263:
593 3694 724 3736 “cunctos
738 3694 826 3736 temen
840 3682 927 3732 omine
941 3699 1029 3734 rerum
1041 3680 1106 3731 Dira
1119 3688 1243 3740 movent,

204 3755 333 3826 seriisque
344 3767 443 3806 metum
457 3757 623 3812 sermonibus
637 3774 770 3832 eugenni
786 3761 830 3814 stt.
841 3760 898 3812 ital.
911 3763 963 3826 tx,
979 3761 1030 3813 258
1046 3781 1052 3810 :
1074 3771 1152 3810 utum
1167 3755 1244 3806 triste

205 3831 328 3887 movebat
340 3837 485 3906 Augurium
494 3860 523 3902 μ
536 3838 626 3910 virgil.
643 3841 695 3906 IX,
709 3841 774 3912 471:
792 3839 890 3897 «simul
904 3859 952 3892 ore
965 3841 1051 3892 virum
1064 3833 1168 3908 prefixa
1183 3851 1246 3884 mo·

205 3913 319 3982 rebant,
334 3916 405 3970 Nota
420 3919 495 3970 nimis
510 3921 610 3972 miseris
620 3940 649 3983 μ
667 3920 744 3974 ond.
757 3923 820 3976 bist.
833 3923 859 3988 1,
871 3939 896 3972 v.
910 3918 958 3974 55:
974 3917 1124 3972 -ttnnenes
1135 3925 1246 3968 motura

207 3998 322 4052 tunium
335 4009 451 4064 mentem
461 4025 473 4048 ι
489 4000 595 4055 Heroid.
611 4003 663 4069 tit,
678 4002 731 4070 39:
