<?xml version="1.0" encoding="UTF-8"?>
<!DOCTYPE html PUBLIC "-//W3C//DTD XHTML 1.0 Transitional//EN"
    "http://www.w3.org/TR/xhtml1/DTD/xhtml1-transitional.dtd">
<html xmlns="http://www.w3.org/1999/xhtml" xml:lang="en" lang="en">
 <head>
  <title>
</title>
<meta http-equiv="Content-Type" content="text/html;charset=utf-8" />
  <meta name='ocr-system' content='tesseract 3.04.00' />
  <meta name='ocr-capabilities' content='ocr_page ocr_carea ocr_par ocr_line ocrx_word'/>
</head>
<body>
  <div class='ocr_page' id='page_1' title='image "./quexstantomniao03lemagoog_0588.png"; bbox 0 0 2844 4484; ppageno 0'>
   <div class='ocr_carea' id='block_1_1' title="bbox 189 317 1038 391">
    <p class='ocr_par' dir='ltr' id='par_1_1' title="bbox 189 317 1038 391">
     <span class='ocr_line' id='line_1_1' title="bbox 189 317 1038 391; baseline -0.007 -1"><span class='ocrx_word' id='word_1_1' title='bbox 189 323 254 391; x_wconf 83' lang='lat'><strong>556</strong></span> <span class='ocrx_word' id='word_1_2' title='bbox 378 320 515 385; x_wconf 83' lang='lat' dir='ltr'>NOTAE</span> <span class='ocrx_word' id='word_1_3' title='bbox 539 319 586 381; x_wconf 77' lang='grc' dir='ltr'><strong>ΙΝ</strong></span> <span class='ocrx_word' id='word_1_4' title='bbox 612 317 813 382; x_wconf 82' lang='lat' dir='ltr'>CARMEN</span> <span class='ocrx_word' id='word_1_5' title='bbox 837 319 1038 384; x_wconf 89' lang='lat' dir='ltr'>PRIMUM</span> 
     </span>
    </p>
   </div>
   <div class='ocr_carea' id='block_1_2' title="bbox 185 443 1234 837">
    <p class='ocr_par' dir='ltr' id='par_1_2' title="bbox 185 443 1234 837">
     <span class='ocr_line' id='line_1_2' title="bbox 186 443 1231 524; baseline 0.004 -22"><span class='ocrx_word' id='word_1_6' title='bbox 186 468 276 503; x_wconf 85' lang='lat' dir='ltr'><strong>comos</strong></span> <span class='ocrx_word' id='word_1_7' title='bbox 283 449 364 500; x_wconf 85' lang='lat' dir='ltr'><strong>vincti</strong></span> <span class='ocrx_word' id='word_1_8' title='bbox 371 457 488 511; x_wconf 85' lang='lat' dir='ltr'><strong>certant,</strong></span> <span class='ocrx_word' id='word_1_9' title='bbox 498 458 524 496; x_wconf 90' lang='lat' dir='ltr'><strong>et</strong></span> <span class='ocrx_word' id='word_1_10' title='bbox 534 445 650 496; x_wconf 86' lang='lat' dir='ltr'><strong>carmina</strong></span> <span class='ocrx_word' id='word_1_11' title='bbox 657 443 767 497; x_wconf 86' lang='lat' dir='ltr'><strong>dictant.</strong></span> <span class='ocrx_word' id='word_1_12' title='bbox 779 468 789 492; x_wconf 78' lang='grc' dir='ltr'>ι</span> <span class='ocrx_word' id='word_1_13' title='bbox 800 445 929 497; x_wconf 84' lang='lat' dir='ltr'><strong>Jamvero</strong></span> <span class='ocrx_word' id='word_1_14' title='bbox 936 443 1050 499; x_wconf 87' lang='lat' dir='ltr'><strong>ridicula</strong></span> <span class='ocrx_word' id='word_1_15' title='bbox 1059 451 1122 502; x_wconf 86' lang='lat' dir='ltr'><strong>satia</strong></span> <span class='ocrx_word' id='word_1_16' title='bbox 1130 451 1231 524; x_wconf 72' lang='lat' dir='ltr'><strong>imago,</strong></span> 
     </span>
     <span class='ocr_line' id='line_1_3' title="bbox 186 523 1233 601; baseline 0.005 -20"><span class='ocrx_word' id='word_1_17' title='bbox 186 532 263 585; x_wconf 76' lang='lat' dir='ltr'><strong>seueri</strong></span> <span class='ocrx_word' id='word_1_18' title='bbox 277 542 366 601; x_wconf 83' lang='lat' dir='ltr'><strong>patres</strong></span> <span class='ocrx_word' id='word_1_19' title='bbox 382 536 507 579; x_wconf 76' lang='lat' dir='ltr'><strong><em>certantes</em></strong></span> <span class='ocrx_word' id='word_1_20' title='bbox 517 527 545 576; x_wconf 89' lang='lat' dir='ltr'><strong>in</strong></span> <span class='ocrx_word' id='word_1_21' title='bbox 560 544 589 577; x_wconf 89' lang='lat' dir='ltr'><strong>re</strong></span> <span class='ocrx_word' id='word_1_22' title='bbox 602 538 656 578; x_wconf 86' lang='lat' dir='ltr'><strong>tam</strong></span> <span class='ocrx_word' id='word_1_23' title='bbox 674 523 724 578; x_wconf 84' lang='lat' dir='ltr'><strong>levi</strong></span> <span class='ocrx_word' id='word_1_24' title='bbox 736 539 763 576; x_wconf 88' lang='lat' dir='ltr'><strong>et</strong></span> <span class='ocrx_word' id='word_1_25' title='bbox 775 524 886 578; x_wconf 88' lang='lat' dir='ltr'><strong>ludicra.</strong></span> <span class='ocrx_word' id='word_1_26' title='bbox 899 525 1043 598; x_wconf 80' lang='lat' dir='ltr'><strong>Apuleius,</strong></span> <span class='ocrx_word' id='word_1_27' title='bbox 1055 528 1183 596; x_wconf 64' lang='lat' dir='ltr'><strong>floridis,</strong></span> <span class='ocrx_word' id='word_1_28' title='bbox 1201 533 1233 586; x_wconf 88' lang='lat' dir='ltr'><strong>de</strong></span> 
     </span>
     <span class='ocr_line' id='line_1_4' title="bbox 185 603 1234 680; baseline -0.001 -16"><span class='ocrx_word' id='word_1_29' title='bbox 185 609 338 664; x_wconf 80' lang='lat' dir='ltr'><strong>Philemone</strong></span> <span class='ocrx_word' id='word_1_30' title='bbox 352 619 447 680; x_wconf 84' lang='lat' dir='ltr'><strong>poeta:</strong></span> <span class='ocrx_word' id='word_1_31' title='bbox 464 605 589 657; x_wconf 66' lang='lat' dir='ltr'><strong>stabulas</strong></span> <span class='ocrx_word' id='word_1_32' title='bbox 605 623 665 656; x_wconf 89' lang='lat' dir='ltr'><strong>eum</strong></span> <span class='ocrx_word' id='word_1_33' title='bbox 679 603 826 656; x_wconf 81' lang='lat' dir='ltr'><strong>Menandro</strong></span> <span class='ocrx_word' id='word_1_34' title='bbox 841 606 869 657; x_wconf 90' lang='lat' dir='ltr'><strong>in</strong></span> <span class='ocrx_word' id='word_1_35' title='bbox 881 623 960 658; x_wconf 84' lang='lat' dir='ltr'><strong>scena</strong></span> <span class='ocrx_word' id='word_1_36' title='bbox 974 605 1096 673; x_wconf 81' lang='lat' dir='ltr'><strong>dictavit,</strong></span> <span class='ocrx_word' id='word_1_37' title='bbox 1111 614 1234 663; x_wconf 84' lang='lat' dir='ltr'><strong>certarit·</strong></span> 
     </span>
     <span class='ocr_line' id='line_1_5' title="bbox 187 682 1233 761; baseline -0.002 -19"><span class='ocrx_word' id='word_1_38' title='bbox 187 708 239 761; x_wconf 87' lang='lat' dir='ltr'><strong>que</strong></span> <span class='ocrx_word' id='word_1_39' title='bbox 249 707 309 740; x_wconf 87' lang='lat' dir='ltr'><strong>oum</strong></span> <span class='ocrx_word' id='word_1_40' title='bbox 320 705 360 739; x_wconf 90' lang='lat' dir='ltr'><strong>eo.</strong></span> <span class='ocrx_word' id='word_1_41' title='bbox 372 710 383 734; x_wconf 76' lang='grc' dir='ltr'>ι</span> <span class='ocrx_word' id='word_1_42' title='bbox 398 686 490 738; x_wconf 80' lang='lat' dir='ltr'><strong>Literae</strong></span> <span class='ocrx_word' id='word_1_43' title='bbox 499 695 524 736; x_wconf 88' lang='lat' dir='ltr'><strong>rt</strong></span> <span class='ocrx_word' id='word_1_44' title='bbox 534 683 691 735; x_wconf 86' lang='lat' dir='ltr'><strong>coaluerunt</strong></span> <span class='ocrx_word' id='word_1_45' title='bbox 700 683 728 735; x_wconf 91' lang='lat' dir='ltr'><strong>iu</strong></span> <span class='ocrx_word' id='word_1_46' title='bbox 737 703 755 735; x_wconf 87' lang='lat' dir='ltr'><strong>n</strong></span> <span class='ocrx_word' id='word_1_47' title='bbox 764 682 817 738; x_wconf 90' lang='lat' dir='ltr'><strong>hoo</strong></span> <span class='ocrx_word' id='word_1_48' title='bbox 826 683 903 736; x_wconf 84' lang='lat' dir='ltr'><strong>loco:</strong></span> <span class='ocrx_word' id='word_1_49' title='bbox 916 697 1009 736; x_wconf 89' lang='lat' dir='ltr'><strong>contra</strong></span> <span class='ocrx_word' id='word_1_50' title='bbox 1018 685 1123 740; x_wconf 79' lang='lat' dir='ltr'><strong>ridetur</strong></span> <span class='ocrx_word' id='word_1_51' title='bbox 1132 688 1233 741; x_wconf 82' lang='lat' dir='ltr'><strong>laetum</strong></span> 
     </span>
     <span class='ocr_line' id='line_1_6' title="bbox 187 761 1061 837; baseline -0.006 -18"><span class='ocrx_word' id='word_1_52' title='bbox 187 767 239 820; x_wconf 87' lang='lat' dir='ltr'><strong>alio</strong></span> <span class='ocrx_word' id='word_1_53' title='bbox 253 764 370 837; x_wconf 84' lang='lat' dir='ltr'><strong>ejusdem</strong></span> <span class='ocrx_word' id='word_1_54' title='bbox 384 777 472 836; x_wconf 86' lang='lat' dir='ltr'><strong>poetae</strong></span> <span class='ocrx_word' id='word_1_55' title='bbox 484 781 565 814; x_wconf 90' lang='lat' dir='ltr'><strong>carm.</strong></span> <span class='ocrx_word' id='word_1_56' title='bbox 579 765 607 829; x_wconf 83' lang='grc' dir='ltr'><strong>Ι,</strong></span> <span class='ocrx_word' id='word_1_57' title='bbox 622 761 653 814; x_wconf 84' lang='grc'><strong>15</strong></span> <span class='ocrx_word' id='word_1_58' title='bbox 661 801 670 831; x_wconf 87' lang='lat'><strong>,</strong></span> <span class='ocrx_word' id='word_1_59' title='bbox 682 762 731 830; x_wconf 84' lang='lat'><strong>35,</strong></span> <span class='ocrx_word' id='word_1_60' title='bbox 743 765 771 814; x_wconf 91' lang='lat' dir='ltr'><strong>in</strong></span> <span class='ocrx_word' id='word_1_61' title='bbox 784 764 908 816; x_wconf 79' lang='lat' dir='ltr'><strong>vaticinio</strong></span> <span class='ocrx_word' id='word_1_62' title='bbox 920 765 1015 818; x_wconf 83' lang='lat' dir='ltr'><strong>Nerei:</strong></span> <span class='ocrx_word' id='word_1_63' title='bbox 1057 811 1061 814; x_wconf 90' lang='lat'>.</span> 
     </span>
    </p>
   </div>
   <div class='ocr_carea' id='block_1_3' title="bbox 402 866 823 1002">
    <p class='ocr_par' dir='ltr' id='par_1_3' title="bbox 402 866 823 1002">
     <span class='ocr_line' id='line_1_7' title="bbox 402 866 823 917; baseline -0.002 -1"><span class='ocrx_word' id='word_1_64' title='bbox 402 871 457 917; x_wconf 85' lang='lat' dir='ltr'><strong>Post</strong></span> <span class='ocrx_word' id='word_1_65' title='bbox 467 880 542 916; x_wconf 85' lang='lat' dir='ltr'><strong>certas</strong></span> <span class='ocrx_word' id='word_1_66' title='bbox 550 866 639 914; x_wconf 84' lang='lat' dir='ltr'><strong>hiemet</strong></span> <span class='ocrx_word' id='word_1_67' title='bbox 648 879 701 914; x_wconf 85' lang='lat' dir='ltr'><strong>uret</strong></span> <span class='ocrx_word' id='word_1_68' title='bbox 710 866 823 915; x_wconf 80' lang='lat' dir='ltr'><strong>Achaicus</strong></span> 
     </span>
     <span class='ocr_line' id='line_1_8' title="bbox 465 938 720 1002; baseline 0 -16"><span class='ocrx_word' id='word_1_69' title='bbox 465 941 526 1002; x_wconf 75' lang='lat' dir='ltr'><strong>iguis</strong></span> <span class='ocrx_word' id='word_1_70' title='bbox 535 938 614 986; x_wconf 82' lang='lat' dir='ltr'><strong>lliacas</strong></span> <span class='ocrx_word' id='word_1_71' title='bbox 624 939 720 986; x_wconf 80' lang='lat' dir='ltr'><strong>domos:</strong></span> 
     </span>
    </p>
   </div>
   <div class='ocr_carea' id='block_1_4' title="bbox 188 1035 1236 1425">
    <p class='ocr_par' dir='ltr' id='par_1_4' title="bbox 188 1035 1236 1425">
     <span class='ocr_line' id='line_1_9' title="bbox 189 1035 1235 1110; baseline 0 -18"><span class='ocrx_word' id='word_1_72' title='bbox 189 1039 303 1094; x_wconf 78' lang='lat' dir='ltr'><strong>obscure</strong></span> <span class='ocrx_word' id='word_1_73' title='bbox 317 1037 458 1092; x_wconf 79' lang='lat' dir='ltr'><strong>admodum</strong></span> <span class='ocrx_word' id='word_1_74' title='bbox 473 1052 500 1090; x_wconf 90' lang='lat' dir='ltr'><strong>et</strong></span> <span class='ocrx_word' id='word_1_75' title='bbox 516 1040 617 1090; x_wconf 86' lang='lat' dir='ltr'><strong>incerte</strong></span> <span class='ocrx_word' id='word_1_76' title='bbox 631 1035 675 1089; x_wconf 89' lang='lat' dir='ltr'><strong>hio</strong></span> <span class='ocrx_word' id='word_1_77' title='bbox 690 1038 744 1108; x_wconf 77' lang='lat' dir='ltr'><strong>agit</strong></span> <span class='ocrx_word' id='word_1_78' title='bbox 757 1037 878 1105; x_wconf 83' lang='lat' dir='ltr'><strong>Nereus,</strong></span> <span class='ocrx_word' id='word_1_79' title='bbox 890 1047 950 1110; x_wconf 82' lang='lat' dir='ltr'><strong>post</strong></span> <span class='ocrx_word' id='word_1_80' title='bbox 961 1049 1045 1089; x_wconf 84' lang='lat' dir='ltr'><strong>certas</strong></span> <span class='ocrx_word' id='word_1_81' title='bbox 1064 1037 1173 1100; x_wconf 71' lang='lat' dir='ltr'><strong>hiemes,-</strong></span> <span class='ocrx_word' id='word_1_82' title='bbox 1187 1057 1235 1092; x_wconf 88' lang='lat' dir='ltr'><strong>cur</strong></span> 
     </span>
     <span class='ocr_line' id='line_1_10' title="bbox 188 1114 1233 1191; baseline 0 -19"><span class='ocrx_word' id='word_1_83' title='bbox 188 1139 244 1172; x_wconf 89' lang='lat' dir='ltr'><strong>nou</strong></span> <span class='ocrx_word' id='word_1_84' title='bbox 261 1119 326 1170; x_wconf 87' lang='lat' dir='ltr'><strong>dicit</strong></span> <span class='ocrx_word' id='word_1_85' title='bbox 342 1131 406 1191; x_wconf 89' lang='lat' dir='ltr'><strong>quot</strong></span> <span class='ocrx_word' id='word_1_86' title='bbox 423 1117 538 1183; x_wconf 87' lang='lat' dir='ltr'><strong>hiemes,</strong></span> <span class='ocrx_word' id='word_1_87' title='bbox 558 1114 651 1168; x_wconf 88' lang='lat' dir='ltr'><strong>eodem</strong></span> <span class='ocrx_word' id='word_1_88' title='bbox 669 1116 825 1190; x_wconf 75' lang='lat' dir='ltr'><strong>modoque</strong></span> <span class='ocrx_word' id='word_1_89' title='bbox 844 1137 926 1189; x_wconf 85' lang='lat' dir='ltr'><strong>supra</strong></span> <span class='ocrx_word' id='word_1_90' title='bbox 943 1119 1090 1170; x_wconf 83' lang='lat' dir='ltr'><strong>nominarit</strong></span> <span class='ocrx_word' id='word_1_91' title='bbox 1107 1120 1233 1187; x_wconf 83' lang='lat' dir='ltr'><strong>Nestora,</strong></span> 
     </span>
     <span class='ocr_line' id='line_1_11' title="bbox 189 1194 1236 1266; baseline -0.002 -14"><span class='ocrx_word' id='word_1_92' title='bbox 189 1199 329 1264; x_wconf 77' lang='lat' dir='ltr'><strong>Teucrum,</strong></span> <span class='ocrx_word' id='word_1_93' title='bbox 342 1197 510 1263; x_wconf 74' lang='lat' dir='ltr'><strong>Sthenelum,</strong></span> <span class='ocrx_word' id='word_1_94' title='bbox 524 1210 548 1248; x_wconf 91' lang='lat' dir='ltr'><strong>et</strong></span> <span class='ocrx_word' id='word_1_95' title='bbox 563 1208 679 1260; x_wconf 86' lang='lat' dir='ltr'><strong>eeteros,</strong></span> <span class='ocrx_word' id='word_1_96' title='bbox 692 1213 747 1247; x_wconf 90' lang='lat' dir='ltr'><strong>non</strong></span> <span class='ocrx_word' id='word_1_97' title='bbox 759 1195 929 1266; x_wconf 73' lang='lat' dir='ltr'><strong>ambagibus,</strong></span> <span class='ocrx_word' id='word_1_98' title='bbox 944 1194 989 1248; x_wconf 87' lang='lat' dir='ltr'><strong>sed</strong></span> <span class='ocrx_word' id='word_1_99' title='bbox 1003 1195 1087 1262; x_wconf 87' lang='lat' dir='ltr'><strong>clare,</strong></span> <span class='ocrx_word' id='word_1_100' title='bbox 1100 1209 1127 1248; x_wconf 86' lang='lat' dir='ltr'><strong>et</strong></span> <span class='ocrx_word' id='word_1_101' title='bbox 1137 1211 1168 1249; x_wconf 89' lang='lat' dir='ltr'><strong>ut</strong></span> <span class='ocrx_word' id='word_1_102' title='bbox 1179 1197 1236 1250; x_wconf 84' lang='lat' dir='ltr'><strong>falli</strong></span> 
     </span>
     <span class='ocr_line' id='line_1_12' title="bbox 189 1273 1235 1347; baseline 0.001 -19"><span class='ocrx_word' id='word_1_103' title='bbox 189 1294 243 1328; x_wconf 88' lang='lat' dir='ltr'><strong>non</strong></span> <span class='ocrx_word' id='word_1_104' title='bbox 258 1290 350 1347; x_wconf 84' lang='lat' dir='ltr'><strong>posset</strong></span> <span class='ocrx_word' id='word_1_105' title='bbox 364 1277 452 1328; x_wconf 77' lang='lat' dir='ltr'><strong>Paris?</strong></span> <span class='ocrx_word' id='word_1_106' title='bbox 470 1286 543 1328; x_wconf 76' lang='lat' dir='ltr'><strong>cettoe</strong></span> <span class='ocrx_word' id='word_1_107' title='bbox 554 1293 617 1327; x_wconf 83' lang='lat' dir='ltr'><strong>vero</strong></span> <span class='ocrx_word' id='word_1_108' title='bbox 634 1273 729 1329; x_wconf 86' lang='lat' dir='ltr'><strong>hiemes</strong></span> <span class='ocrx_word' id='word_1_109' title='bbox 744 1289 857 1346; x_wconf 83' lang='lat' dir='ltr'><strong>possunt</strong></span> <span class='ocrx_word' id='word_1_110' title='bbox 871 1293 926 1328; x_wconf 82' lang='lat' dir='ltr'><strong>esse</strong></span> <span class='ocrx_word' id='word_1_111' title='bbox 943 1281 1045 1328; x_wconf 85' lang='lat' dir='ltr'><strong>centum</strong></span> <span class='ocrx_word' id='word_1_112' title='bbox 1060 1276 1104 1328; x_wconf 88' lang='lat' dir='ltr'><strong>vel</strong></span> <span class='ocrx_word' id='word_1_113' title='bbox 1117 1276 1235 1330; x_wconf 74' lang='lat' dir='ltr'><strong>ducente</strong></span> 
     </span>
     <span class='ocr_line' id='line_1_13' title="bbox 189 1354 580 1425; baseline -0.003 -18"><span class='ocrx_word' id='word_1_114' title='bbox 189 1354 295 1408; x_wconf 85' lang='lat' dir='ltr'><strong>hiemes.</strong></span> <span class='ocrx_word' id='word_1_115' title='bbox 310 1356 401 1408; x_wconf 84' lang='lat' dir='ltr'><strong>Fallor</strong></span> <span class='ocrx_word' id='word_1_116' title='bbox 414 1375 448 1408; x_wconf 90' lang='lat' dir='ltr'><strong>an</strong></span> <span class='ocrx_word' id='word_1_117' title='bbox 461 1356 580 1425; x_wconf 81' lang='lat' dir='ltr'><strong>scripsit:</strong></span> 
     </span>
    </p>
   </div>
   <div class='ocr_carea' id='block_1_5' title="bbox 406 1439 823 1596">
    <p class='ocr_par' dir='ltr' id='par_1_5' title="bbox 406 1439 823 1596">
     <span class='ocr_line' id='line_1_14' title="bbox 406 1439 823 1508; baseline 0 0"><span class='ocrx_word' id='word_1_118' title='bbox 406 1462 461 1508; x_wconf 83' lang='lat' dir='ltr'><strong>Post</strong></span> <span class='ocrx_word' id='word_1_119' title='bbox 470 1461 540 1507; x_wconf 83' lang='lat' dir='ltr'><strong>denas</strong></span> <span class='ocrx_word' id='word_1_120' title='bbox 548 1459 638 1507; x_wconf 84' lang='lat' dir='ltr'><strong>hiemes</strong></span> <span class='ocrx_word' id='word_1_121' title='bbox 648 1472 701 1506; x_wconf 86' lang='lat' dir='ltr'><strong>uret</strong></span> <span class='ocrx_word' id='word_1_122' title='bbox 710 1439 823 1508; x_wconf 79' lang='lat' dir='ltr'><strong>Achaicus</strong></span> 
     </span>
     <span class='ocr_line' id='line_1_15' title="bbox 467 1532 725 1596; baseline -0.016 -16"><span class='ocrx_word' id='word_1_123' title='bbox 467 1533 530 1596; x_wconf 80' lang='lat' dir='ltr'><strong>lqnis</strong></span> <span class='ocrx_word' id='word_1_124' title='bbox 540 1532 620 1579; x_wconf 79' lang='lat' dir='ltr'><strong>uncas</strong></span> <span class='ocrx_word' id='word_1_125' title='bbox 629 1534 725 1580; x_wconf 84' lang='lat' dir='ltr'><strong>domos:</strong></span> 
     </span>
    </p>
   </div>
   <div class='ocr_carea' id='block_1_6' title="bbox 191 1630 1235 1846">
    <p class='ocr_par' dir='ltr' id='par_1_6' title="bbox 191 1630 1235 1846">
     <span class='ocr_line' id='line_1_16' title="bbox 191 1630 1235 1703; baseline 0.004 -21"><span class='ocrx_word' id='word_1_126' title='bbox 191 1630 220 1683; x_wconf 92' lang='lat' dir='ltr'><strong>id</strong></span> <span class='ocrx_word' id='word_1_127' title='bbox 236 1646 287 1698; x_wconf 84' lang='lat' dir='ltr'><strong>est,</strong></span> <span class='ocrx_word' id='word_1_128' title='bbox 307 1633 392 1684; x_wconf 77' lang='lat' dir='ltr'><strong>decem</strong></span> <span class='ocrx_word' id='word_1_129' title='bbox 410 1631 516 1699; x_wconf 77' lang='lat' dir='ltr'><strong>hiemes,</strong></span> <span class='ocrx_word' id='word_1_130' title='bbox 533 1644 562 1684; x_wconf 89' lang='lat' dir='ltr'><strong>ut</strong></span> <span class='ocrx_word' id='word_1_131' title='bbox 578 1635 667 1703; x_wconf 84' lang='lat' dir='ltr'><strong>pueris</strong></span> <span class='ocrx_word' id='word_1_132' title='bbox 683 1646 786 1684; x_wconf 89' lang='lat' dir='ltr'><strong>notum.</strong></span> <span class='ocrx_word' id='word_1_133' title='bbox 801 1633 931 1684; x_wconf 76' lang='lat' dir='ltr'><strong>Nimirum</strong></span> <span class='ocrx_word' id='word_1_134' title='bbox 948 1631 1148 1703; x_wconf 84' lang='lat' dir='ltr'><strong>dispescebrtur</strong></span> <span class='ocrx_word' id='word_1_135' title='bbox 1160 1633 1235 1686; x_wconf 81' lang='lat' dir='ltr'><strong>litera</strong></span> 
     </span>
     <span class='ocr_line' id='line_1_17' title="bbox 191 1711 1235 1842; baseline 0 -80"><span class='ocrx_word' id='word_1_136' title='bbox 191 1731 210 1842; x_wconf 57' lang='grc' dir='ltr'><strong>Ξ</strong></span> <span class='ocrx_word' id='word_1_137' title='bbox 223 1714 251 1764; x_wconf 90' lang='lat' dir='ltr'><strong>iu</strong></span> <span class='ocrx_word' id='word_1_138' title='bbox 263 1725 301 1778; x_wconf 85' lang='lat' dir='ltr'><strong>rt,</strong></span> <span class='ocrx_word' id='word_1_139' title='bbox 317 1725 346 1763; x_wconf 86' lang='lat' dir='ltr'><strong>ut</strong></span> <span class='ocrx_word' id='word_1_140' title='bbox 360 1731 410 1784; x_wconf 89' lang='lat' dir='ltr'><strong>pro</strong></span> <span class='ocrx_word' id='word_1_141' title='bbox 422 1713 500 1766; x_wconf 84' lang='lat' dir='ltr'><strong>denus</strong></span> <span class='ocrx_word' id='word_1_142' title='bbox 515 1712 590 1764; x_wconf 83' lang='lat' dir='ltr'><strong>lieret</strong></span> <span class='ocrx_word' id='word_1_143' title='bbox 602 1713 699 1772; x_wconf 71' lang='lat' dir='ltr'><strong>denras</strong></span> <span class='ocrx_word' id='word_1_144' title='bbox 714 1711 785 1765; x_wconf 88' lang='lat' dir='ltr'><strong>unde</strong></span> <span class='ocrx_word' id='word_1_145' title='bbox 798 1713 882 1784; x_wconf 84' lang='lat' dir='ltr'><strong>quivis</strong></span> <span class='ocrx_word' id='word_1_146' title='bbox 896 1715 997 1764; x_wconf 83' lang='lat' dir='ltr'><strong>faceret</strong></span> <span class='ocrx_word' id='word_1_147' title='bbox 1010 1713 1183 1777; x_wconf 83' lang='lat' dir='ltr'><strong>certcs,&#39;sono</strong></span> <span class='ocrx_word' id='word_1_148' title='bbox 1195 1711 1235 1762; x_wconf 90' lang='lat' dir='ltr'><strong>iu·</strong></span> 
     </span>
     <span class='ocr_line' id='line_1_18' title="bbox 212 1806 316 1846; baseline -0.01 -2"><span class='ocrx_word' id='word_1_149' title='bbox 212 1806 316 1846; x_wconf 89' lang='lat' dir='ltr'><strong>ucente.</strong></span> 
     </span>
    </p>
   </div>
   <div class='ocr_carea' id='block_1_7' title="bbox 158 1951 1236 2578">
    <p class='ocr_par' dir='ltr' id='par_1_7' title="bbox 158 1951 1236 2578">
     <span class='ocr_line' id='line_1_19' title="bbox 158 1951 1234 2024; baseline -0.001 -21"><span class='ocrx_word' id='word_1_150' title='bbox 158 1979 166 1992; x_wconf 88' lang='lat'><strong>·</strong></span> <span class='ocrx_word' id='word_1_151' title='bbox 231 1953 288 2020; x_wconf 71' lang='lat'><strong>¹¹4·</strong></span> <span class='ocrx_word' id='word_1_152' title='bbox 310 1951 393 2022; x_wconf 83' lang='lat' dir='ltr'><strong>Quem</strong></span> <span class='ocrx_word' id='word_1_153' title='bbox 407 1962 484 2024; x_wconf 82' lang='lat' dir='ltr'><strong>poter</strong></span> <span class='ocrx_word' id='word_1_154' title='bbox 497 1955 589 2006; x_wconf 80' lang='lat' dir='ltr'><strong>arcani</strong></span> <span class='ocrx_word' id='word_1_155' title='bbox 602 1952 721 2024; x_wconf 67' lang='lat' dir='ltr'><strong>praefecit</strong></span> <span class='ocrx_word' id='word_1_156' title='bbox 733 1951 841 2004; x_wconf 75' lang='lat' dir='ltr'><strong>hiatibus</strong></span> <span class='ocrx_word' id='word_1_157' title='bbox 851 1951 930 2004; x_wconf 83' lang='lat' dir='ltr'><strong>nutri.</strong></span> <span class='ocrx_word' id='word_1_158' title='bbox 942 1953 1041 2005; x_wconf 79' lang='lat' dir='ltr'><strong>Narrat</strong></span> <span class='ocrx_word' id='word_1_159' title='bbox 1055 1964 1138 2022; x_wconf 85' lang='lat' dir='ltr'><strong>poeta</strong></span> <span class='ocrx_word' id='word_1_160' title='bbox 1149 1967 1234 2022; x_wconf 65' lang='lat' dir='ltr'><strong>quau</strong></span> 
     </span>
     <span class='ocr_line' id='line_1_20' title="bbox 194 2029 1235 2104; baseline 0.002 -24"><span class='ocrx_word' id='word_1_161' title='bbox 194 2042 248 2082; x_wconf 87' lang='lat' dir='ltr'><strong>tum</strong></span> <span class='ocrx_word' id='word_1_162' title='bbox 262 2029 389 2099; x_wconf 74' lang='lat' dir='ltr'><strong>gaudium</strong></span> <span class='ocrx_word' id='word_1_163' title='bbox 403 2035 555 2104; x_wconf 84' lang='lat' dir='ltr'><strong>conceperit</strong></span> <span class='ocrx_word' id='word_1_164' title='bbox 569 2031 686 2085; x_wconf 77' lang='lat' dir='ltr'><strong>Priscilla</strong></span> <span class='ocrx_word' id='word_1_165' title='bbox 699 2051 731 2084; x_wconf 84' lang='lat' dir='ltr'><strong>ex</strong></span> <span class='ocrx_word' id='word_1_166' title='bbox 745 2030 797 2084; x_wconf 89' lang='lat' dir='ltr'><strong>hoo</strong></span> <span class='ocrx_word' id='word_1_167' title='bbox 811 2033 899 2084; x_wconf 84' lang='lat' dir='ltr'><strong>mariti</strong></span> <span class='ocrx_word' id='word_1_168' title='bbox 912 2033 952 2084; x_wconf 86' lang='lat' dir='ltr'><strong>sni</strong></span> <span class='ocrx_word' id='word_1_169' title='bbox 963 2043 1105 2102; x_wconf 71' lang='lat' dir='ltr'><strong>proveetu3</strong></span> <span class='ocrx_word' id='word_1_170' title='bbox 1122 2045 1149 2082; x_wconf 87' lang='lat' dir='ltr'><strong>et</strong></span> <span class='ocrx_word' id='word_1_171' title='bbox 1163 2049 1235 2082; x_wconf 88' lang='lat' dir='ltr'><strong>com-</strong></span> 
     </span>
     <span class='ocr_line' id='line_1_21' title="bbox 192 2108 1235 2182; baseline 0.003 -24"><span class='ocrx_word' id='word_1_172' title='bbox 192 2121 269 2178; x_wconf 88' lang='lat' dir='ltr'><strong>parat</strong></span> <span class='ocrx_word' id='word_1_173' title='bbox 281 2125 339 2158; x_wconf 89' lang='lat' dir='ltr'><strong>eam</strong></span> <span class='ocrx_word' id='word_1_174' title='bbox 351 2108 474 2180; x_wconf 79' lang='lat' dir='ltr'><strong>prefecto</strong></span> <span class='ocrx_word' id='word_1_175' title='bbox 490 2109 592 2164; x_wconf 87' lang='lat' dir='ltr'><strong>oraculi</strong></span> <span class='ocrx_word' id='word_1_176' title='bbox 604 2108 745 2181; x_wconf 81' lang='lat' dir='ltr'><strong>Delpliioi;</strong></span> <span class='ocrx_word' id='word_1_177' title='bbox 761 2112 795 2160; x_wconf 84' lang='lat' dir='ltr'><strong>ita</strong></span> <span class='ocrx_word' id='word_1_178' title='bbox 809 2111 1023 2182; x_wconf 84' lang='lat' dir='ltr'><strong>interpretantur.</strong></span> <span class='ocrx_word' id='word_1_179' title='bbox 1036 2109 1087 2162; x_wconf 85' lang='lat' dir='ltr'><strong>Sed</strong></span> <span class='ocrx_word' id='word_1_180' title='bbox 1099 2122 1170 2162; x_wconf 85' lang='lat' dir='ltr'><strong>certe</strong></span> <span class='ocrx_word' id='word_1_181' title='bbox 1181 2127 1235 2161; x_wconf 85' lang='lat' dir='ltr'><strong>ma-</strong></span> 
     </span>
     <span class='ocr_line' id='line_1_22' title="bbox 192 2186 1236 2261; baseline 0.004 -25"><span class='ocrx_word' id='word_1_182' title='bbox 192 2187 232 2256; x_wconf 73' lang='lat' dir='ltr'><strong>gis</strong></span> <span class='ocrx_word' id='word_1_183' title='bbox 242 2189 392 2258; x_wconf 86' lang='lat' dir='ltr'><strong>appositum</strong></span> <span class='ocrx_word' id='word_1_184' title='bbox 403 2188 495 2240; x_wconf 74' lang='lat' dir='ltr'><strong>finisset</strong></span> <span class='ocrx_word' id='word_1_185' title='bbox 505 2208 660 2260; x_wconf 83' lang='lat' dir='ltr'><strong>comparare</strong></span> <span class='ocrx_word' id='word_1_186' title='bbox 669 2187 741 2240; x_wconf 86' lang='lat' dir='ltr'><strong>illam</strong></span> <span class='ocrx_word' id='word_1_187' title='bbox 748 2189 860 2261; x_wconf 78' lang='lat' dir='ltr'><strong>femine</strong></span> <span class='ocrx_word' id='word_1_188' title='bbox 871 2207 949 2260; x_wconf 89' lang='lat' dir='ltr'><strong>quam</strong></span> <span class='ocrx_word' id='word_1_189' title='bbox 960 2189 1029 2256; x_wconf 85' lang='lat' dir='ltr'><strong>vire,</strong></span> <span class='ocrx_word' id='word_1_190' title='bbox 1040 2203 1068 2240; x_wconf 87' lang='lat' dir='ltr'><strong>ut</strong></span> <span class='ocrx_word' id='word_1_191' title='bbox 1079 2190 1105 2240; x_wconf 87' lang='lat' dir='ltr'><strong>in</strong></span> <span class='ocrx_word' id='word_1_192' title='bbox 1116 2186 1236 2260; x_wconf 73' lang='lat' dir='ltr'><strong>exemplo</strong></span> 
     </span>
     <span class='ocr_line' id='line_1_23' title="bbox 194 2263 1236 2340; baseline 0.002 -25"><span class='ocrx_word' id='word_1_193' title='bbox 194 2263 380 2336; x_wconf 73' lang='lat' dir='ltr'><strong>subsequenti,</strong></span> <span class='ocrx_word' id='word_1_194' title='bbox 395 2280 462 2318; x_wconf 77' lang='lat' dir='ltr'><strong>aaut</strong></span> <span class='ocrx_word' id='word_1_195' title='bbox 474 2271 552 2337; x_wconf 90' lang='lat' dir='ltr'><strong>primi</strong></span> <span class='ocrx_word' id='word_1_196' title='bbox 565 2271 608 2320; x_wconf 88' lang='lat' dir='ltr'><strong>cui</strong></span> <span class='ocrx_word' id='word_1_197' title='bbox 622 2270 666 2337; x_wconf 85' lang='lat' dir='ltr'><strong>jus</strong></span> <span class='ocrx_word' id='word_1_198' title='bbox 678 2267 827 2320; x_wconf 84' lang='lat' dir='ltr'><strong>venerabile</strong></span> <span class='ocrx_word' id='word_1_199' title='bbox 838 2267 922 2340; x_wconf 76' lang='lat' dir='ltr'><strong>thyrsi</strong></span> <span class='ocrx_word' id='word_1_200' title='bbox 934 2266 1066 2334; x_wconf 83' lang='lat' dir='ltr'><strong>Bacchus,</strong></span> <span class='ocrx_word' id='word_1_201' title='bbox 1082 2281 1108 2319; x_wconf 86' lang='lat' dir='ltr'><strong>et</strong></span> <span class='ocrx_word' id='word_1_202' title='bbox 1119 2269 1236 2318; x_wconf 74' lang='lat' dir='ltr'><strong>attonita</strong></span> 
     </span>
     <span class='ocr_line' id='line_1_24' title="bbox 193 2343 1236 2419; baseline 0 -24"><span class='ocrx_word' id='word_1_203' title='bbox 193 2343 286 2397; x_wconf 89' lang='lat' dir='ltr'><strong>tribuit</strong></span> <span class='ocrx_word' id='word_1_204' title='bbox 301 2346 395 2398; x_wconf 83' lang='lat' dir='ltr'><strong>vexilla</strong></span> <span class='ocrx_word' id='word_1_205' title='bbox 411 2358 556 2411; x_wconf 62' lang='lat' dir='ltr'><strong>catervam„</strong></span> <span class='ocrx_word' id='word_1_206' title='bbox 576 2347 622 2400; x_wconf 88' lang='lat' dir='ltr'><strong>nbi</strong></span> <span class='ocrx_word' id='word_1_207' title='bbox 636 2347 756 2418; x_wconf 73' lang='lat' dir='ltr'><strong>intelligit</strong></span> <span class='ocrx_word' id='word_1_208' title='bbox 764 2348 913 2419; x_wconf 82' lang='lat' dir='ltr'><strong>feminam,</strong></span> <span class='ocrx_word' id='word_1_209' title='bbox 926 2345 1150 2409; x_wconf 72' lang='lat' dir='ltr'><strong>Archi-Munada,</strong></span> <span class='ocrx_word' id='word_1_210' title='bbox 1164 2347 1185 2396; x_wconf 87' lang='lat' dir='ltr'><strong>si</strong></span> <span class='ocrx_word' id='word_1_211' title='bbox 1199 2346 1236 2396; x_wconf 83' lang='lat' dir='ltr'><strong>ita</strong></span> 
     </span>
     <span class='ocr_line' id='line_1_25' title="bbox 194 2417 1236 2499; baseline 0.002 -27"><span class='ocrx_word' id='word_1_212' title='bbox 194 2417 268 2494; x_wconf 89' lang='lat' dir='ltr'><strong>loqui</strong></span> <span class='ocrx_word' id='word_1_213' title='bbox 280 2423 366 2475; x_wconf 89' lang='lat' dir='ltr'><strong>liceat.</strong></span> <span class='ocrx_word' id='word_1_214' title='bbox 380 2425 451 2494; x_wconf 77' lang='lat' dir='ltr'><strong>Lego</strong></span> <span class='ocrx_word' id='word_1_215' title='bbox 464 2425 551 2495; x_wconf 80' lang='lat' dir='ltr'><strong>igitur,</strong></span> <span class='ocrx_word' id='word_1_216' title='bbox 566 2427 649 2496; x_wconf 85' lang='lat' dir='ltr'><strong>Quam</strong></span> <span class='ocrx_word' id='word_1_217' title='bbox 660 2435 736 2499; x_wconf 87' lang='lat' dir='ltr'><strong>pater</strong></span> <span class='ocrx_word' id='word_1_218' title='bbox 745 2427 836 2478; x_wconf 82' lang='lat' dir='ltr'><strong>arcani</strong></span> <span class='ocrx_word' id='word_1_219' title='bbox 842 2449 852 2488; x_wconf 88' lang='lat'><strong>,·</strong></span> <span class='ocrx_word' id='word_1_220' title='bbox 864 2425 917 2478; x_wconf 91' lang='lat' dir='ltr'><strong>hoo</strong></span> <span class='ocrx_word' id='word_1_221' title='bbox 929 2445 991 2480; x_wconf 77' lang='lat' dir='ltr'><strong>vero</strong></span> <span class='ocrx_word' id='word_1_222' title='bbox 1006 2425 1118 2476; x_wconf 81' lang='lat' dir='ltr'><strong>officium</strong></span> <span class='ocrx_word' id='word_1_223' title='bbox 1130 2421 1236 2475; x_wconf 82' lang='lat' dir='ltr'><strong>mulieri</strong></span> 
     </span>
     <span class='ocr_line' id='line_1_26' title="bbox 194 2504 898 2578; baseline 0.004 -24"><span class='ocrx_word' id='word_1_224' title='bbox 194 2505 356 2574; x_wconf 76' lang='lat' dir='ltr'><strong>assignatum</strong></span> <span class='ocrx_word' id='word_1_225' title='bbox 366 2505 447 2556; x_wconf 81' lang='lat' dir='ltr'><strong>luisse</strong></span> <span class='ocrx_word' id='word_1_226' title='bbox 459 2505 549 2558; x_wconf 89' lang='lat' dir='ltr'><strong>multis</strong></span> <span class='ocrx_word' id='word_1_227' title='bbox 562 2504 688 2577; x_wconf 83' lang='lat' dir='ltr'><strong>exemplis</strong></span> <span class='ocrx_word' id='word_1_228' title='bbox 700 2504 790 2558; x_wconf 90' lang='lat' dir='ltr'><strong>doceri</strong></span> <span class='ocrx_word' id='word_1_229' title='bbox 801 2517 898 2578; x_wconf 83' lang='lat' dir='ltr'><strong>potest.</strong></span> 
     </span>
    </p>
   </div>
   <div class='ocr_carea' id='block_1_8' title="bbox 188 2664 1238 3059">
    <p class='ocr_par' dir='ltr' id='par_1_8' title="bbox 188 2664 1238 3059">
     <span class='ocr_line' id='line_1_27' title="bbox 234 2664 1235 2738; baseline -0.002 -23"><span class='ocrx_word' id='word_1_230' title='bbox 234 2679 290 2716; x_wconf 81' lang='lat' dir='ltr'><strong>tna.</strong></span> <span class='ocrx_word' id='word_1_231' title='bbox 309 2664 519 2738; x_wconf 77' lang='lat' dir='ltr'><strong>Exemplumque</strong></span> <span class='ocrx_word' id='word_1_232' title='bbox 534 2667 569 2717; x_wconf 86' lang='lat' dir='ltr'><strong>cd</strong></span> <span class='ocrx_word' id='word_1_233' title='bbox 586 2666 666 2718; x_wconf 84' lang='lat' dir='ltr'><strong>herile</strong></span> <span class='ocrx_word' id='word_1_234' title='bbox 681 2677 778 2718; x_wconf 87' lang='lat' dir='ltr'><strong>mouet.</strong></span> <span class='ocrx_word' id='word_1_235' title='bbox 795 2668 921 2718; x_wconf 86' lang='lat' dir='ltr'><strong>Hortatur</strong></span> <span class='ocrx_word' id='word_1_236' title='bbox 936 2665 1053 2718; x_wconf 84' lang='lat' dir='ltr'><strong>Priscilla</strong></span> <span class='ocrx_word' id='word_1_237' title='bbox 1071 2665 1193 2716; x_wconf 85' lang='lat' dir='ltr'><strong>maritum</strong></span> <span class='ocrx_word' id='word_1_238' title='bbox 1206 2675 1235 2714; x_wconf 85' lang='lat' dir='ltr'><strong>ut</strong></span> 
     </span>
     <span class='ocr_line' id='line_1_28' title="bbox 196 2743 1237 2815; baseline 0 -21"><span class='ocrx_word' id='word_1_239' title='bbox 196 2755 281 2796; x_wconf 87' lang='lat' dir='ltr'><strong>coenet</strong></span> <span class='ocrx_word' id='word_1_240' title='bbox 293 2763 387 2815; x_wconf 86' lang='lat' dir='ltr'><strong>parce,</strong></span> <span class='ocrx_word' id='word_1_241' title='bbox 403 2746 483 2798; x_wconf 85' lang='lat' dir='ltr'><strong>veluti</strong></span> <span class='ocrx_word' id='word_1_242' title='bbox 497 2745 611 2798; x_wconf 83' lang='lat' dir='ltr'><strong>faciebat</strong></span> <span class='ocrx_word' id='word_1_243' title='bbox 622 2747 790 2797; x_wconf 88' lang='lat' dir='ltr'><strong>Domitianus</strong></span> <span class='ocrx_word' id='word_1_244' title='bbox 804 2748 860 2815; x_wconf 71' lang='lat' dir='ltr'><strong>eius</strong></span> <span class='ocrx_word' id='word_1_245' title='bbox 874 2743 953 2796; x_wconf 87' lang='lat' dir='ltr'><strong>herus</strong></span> <span class='ocrx_word' id='word_1_246' title='bbox 966 2758 992 2797; x_wconf 86' lang='lat' dir='ltr'><strong>et</strong></span> <span class='ocrx_word' id='word_1_247' title='bbox 1005 2744 1146 2796; x_wconf 85' lang='lat' dir='ltr'><strong>domiuus:</strong></span> <span class='ocrx_word' id='word_1_248' title='bbox 1160 2761 1237 2808; x_wconf 87' lang='lat' dir='ltr'><strong>narn,</strong></span> 
     </span>
     <span class='ocr_line' id='line_1_29' title="bbox 188 2824 1236 2896; baseline -0.001 -22"><span class='ocrx_word' id='word_1_249' title='bbox 188 2835 224 2874; x_wconf 87' lang='lat' dir='ltr'><strong>-ut</strong></span> <span class='ocrx_word' id='word_1_250' title='bbox 238 2842 269 2875; x_wconf 90' lang='lat' dir='ltr'><strong>ex</strong></span> <span class='ocrx_word' id='word_1_251' title='bbox 279 2824 436 2895; x_wconf 83' lang='lat' dir='ltr'><strong>Tranquillo</strong></span> <span class='ocrx_word' id='word_1_252' title='bbox 449 2825 590 2892; x_wconf 86' lang='lat' dir='ltr'><strong>discimus,</strong></span> <span class='ocrx_word' id='word_1_253' title='bbox 602 2824 644 2877; x_wconf 89' lang='lat' dir='ltr'><strong>ille</strong></span> <span class='ocrx_word' id='word_1_254' title='bbox 656 2824 802 2896; x_wconf 85' lang='lat' dir='ltr'><strong>prandebat</strong></span> <span class='ocrx_word' id='word_1_255' title='bbox 814 2825 847 2876; x_wconf 83' lang='lat' dir='ltr'><strong>ud</strong></span> <span class='ocrx_word' id='word_1_256' title='bbox 860 2826 1020 2891; x_wconf 88' lang='lat' dir='ltr'><strong>satietatem,</strong></span> <span class='ocrx_word' id='word_1_257' title='bbox 1031 2841 1081 2874; x_wconf 88' lang='lat' dir='ltr'><strong>uec</strong></span> <span class='ocrx_word' id='word_1_258' title='bbox 1096 2824 1177 2874; x_wconf 78' lang='lat' dir='ltr'><strong>ferme</strong></span> <span class='ocrx_word' id='word_1_259' title='bbox 1190 2840 1236 2872; x_wconf 92' lang='lat' dir='ltr'><strong>un-</strong></span> 
     </span>
     <span class='ocr_line' id='line_1_30' title="bbox 196 2903 1238 2978; baseline -0.002 -24"><span class='ocrx_word' id='word_1_260' title='bbox 196 2921 274 2974; x_wconf 83' lang='lat' dir='ltr'><strong>quam</strong></span> <span class='ocrx_word' id='word_1_261' title='bbox 294 2923 372 2976; x_wconf 87' lang='lat' dir='ltr'><strong>supra</strong></span> <span class='ocrx_word' id='word_1_262' title='bbox 392 2922 495 2958; x_wconf 86' lang='lat' dir='ltr'><strong>coenam</strong></span> <span class='ocrx_word' id='word_1_263' title='bbox 515 2905 612 2978; x_wconf 87' lang='lat' dir='ltr'><strong>aliquid</strong></span> <span class='ocrx_word' id='word_1_264' title='bbox 632 2903 769 2972; x_wconf 80' lang='lat' dir='ltr'><strong>sumebat,</strong></span> <span class='ocrx_word' id='word_1_265' title='bbox 790 2919 885 2977; x_wconf 82' lang='lat' dir='ltr'><strong>prater</strong></span> <span class='ocrx_word' id='word_1_266' title='bbox 902 2905 1061 2956; x_wconf 86' lang='lat' dir='ltr'><strong>Martianum</strong></span> <span class='ocrx_word' id='word_1_267' title='bbox 1078 2903 1190 2969; x_wconf 85' lang='lat' dir='ltr'><strong>malum,</strong></span> <span class='ocrx_word' id='word_1_268' title='bbox 1211 2913 1238 2953; x_wconf 89' lang='lat' dir='ltr'><strong>et</strong></span> 
     </span>
     <span class='ocr_line' id='line_1_31' title="bbox 196 2983 820 3059; baseline 0.003 -25"><span class='ocrx_word' id='word_1_269' title='bbox 196 2983 327 3037; x_wconf 87' lang='lat' dir='ltr'><strong>modicam</strong></span> <span class='ocrx_word' id='word_1_270' title='bbox 339 2988 366 3037; x_wconf 92' lang='lat' dir='ltr'><strong>in</strong></span> <span class='ocrx_word' id='word_1_271' title='bbox 381 2984 497 3059; x_wconf 84' lang='lat' dir='ltr'><strong>ampulla</strong></span> <span class='ocrx_word' id='word_1_272' title='bbox 508 2985 701 3058; x_wconf 83' lang='lat' dir='ltr'><strong>potiunculam.</strong></span> <span class='ocrx_word' id='word_1_273' title='bbox 721 2988 820 3038; x_wconf 76' lang='lat' dir='ltr'><strong>Donrr.</strong></span> 
     </span>
    </p>
   </div>
   <div class='ocr_carea' id='block_1_9' title="bbox 195 3138 1238 3456">
    <p class='ocr_par' dir='ltr' id='par_1_9' title="bbox 195 3138 1238 3456">
     <span class='ocr_line' id='line_1_32' title="bbox 235 3138 1238 3215; baseline -0.003 -22"><span class='ocrx_word' id='word_1_274' title='bbox 235 3159 292 3212; x_wconf 81' lang='lat'>¹²7·</span> <span class='ocrx_word' id='word_1_275' title='bbox 310 3143 415 3195; x_wconf 79' lang='lat' dir='ltr'><strong>Gelidus</strong></span> <span class='ocrx_word' id='word_1_276' title='bbox 426 3162 509 3198; x_wconf 84' lang='lat' dir='ltr'><strong>comes</strong></span> <span class='ocrx_word' id='word_1_277' title='bbox 519 3141 567 3195; x_wconf 85' lang='lat' dir='ltr'><strong>illo</strong></span> <span class='ocrx_word' id='word_1_278' title='bbox 577 3162 625 3215; x_wconf 87' lang='lat' dir='ltr'><strong>per</strong></span> <span class='ocrx_word' id='word_1_279' title='bbox 634 3141 735 3208; x_wconf 84' lang='lat' dir='ltr'><strong>Arctos,</strong></span> <span class='ocrx_word' id='word_1_280' title='bbox 748 3141 953 3214; x_wconf 80' lang='lat' dir='ltr'><strong>Semeticesque</strong></span> <span class='ocrx_word' id='word_1_281' title='bbox 965 3141 1067 3193; x_wconf 82' lang='lat' dir='ltr'><strong>hiemes.</strong></span> <span class='ocrx_word' id='word_1_282' title='bbox 1079 3141 1119 3191; x_wconf 90' lang='lat' dir='ltr'><strong>De</strong></span> <span class='ocrx_word' id='word_1_283' title='bbox 1131 3138 1238 3211; x_wconf 85' lang='lat' dir='ltr'><strong>expedi-</strong></span> 
     </span>
     <span class='ocr_line' id='line_1_33' title="bbox 195 3220 1237 3294; baseline 0 -24"><span class='ocrx_word' id='word_1_284' title='bbox 195 3220 268 3271; x_wconf 88' lang='lat' dir='ltr'><strong>tione</strong></span> <span class='ocrx_word' id='word_1_285' title='bbox 285 3240 365 3293; x_wconf 87' lang='lat' dir='ltr'><strong>quam</strong></span> <span class='ocrx_word' id='word_1_286' title='bbox 380 3225 547 3276; x_wconf 84' lang='lat' dir='ltr'><strong>Domitianus</strong></span> <span class='ocrx_word' id='word_1_287' title='bbox 562 3223 710 3275; x_wconf 85' lang='lat' dir='ltr'><strong>necessario</strong></span> <span class='ocrx_word' id='word_1_288' title='bbox 725 3225 843 3294; x_wconf 88' lang='lat' dir='ltr'><strong>suscepit</strong></span> <span class='ocrx_word' id='word_1_289' title='bbox 856 3225 882 3274; x_wconf 88' lang='lat' dir='ltr'><strong>in</strong></span> <span class='ocrx_word' id='word_1_290' title='bbox 899 3222 1045 3287; x_wconf 84' lang='lat' dir='ltr'><strong>Sarmatas,</strong></span> <span class='ocrx_word' id='word_1_291' title='bbox 1060 3220 1165 3290; x_wconf 78' lang='lat' dir='ltr'><strong>legione</strong></span> <span class='ocrx_word' id='word_1_292' title='bbox 1177 3237 1237 3271; x_wconf 88' lang='lat' dir='ltr'><strong>cum</strong></span> 
     </span>
     <span class='ocr_line' id='line_1_34' title="bbox 196 3297 1238 3375; baseline 0.001 -25"><span class='ocrx_word' id='word_1_293' title='bbox 196 3297 283 3372; x_wconf 74' lang='lat' dir='ltr'><strong>legato</strong></span> <span class='ocrx_word' id='word_1_294' title='bbox 294 3303 372 3354; x_wconf 86' lang='lat' dir='ltr'><strong>simul</strong></span> <span class='ocrx_word' id='word_1_295' title='bbox 384 3320 462 3366; x_wconf 81' lang='lat' dir='ltr'><strong>oaesa3</strong></span> <span class='ocrx_word' id='word_1_296' title='bbox 475 3317 559 3375; x_wconf 89' lang='lat' dir='ltr'><strong>utque</strong></span> <span class='ocrx_word' id='word_1_297' title='bbox 573 3305 605 3355; x_wconf 90' lang='lat' dir='ltr'><strong>de</strong></span> <span class='ocrx_word' id='word_1_298' title='bbox 617 3305 647 3356; x_wconf 84' lang='lat' dir='ltr'><strong>iia</strong></span> <span class='ocrx_word' id='word_1_299' title='bbox 661 3303 776 3355; x_wconf 84' lang='lat' dir='ltr'><strong>lauream</strong></span> <span class='ocrx_word' id='word_1_300' title='bbox 787 3305 848 3356; x_wconf 83' lang='lat' dir='ltr'><strong>lovi</strong></span> <span class='ocrx_word' id='word_1_301' title='bbox 861 3302 1010 3375; x_wconf 89' lang='lat' dir='ltr'><strong>Capitolino</strong></span> <span class='ocrx_word' id='word_1_302' title='bbox 1026 3299 1158 3366; x_wconf 86' lang='lat' dir='ltr'><strong>retulerit,</strong></span> <span class='ocrx_word' id='word_1_303' title='bbox 1173 3299 1238 3352; x_wconf 86' lang='lat' dir='ltr'><strong>Sne·</strong></span> 
     </span>
     <span class='ocr_line' id='line_1_35' title="bbox 196 3384 609 3456; baseline 0.005 -24"><span class='ocrx_word' id='word_1_304' title='bbox 196 3395 252 3432; x_wconf 89' lang='lat' dir='ltr'><strong>ton.</strong></span> <span class='ocrx_word' id='word_1_305' title='bbox 264 3384 363 3435; x_wconf 90' lang='lat' dir='ltr'><strong>Domit.</strong></span> <span class='ocrx_word' id='word_1_306' title='bbox 377 3402 435 3456; x_wconf 87' lang='lat' dir='ltr'><strong>cap.</strong></span> <span class='ocrx_word' id='word_1_307' title='bbox 447 3387 473 3438; x_wconf 83' lang='lat'><strong>6.</strong></span> <span class='ocrx_word' id='word_1_308' title='bbox 492 3385 609 3436; x_wconf 73' lang='lat' dir='ltr'><strong>Mosen.</strong></span> 
     </span>
    </p>
   </div>
   <div class='ocr_carea' id='block_1_10' title="bbox 197 3532 1242 4006">
    <p class='ocr_par' dir='ltr' id='par_1_10' title="bbox 197 3532 1242 4006">
     <span class='ocr_line' id='line_1_36' title="bbox 235 3532 1239 3607; baseline -0.002 -23"><span class='ocrx_word' id='word_1_309' title='bbox 235 3549 292 3602; x_wconf 86' lang='lat'><strong>¹²9·</strong></span> <span class='ocrx_word' id='word_1_310' title='bbox 313 3533 407 3586; x_wconf 89' lang='lat' dir='ltr'><strong>Tecum</strong></span> <span class='ocrx_word' id='word_1_311' title='bbox 420 3555 507 3589; x_wconf 86' lang='lat' dir='ltr'><strong>omnes</strong></span> <span class='ocrx_word' id='word_1_312' title='bbox 517 3536 606 3586; x_wconf 82' lang='lat' dir='ltr'><strong>auimo</strong></span> <span class='ocrx_word' id='word_1_313' title='bbox 620 3534 714 3587; x_wconf 83' lang='lat' dir='ltr'><strong>durate</strong></span> <span class='ocrx_word' id='word_1_314' title='bbox 725 3553 774 3607; x_wconf 80' lang='lat' dir='ltr'><strong>pes·</strong></span> <span class='ocrx_word' id='word_1_315' title='bbox 784 3547 864 3587; x_wconf 76' lang='lat' dir='ltr'><strong>cestus</strong></span> <span class='ocrx_word' id='word_1_316' title='bbox 878 3533 945 3586; x_wconf 89' lang='lat' dir='ltr'><strong>Vide</strong></span> <span class='ocrx_word' id='word_1_317' title='bbox 960 3534 1039 3585; x_wconf 87' lang='lat' dir='ltr'><strong>totius</strong></span> <span class='ocrx_word' id='word_1_318' title='bbox 1052 3532 1105 3583; x_wconf 89' lang='lat' dir='ltr'><strong>loci</strong></span> <span class='ocrx_word' id='word_1_319' title='bbox 1117 3545 1239 3583; x_wconf 79' lang='lat' dir='ltr'><strong>constru-</strong></span> 
     </span>
     <span class='ocr_line' id='line_1_37' title="bbox 197 3612 1239 3686; baseline -0.002 -22"><span class='ocrx_word' id='word_1_320' title='bbox 197 3613 326 3665; x_wconf 90' lang='lat' dir='ltr'><strong>ctionem:</strong></span> <span class='ocrx_word' id='word_1_321' title='bbox 345 3615 412 3667; x_wconf 81' lang='lat' dir='ltr'><strong>«llln</strong></span> <span class='ocrx_word' id='word_1_322' title='bbox 428 3629 515 3669; x_wconf 87' lang='lat' dir='ltr'><strong>tecum</strong></span> <span class='ocrx_word' id='word_1_323' title='bbox 531 3633 620 3667; x_wconf 85' lang='lat' dir='ltr'><strong>comes</strong></span> <span class='ocrx_word' id='word_1_324' title='bbox 634 3635 682 3686; x_wconf 88' lang='lat' dir='ltr'><strong>per</strong></span> <span class='ocrx_word' id='word_1_325' title='bbox 695 3620 789 3668; x_wconf 82' lang='lat' dir='ltr'><strong>Arctos</strong></span> <span class='ocrx_word' id='word_1_326' title='bbox 801 3617 1010 3685; x_wconf 83' lang='lat' dir='ltr'><strong>Sannaticasque</strong></span> <span class='ocrx_word' id='word_1_327' title='bbox 1025 3612 1138 3676; x_wconf 84' lang='lat' dir='ltr'><strong>hiemes,</strong></span> <span class='ocrx_word' id='word_1_328' title='bbox 1151 3625 1239 3664; x_wconf 86' lang='lat' dir='ltr'><strong>tecum</strong></span> 
     </span>
     <span class='ocr_line' id='line_1_38' title="bbox 197 3692 1242 3770; baseline -0.004 -23"><span class='ocrx_word' id='word_1_329' title='bbox 197 3693 291 3747; x_wconf 87' lang='lat' dir='ltr'><strong>durata</strong></span> <span class='ocrx_word' id='word_1_330' title='bbox 308 3697 395 3747; x_wconf 88' lang='lat' dir='ltr'><strong>animo</strong></span> <span class='ocrx_word' id='word_1_331' title='bbox 413 3715 462 3767; x_wconf 84' lang='lat' dir='ltr'><strong>per</strong></span> <span class='ocrx_word' id='word_1_332' title='bbox 476 3716 567 3748; x_wconf 88' lang='lat' dir='ltr'><strong>omnes</strong></span> <span class='ocrx_word' id='word_1_333' title='bbox 582 3711 672 3762; x_wconf 84' lang='lat' dir='ltr'><strong>aestus,</strong></span> <span class='ocrx_word' id='word_1_334' title='bbox 690 3711 716 3748; x_wconf 88' lang='lat' dir='ltr'><strong>et</strong></span> <span class='ocrx_word' id='word_1_335' title='bbox 728 3695 806 3749; x_wconf 78' lang='lat' dir='ltr'><strong>vellet</strong></span> <span class='ocrx_word' id='word_1_336' title='bbox 821 3711 923 3770; x_wconf 76' lang='lat' dir='ltr'><strong>gestare</strong></span> <span class='ocrx_word' id='word_1_337' title='bbox 936 3695 1105 3767; x_wconf 74' lang='lat' dir='ltr'><strong>pharetras·</strong></span> <span class='ocrx_word' id='word_1_338' title='bbox 1121 3692 1174 3744; x_wconf 90' lang='lat' dir='ltr'><strong>Ubi</strong></span> <span class='ocrx_word' id='word_1_339' title='bbox 1187 3694 1242 3763; x_wconf 89' lang='lat' dir='ltr'><strong>pri·</strong></span> 
     </span>
     <span class='ocr_line' id='line_1_39' title="bbox 198 3771 1239 3848; baseline -0.004 -22"><span class='ocrx_word' id='word_1_340' title='bbox 198 3793 269 3826; x_wconf 89' lang='lat' dir='ltr'><strong>mum</strong></span> <span class='ocrx_word' id='word_1_341' title='bbox 285 3773 350 3825; x_wconf 89' lang='lat' dir='ltr'><strong>nihil</strong></span> <span class='ocrx_word' id='word_1_342' title='bbox 364 3787 416 3840; x_wconf 89' lang='lat' dir='ltr'><strong>est,</strong></span> <span class='ocrx_word' id='word_1_343' title='bbox 431 3777 475 3827; x_wconf 90' lang='lat' dir='ltr'><strong>cui</strong></span> <span class='ocrx_word' id='word_1_344' title='bbox 488 3778 565 3845; x_wconf 72' lang='lat' dir='ltr'><strong>jungi</strong></span> <span class='ocrx_word' id='word_1_345' title='bbox 578 3789 691 3848; x_wconf 82' lang='lat' dir='ltr'><strong>possunt</strong></span> <span class='ocrx_word' id='word_1_346' title='bbox 704 3794 782 3830; x_wconf 79' lang='lat' dir='ltr'><strong>voces</strong></span> <span class='ocrx_word' id='word_1_347' title='bbox 797 3789 889 3830; x_wconf 77' lang='lat' dir='ltr'><strong>usum.</strong></span> <span class='ocrx_word' id='word_1_348' title='bbox 904 3773 1007 3828; x_wconf 86' lang='lat' dir='ltr'><strong>Deinde</strong></span> <span class='ocrx_word' id='word_1_349' title='bbox 1022 3771 1144 3824; x_wconf 84' lang='lat' dir='ltr'><strong>abundat</strong></span> <span class='ocrx_word' id='word_1_350' title='bbox 1155 3789 1239 3842; x_wconf 87' lang='lat' dir='ltr'><strong>copu-</strong></span> 
     </span>
     <span class='ocr_line' id='line_1_40' title="bbox 197 3853 1240 3928; baseline -0.004 -24"><span class='ocrx_word' id='word_1_351' title='bbox 197 3853 303 3906; x_wconf 86' lang='lat' dir='ltr'><strong>lativum</strong></span> <span class='ocrx_word' id='word_1_352' title='bbox 318 3865 358 3916; x_wconf 68' lang='grc' dir='ltr'><strong>εις</strong></span> <span class='ocrx_word' id='word_1_353' title='bbox 375 3853 471 3906; x_wconf 79' lang='lat' dir='ltr'><strong>dixisse</strong></span> <span class='ocrx_word' id='word_1_354' title='bbox 487 3857 558 3906; x_wconf 84' lang='lat' dir='ltr'><strong>enim</strong></span> <span class='ocrx_word' id='word_1_355' title='bbox 576 3855 667 3908; x_wconf 88' lang='lat' dir='ltr'><strong>debuit</strong></span> <span class='ocrx_word' id='word_1_356' title='bbox 683 3857 776 3910; x_wconf 83' lang='lat' dir='ltr'><strong>durate</strong></span> <span class='ocrx_word' id='word_1_357' title='bbox 795 3859 884 3909; x_wconf 84' lang='lat' dir='ltr'><strong>animo</strong></span> <span class='ocrx_word' id='word_1_358' title='bbox 902 3854 980 3908; x_wconf 84' lang='lat' dir='ltr'><strong>uellet</strong></span> <span class='ocrx_word' id='word_1_359' title='bbox 995 3863 1108 3928; x_wconf 81' lang='lat' dir='ltr'><strong>qestare,</strong></span> <span class='ocrx_word' id='word_1_360' title='bbox 1126 3868 1198 3916; x_wconf 92' lang='lat' dir='ltr'><strong>non,</strong></span> <span class='ocrx_word' id='word_1_361' title='bbox 1215 3859 1240 3900; x_wconf 83' lang='lat' dir='ltr'><strong>et</strong></span> 
     </span>
     <span class='ocr_line' id='line_1_41' title="bbox 199 3931 485 4006; baseline -0.003 -20"><span class='ocrx_word' id='word_1_362' title='bbox 199 3931 278 3988; x_wconf 82' lang='lat' dir='ltr'><strong>vellet</strong></span> <span class='ocrx_word' id='word_1_363' title='bbox 284 3945 389 4006; x_wconf 75' lang='lat' dir='ltr'><strong>pestere.</strong></span> <span class='ocrx_word' id='word_1_364' title='bbox 402 3935 485 4005; x_wconf 74' lang='lat' dir='ltr'><strong>Lege:</strong></span> 
     </span>
    </p>
   </div>
   <div class='ocr_carea' id='block_1_11' title="bbox 385 4030 936 4091">
    <p class='ocr_par' dir='ltr' id='par_1_11' title="bbox 385 4030 936 4091">
     <span class='ocr_line' id='line_1_42' title="bbox 385 4030 936 4091; baseline -0.002 -16"><span class='ocrx_word' id='word_1_365' title='bbox 385 4065 390 4075; x_wconf 95' lang='lat'>.</span> <span class='ocrx_word' id='word_1_366' title='bbox 401 4067 406 4076; x_wconf 88' lang='lat'><strong><em>.</em></strong></span> <span class='ocrx_word' id='word_1_367' title='bbox 418 4065 423 4076; x_wconf 93' lang='lat'><em>.</em></span> <span class='ocrx_word' id='word_1_368' title='bbox 435 4043 525 4078; x_wconf 77' lang='lat' dir='ltr'><strong>‚tecum</strong></span> <span class='ocrx_word' id='word_1_369' title='bbox 534 4045 615 4080; x_wconf 85' lang='lat' dir='ltr'><strong>omnes</strong></span> <span class='ocrx_word' id='word_1_370' title='bbox 623 4033 701 4078; x_wconf 81' lang='lat' dir='ltr'><strong>auimo</strong></span> <span class='ocrx_word' id='word_1_371' title='bbox 709 4030 793 4078; x_wconf 84' lang='lat' dir='ltr'><strong>durare</strong></span> <span class='ocrx_word' id='word_1_372' title='bbox 803 4041 936 4091; x_wconf 72' lang='lat' dir='ltr'><strong>petasatus,</strong></span> 
     </span>
    </p>
   </div>
   <div class='ocr_carea' id='block_1_12' title="bbox 0 0 1439 4484">
    <p class='ocr_par' dir='ltr' id='par_1_12' title="bbox 0 0 1439 4484">
     <span class='ocr_line' id='line_1_43' title="bbox 0 0 1439 4484; baseline 0 0"><span class='ocrx_word' id='word_1_373' title='bbox 0 0 1439 4484; x_wconf 95' lang='lat' dir='ltr'><strong> </strong></span> 
     </span>
    </p>
   </div>
  </div>
 </body>
</html>
