2804 4490
37 313 38 317 ’
119 305 178 370 168
307 301 442 366 NOTAE
465 300 514 362 IN
536 297 732 362 CARMEN
756 297 957 362 SEXTUM

110 435 164 485 vini
177 431 280 486 Massici
294 431 386 500 copia,
404 441 435 479 ut
446 440 521 478 tanto
541 428 620 477 coetui
638 425 788 478 sufficeret?
804 425 953 496 respondeo
971 427 1057 481 verbis
1076 431 1152 482 Plinii

112 514 173 565 Nat.
186 513 283 564 Histor.
294 510 368 576 XIV,
383 524 428 577 17:
444 529 455 552 α
465 505 556 573 Quid?
566 523 622 557 non
631 517 657 580 et
665 505 751 556 Cesar
762 503 875 556 dictator
886 505 1013 577 triumphi
1024 510 1064 559 sui
1075 527 1152 560 coena

64 619 67 627 ·
111 594 164 644 vini
175 591 278 643 Falerni
290 583 445 660 amphoras,
457 585 516 638 Chii
526 583 607 638 cados
619 587 646 636 in
656 585 774 637 convivia
784 583 952 637 distribuitis
966 586 1150 660 Videreliqua.

137 749 190 815 da.
209 745 381 800 Ncc'tardum
397 764 465 818 sepes
480 745 622 815 occupabat
636 761 743 798 annum.
756 743 853 797 Nullus
867 746 895 794 in
908 744 949 796 bis
963 763 1074 799 sensus:
1090 750 1152 799 vina
1194 812 1198 824 ,

110 847 165 880 non
184 826 252 880 adeo
270 826 354 878 libere
370 839 433 877 tunc
447 823 580 892 fluebant,
598 843 647 878 nec
662 841 735 892 seges
749 824 899 896 occupabat
916 825 1018 877 tardum
1033 845 1150 878 annum:

110 912 191 961 immo
204 919 319 974 tanmm,
331 905 358 959 id
368 920 420 970 est,
434 916 486 958 tam
497 923 630 979 mapnum.
641 906 754 976 Mopsus
766 917 791 956 et
807 906 889 957 bonus
899 925 983 960 annus
993 927 1007 958 a
1017 907 1151 960 veteribus

111 988 258 1056 dicebatur,
269 986 374 1061 quando
384 988 472 1058 largus
482 997 538 1038 erat
549 985 655 1056 frugum
665 997 809 1054 proventus
821 1007 826 1036 :
839 987 944 1052 Noster,
952 986 1035 1038 Theb.
1046 986 1092 1039 lib.
1100 989 1152 1053 ΙΙΙ,

110 1087 177 1122 vers.
197 1069 248 1135 404
269 1090 274 1118 :
298 1069 413 1139 nTyrios
431 1064 523 1117 melior
542 1067 614 1116 venit
634 1082 719 1116 annus
740 1066 766 1115 in
787 1083 897 1135 agros.»
924 1066 1042 1120 Suaviter
1063 1064 1153 1132 idem,

110 1145 157 1199 lib.
183 1148 314 1212 lV‚vers.
330 1145 396 1214 705:

422 1269 427 1280 .
438 1269 442 1277 .
453 1269 457 1278 .
468 1232 558 1280 .donec
567 1230 655 1278 Phariis
663 1231 771 1278 alimenta
780 1245 873 1296 rogatus

296 1308 375 1352 Donet
382 1305 453 1365 apris,
463 1317 617 1366 magnumque
626 1301 721 1349 inducat
729 1304 841 1350 messibus
849 1319 943 1351 annum.

112 1406 248 1466 Lucanus,
260 1400 306 1454 lib.
318 1402 369 1466 ΙΙΙ,
380 1418 419 1452 vs.
433 1415 481 1468 70:

296 1507 380 1554 Effusis
390 1521 499 1569 magnum
508 1507 579 1572 libye
589 1506 641 1554 tulit
649 1507 762 1555 imbribus
771 1525 866 1556 anunm.

110 1606 178 1661 Vide
194 1626 274 1678 supra
285 1605 317 1660 ad
330 1626 409 1661 carm.
422 1607 453 1673 3,
465 1625 503 1658 vs.
517 1606 542 1659 8.
555 1607 596 1660 Sic
608 1609 694 1679 major
703 1620 852 1674 autumaris,
864 1610 978 1662 Martial.
992 1611 1152 1681 Epigramm.

111 1687 175 1754 Xll,
192 1686 234 1757 57.
252 1686 364 1738 Felicior
378 1704 463 1739 annus
479 1688 614 1758 provenit,
631 1686 708 1738 Ovid.
723 1689 793 1739 Fast.
806 1689 852 1754 IV,
863 1708 901 1740 vs.
914 1689 973 1759 671.
987 1691 1083 1744 Sensus
1096 1703 1153 1742 est:

113 1769 284 1832 OVetustas,
296 1785 419 1839 compara
429 1765 517 1818 secula
528 1768 636 1837 antiqua
646 1779 672 1817 ct
682 1784 791 1819 aureum
801 1780 905 1840 tempus
916 1787 976 1820 cum
985 1768 1038 1822 boc
1047 1783 1153 1832 nostro;

114 1862 167 1896 non
179 1848 305 1916 majorem
316 1846 370 1896 vini
382 1845 487 1914 copiam
498 1856 543 1894 aut
555 1842 680 1912 largiores
691 1845 799 1915 frugum
810 1860 954 1918 proventus
966 1849 1091 1900 invenies.

149 2001 191 2054 51.
211 2001 474 2072 Hos'interfremitus,
486 2014 535 2054 etc.
546 2002 664 2072 Lipsius,
673 2003 795 2058 Saturnal
804 2005 885 2059 Serm.
896 2009 933 2075 ll,
944 2010 973 2076 4,
982 2008 1055 2062 bunc
1066 2009 1155 2062 locum

114 2083 212 2148 citans,
224 2083 321 2132 omittit
331 2098 435 2132 versum
447 2078 565 2152 proxime
578 2095 748 2153 sequentem,
761 2107 772 2129 a
782 2087 923 2154 Spectandi
932 2089 995 2141 levis
1005 2091 1099 2160 effugit
1107 2109 1157 2141 ro·

113 2160 202 2233 luptas
210 2181 236 2212 :r
249 2173 337 2212 uuum
348 2161 429 2211 exsui
439 2157 539 2210 codicis
550 2163 720 2229 auctoritate,
730 2180 763 2214 an
774 2165 834 2233 quia
844 2183 898 2214 non
908 2165 1047 2234 intellexit,
1057 2171 1155 2221 nescio.

113 2241 245 2293 Posterius
258 2257 349 2292 verum
363 2236 514 2304 crederem,
528 2240 550 2291 si
564 2239 597 2291 de
611 2240 713 2313 meipso
724 2240 855 2312 judicium
870 2245 958 2297 facere
972 2247 1070 2300 liceret.
1091 2247 1157 2300 Milri

115 2321 186 2371 enim
195 2321 387 2390 ineptissimum
396 2317 500 2371 videtur
509 2319 561 2371 boc
572 2319 647 2386 loco,
659 2332 752 2391 utpote
761 2323 941 2374 narrationem
949 2327 1158 2398 interrumpens;

116 2396 190 2471 quod
204 2397 281 2450 facilc
293 2399 438 2471 perspicies
453 2400 475 2450 si
490 2417 550 2451 eurn
565 2400 679 2450 omittas.
692 2398 778 2452 Credo
794 2419 854 2451 eum
865 2399 907 2452 vel
921 2419 975 2452 non
991 2421 1046 2455 esse
1060 2405 1159 2457 Statia-

114 2497 192 2544 num,
202 2477 244 2530 vel
254 2491 323 2531 certe
333 2495 388 2531 non
397 2478 477 2548 hujus
485 2479 547 2531 loci.
561 2482 623 2531 Non
636 2496 703 2551 opus
716 2492 755 2531 est
766 2493 796 2531 ut
807 2475 868 2532 cum
881 2473 975 2534 eodem
985 2483 1073 2553 lipsio
1086 2481 1159 2554 legn-

115 2577 174 2610 mua
186 2558 254 2611 tous
267 2577 317 2630 pro
331 2559 418 2626 iusso,
432 2577 512 2630 quum
527 2558 560 2618 de
575 2561 695 2612 convivio
707 2559 852 2614 Domitiani
865 2560 920 2614 brec
931 2581 982 2615 vox
995 2562 1064 2616 bene
1078 2565 1158 2618 intel-

115 2634 161 2707 ligi
172 2639 264 2709 possit.

152 2793 194 2846 58.
217 2793 284 2863 Quos
297 2804 392 2846 natura
404 2795 473 2848 brevi
483 2799 569 2850 statim
580 2807 699 2868 peracto,
713 2809 762 2850 etc.
775 2798 923 2852 Gronovius
938 2799 1013 2870 legit,
1030 2799 1097 2868 Quos
1110 2818 1160 2850 na·

116 2884 175 2924 tum
189 2873 269 2926 brevis
281 2875 367 2926 statim
379 2887 501 2948 peractos.
517 2878 619 2932 Nutsuu
633 2877 726 2945 brevis,
740 2879 828 2950 inquit
843 2878 902 2946 ille,
916 2890 956 2930 est
973 2877 1043 2930 houd
1058 2876 1159 2948 inopius

116 2953 267 3028 induipens,
279 2974 333 3007 non
345 2953 426 3030 larpa.
441 2958 474 3008 Et
488 2957 594 3029 quidem
607 2957 680 3010 editt.
694 2960 779 3010 Parm.
793 2973 819 3011 et
830 2962 941 3011 Roman.
955 2958 1054 3010 babent
1065 2968 1159 3010 natura

117 3034 196 3086 brevis
210 3036 314 3103 statim,
337 3047 362 3087 et
377 3049 495 3108 peracta,
514 3056 567 3089 non
581 3049 694 3110 peracto.
712 3037 777 3102 Sed,
797 3040 819 3090 si
832 3041 918 3091 statim
930 3050 1059 3110 peractos,
1077 3057 1159 3109 quare

115 3111 194 3162 semel
210 3111 321 3185 liquuit?
334 3112 428 3165 borum
441 3115 511 3165 enirn
522 3115 649 3167 utrumvis
662 3107 855 3185 supervacuum
867 3127 921 3176 est;
934 3128 1012 3186 prout
1024 3116 1124 3186 patebit
1137 3118 1160 3167 si

115 3189 225 3241 alterum
239 3194 352 3244 omittas.
366 3191 475 3264 Scripsit
487 3193 599 3246 Statius:

331 3297 397 3357 Quos
406 3311 489 3346 natura
498 3299 563 3346 brevi
573 3311 634 3345 statu
642 3310 750 3360 peractos

331 3368 451 3416 Nodosum
460 3368 531 3415 murel
540 3372 563 3416 iu
573 3369 668 3432 globum
677 3369 762 3430 ligarit.

111 3471 228 3532 peractos
240 3465 309 3516 brevi
319 3475 401 3532 statu,
415 3466 442 3517 id
452 3466 645 3531 sumpturos
653 3477 750 3520 statura
762 3466 846 3528 brevi,·
859 3468 886 3519 in
900 3466 1019 3521 altiorem
1032 3483 1160 3524 staturam

114 3559 250 3612 nunquam
262 3561 401 3611 evasuros,
414 3547 540 3615 quoniam
549 3547 648 3617 peracti
660 3559 721 3599 sunt
732 3546 801 3598 brevi
811 3559 881 3600 statu
893 3566 909 3599 a
920 3561 1030 3614 natura;
1045 3565 1075 3602 ut
1088 3566 1161 3604 recte

115 3617 243 3672 Barthius.
260 3623 428 3692 Propertius,
440 3621 486 3674 lib.
499 3623 543 3689 lv,
557 3625 586 3688 8,
599 3623 629 3690 dt
643 3645 648 3673 :

300 3728 379 3774 Nanos
389 3731 469 3790 etipse
479 3744 532 3776 auor
541 3729 643 3776 breviter
651 3743 775 3778 concretus
784 3735 808 3778 in
819 3745 882 3780 artus

331 3799 436 3846 Jactabot
445 3811 537 3847 truncat
546 3801 576 3848 ed
585 3817 640 3847 cava
650 3800 709 3847 buxa
720 3819 808 3850 manus.

114 3893 237 3962 Ovidius,
249 3898 326 3949 Trist.
339 3895 386 3948 lib.
400 3899 439 3964 ll,
451 3917 488 3950 vs.
503 3898 566 3967 531,
579 3899 612 3952 de
625 3901 729 3972 seipso:

300 4001 379 4048 lurida
389 4018 426 4050 me
436 4005 510 4066 spatio
521 4017 602 4050 natura
613 4005 716 4051 coercuit
725 4017 798 4051 arcto.
