2784 4484
573 259 826 325 PRAEFATIO.
886 303 890 311 ι
1046 292 1048 308 ¹
1110 267 1218 363 xxxvij
1322 331 1326 338 .

176 397 227 453 ter,
239 385 352 440 mutatis
362 379 506 438 nonnullis
519 381 561 453 (et
573 380 728 459 frequenter
741 386 771 438 iu
782 387 876 459 pejus)
886 382 930 439 vel
944 404 976 440 ex
987 385 1046 442 aliis
1059 389 1220 463 Codieibus,

175 476 216 532 vel
232 476 302 532 forte
320 495 353 530 ex
369 473 452 530 libitu
471 477 646 546 eorreewris,
662 479 799 532 Francisei
815 476 973 532 Puteolani:
993 491 1021 534 et
1038 501 1220 562 quascumque

176 572 278 646 egregia
295 559 381 624 babet
400 568 575 636 Parmensis,
594 567 650 623 baec
668 587 780 644 quoque
799 568 901 634 babet;
922 581 949 624 et
968 571 1053 628 multa
1074 589 1220 650 praeterea,

176 681 232 738 que
246 662 275 714 in
292 659 437 716 Addendis
454 660 546 715 videas
563 683 569 712 :
588 659 658 715 adeo
674 672 705 715 ut
721 660 825 737 absque
842 661 894 718 bac
910 665 1021 720 omnino
1037 685 1138 723 manea·
1152 667 1220 726 fuis·

177 765 214 808 set
230 767 324 808 nostra
341 752 443 808 Editio.
460 751 544 808 Liber
562 763 600 806 est
617 749 834 829 pulcherrimus,
854 756 883 808 in
901 753 991 811 Folio:
1011 758 1041 812 in
1059 758 1156 816 eodem
1171 782 1219 818 vo-

177 844 272 902 lumine
285 847 466 901 conducatur
478 842 616 915 Catullus,
628 843 770 918 Tibullus,
784 857 811 901 et
823 850 989 923 Propertius.
1002 855 1064 906 Uno
1076 871 1149 909 anno
1160 861 1220 910 Par·

178 953 293 994 mensem
307 939 466 1016 precessit,
482 939 633 1015 impressus
651 941 773 994 venetiis
791 943 842 994 An.
867 943 946 1013 ¹47²·
966 947 1028 996 Non
1042 943 1138 1002 dubito
1152 950 1219 1023 quin

179 1031 273 1088 haesit
281 1034 412 1087 omnium
422 1032 610 1106 antiquissima
620 1029 719 1087 barum
728 1030 870 1108 sylvarum
880 1034 984 1102 Editio;
997 1049 1081 1108 certe,
1094 1041 1218 1096 omnium

179 1127 310 1181 rarissima
320 1137 377 1192 est3
390 1142 481 1200 neque
491 1125 660 1179 mentionem
672 1128 729 1200 ejus
742 1124 806 1180 alibi
815 1127 930 1182 invenio
938 1141 1122 1208 praeterquam
1134 1135 1162 1186 in
1172 1133 1220 1188 ob·

177 1237 250 1274 scaro
263 1221 318 1275 isto
329 1216 435 1294 angulo
447 1216 580 1273 Editionis
595 1220 761 1283 Parmensis;
777 1221 856 1276 istius
871 1211 1130 1301 quoque'perquam
1143 1245 1218 1283 rare.

210 1423 327 1474 Romana
341 1437 454 1495 quoque
467 1416 573 1487 Editio,
587 1415 650 1473 licet
661 1417 696 1474 ab
710 1418 769 1476 aliis
782 1421 948 1496 praeflorata,
964 1423 1092 1480 nonnihil
1107 1429 1173 1482 novi
1185 1447 1217 1483 ex

174 1533 222 1570 suo
240 1513 373 1578 contidit,
391 1525 419 1568 et
436 1512 567 1568 lectiones
586 1518 739 1570 Parmensis
753 1528 780 1569 et
797 1521 906 1572 Venetae
925 1517 1007 1573 Editt.
1028 1519 1218 1587 confirmavit·‚

175 1607 246 1683 quod
259 1609 362 1685 passini
373 1605 492 1666 videbis.
510 1609 579 1662 Huic
596 1606 707 1682 proefuit
720 1608 857 1664 Domitius
874 1606 1048 1678 Calderinus,
1062 1630 1095 1666 ex
1109 1615 1218 1687 seriptis

177 1699 338 1756 indiversus
354 1703 487 1756 suctores
502 1699 572 1756 bene
589 1710 689 1769 notus,
706 1711 746 1768 et,
761 1711 792 1754 ut
807 1697 855 1755 illo
868 1717 940 1769 evo,
955 1702 999 1754 vir
1013 1719 1078 1756 sane
1091 1701 1218 1760 doetissi-

180 1810 249 1847 mus.
260 1791 342 1848 stulu
353 1792 398 1848 ille
416 1793 500 1848 Statio
512 1790 627 1848 feliciter
638 1793 772 1858 restituit;
791 1793 819 1846 in
834 1791 927 1848 multis
944 1791 1088 1868 pueriliter
1100 1797 1216 1850 erravit:
1234 1797 1236 1804 ’

179 1882 233 1938 boe
245 1895 331 1939 tamen
348 1887 461 1940 nomine
475 1885 593 1939 maxima
606 1883 776 1960 culpandus,
790 1885 866 1960 quod
881 1887 904 1940 si
920 1883 988 1961 quid
1003 1905 1058 1941 non
1077 1885 1217 1946 intellexe-

177 1979 224 2044 tit,
238 1981 325 2033 statim
338 1980 469 2044 mutavit;
484 1980 566 2032 etiam
581 1977 698 2034 absurde
711 1995 929 2054 nonnunquam
945 1997 1017 2054 sepe
1030 1981 1128 2048 etiam,
1142 1982 1217 2058 quod

176 2069 252 2125 valde
263 2074 397 2147 suspicor,
409 2069 484 2126 nulla
494 2073 633 2126 mentione
644 2071 722 2126 faeta.
735 2069 814 2126 Utilis
824 2069 914 2126 tanien
923 2070 1027 2142 Editio,
1040 2074 1114 2149 quod
1126 2075 1215 2131 diver-

177 2181 265 2218 sorum
273 2164 408 2219 Codicum
420 2165 583 2238 scripturam
592 2174 782 2239 representem
795 2183 882 2240 quum
892 2168 949 2239 jam
959 2183 1037 2240 pane
1046 2178 1137 2223 certus
1147 2170 1216 2239 sim,

174 2259 337 2327 Domitium,
349 2256 462 2334 quando
474 2257 555 2310 istam
568 2253 722 2331 evulgaret,
733 2275 790 2311 uon
801 2257 902 2312 vidisse
913 2269 959 2312 aut
970 2263 1157 2331 Parmensem,
1170 2274 1217 2317 aut

171 2348 264 2404 Libros
280 2369 313 2404 ex
329 2349 430 2426 quibus
444 2349 597 2404 Parmensis
611 2366 736 2424 expressa
752 2348 820 2403 fuit:
838 2349 874 2404 de
888 2368 944 2426 quo
960 2349 1108 2426 aliquando
1125 2355 1215 2409 incer·

170 2451 213 2496 tus
226 2459 310 2496 eram.

209 2633 259 2690 Sed
273 2632 381 2688 dudum
397 2643 458 2688 ante
474 2643 569 2687 nactos
585 2633 637 2689 bos
649 2630 733 2688 libros
751 2634 903 2712 suspicatus
921 2651 1012 2704 eram,
1029 2635 1105 2711 quod
1120 2648 1216 2712 postea

176 2743 271 2781 verum
285 2727 419 2802 comperi,
431 2745 489 2781 non
503 2723 621 2782 multum
637 2723 730 2781 auxilii
744 2727 939 2804 expectandum
951 2747 1011 2784 esse
1023 2747 1038 2783 a
1050 2729 1160 2784 duobus
1171 2729 1216 2786 vel

176 2816 266 2873 tribus
277 2817 467 2894 exemplaribus
480 2819 639 2896 quibusvis:
653 2822 755 2896 quippe
765 2819 847 2876 altius
855 2820 982 2875 adactum
995 2833 1052 2876 erat
1064 2821 1179 2886 vulnus;
1191 2835 1217 2878 et

174 2923 236 2989 post
248 2915 338 2968 omnia
350 2932 407 2990 quae
420 2915 546 2969 invenire
558 2917 634 2990 potui
647 2933 663 2968 a
674 2916 741 2969 viris
753 2913 840 2969 doctis
853 2915 978 2968 restituta
989 2912 1033 2968 rel
1046 2931 1061 2966 e
1072 2913 1160 2969 Libris
1171 2913 1216 2970 vel

172 3006 297 3080 ingenio,
311 3005 450 3062 restabant
462 3005 554 3061 adbuc
566 3023 645 3082 paene
659 3008 805 3060 innumera
820 3021 880 3080 quae
894 3002 971 3058 nullo
985 3003 1070 3060 modo
1083 3017 1159 3061 erant
1171 3009 1215 3062 in·

172 3095 324 3174 telligeuda.
340 3100 389 3153 His
405 3101 490 3176 igitur
503 3098 714 3167 incumbebam,
728 3097 786 3151 haee
802 3094 977 3172 premebam,
992 3108 1019 3152 et
1033 3116 1128 3154 omnes
1143 3111 1214 3156 stro-

170 3189 237 3266 pbas
251 3191 407 3248 vertebam:
423 3203 449 3247 et
468 3191 604 3247 interdum
619 3193 720 3246 veritas
737 3191 828 3266 primo
845 3188 970 3246 discursu
984 3209 1043 3247 sese
1059 3193 1213 3268 ingerebam

169 3283 313 3361 aliquando
328 3287 447 3342 'reserat
465 3287 626 3341 morosioris
642 3284 852 3361 disquisitionis.
866 3288 897 3338 In
916 3302 1039 3340 summa:
1058 3289 1081 3341 si
1099 3287 1167 3362 quid
1186 3291 1214 3343 in

170 3375 210 3432 bis
222 3377 305 3434 rebus
319 3380 386 3434 eerti
404 3381 457 3447 sit,
476 3397 553 3454 paene
568 3379 657 3433 ausim
674 3379 704 3431 in
720 3394 765 3430 me
778 3377 901 3451 recipere
915 3388 941 3430 et
956 3389 1099 3452 praestare,
1114 3390 1141 3432 te
1157 3383 1214 3455 jam

170 3467 252 3545 legere
266 3489 348 3546 posse
362 3472 440 3526 Statii
459 3468 554 3548 sylvas
572 3469 635 3546 plus
655 3488 738 3545 quam
753 3481 796 3524 ter
813 3479 923 3523 eentum
942 3467 1010 3524 loeis
1024 3471 1163 3527 restitutas
1182 3491 1214 3526 ex

172 3568 333 3640 conjectum
343 3565 447 3642 partim
460 3583 542 3619 sensu
553 3576 691 3640 praeeunte
701 3574 729 3617 et
737 3565 890 3618 necessario
899 3561 1053 3639 postulante
1063 3563 1112 3619 has
1122 3583 1215 3631 emen7

172 3653 303 3729 dationes,
318 3659 422 3735 partim
435 3656 523 3712 literis
536 3666 562 3711 et
573 3655 669 3731 ealami
684 3655 811 3712 ductibus
823 3655 952 3712 adverae
962 3657 1101 3712 Lectiones
1113 3658 1215 3713 dueen-

171 3745 252 3804 tibns:
263 3752 333 3807 adeo
345 3764 378 3807 ut
385 3756 445 3827 jam
456 3770 514 3806 non
525 3761 628 3805 restent
638 3749 817 3825 quadraginta
829 3747 890 3806 loea'
899 3749 934 3804 de
946 3749 1047 3825 quibus
1059 3749 1211 3828 desperem.

167 3844 320 3902 iuveniliter
334 3847 421 3902 nimis
436 3844 543 3901 dietum
558 3843 610 3900 boe
626 3843 676 3900 tibi
692 3843 765 3900 forte
780 3843 934 3902 videbitur:
950 3843 1089 3920 spondeo,
1107 3844 1212 3899 dietum
