2784 4484
186 249 227 312 32
375 241 509 307 NOTAE
534 239 584 302 ΙΝ
608 237 806 302 CARMEN
829 237 1030 305 PRIMUM

183 373 255 426 dicit.
270 371 379 424 Lendus
393 366 522 421 custodem
535 364 587 417 loci
599 364 668 417 male
688 365 875 435 interpretatur
893 367 1093 438 sospitatum,
1108 371 1155 440 qui
1168 372 1224 424 lio.

183 471 253 505 mam
266 450 419 514 servaverit,
431 465 513 518 φιιιω
525 446 558 497 sit
568 446 661 515 genius
673 444 733 496 loci.
752 445 835 496 Hauc.

217 603 261 674 67.
281 603 452 672 Famosrtsque
463 598 541 652 lucus.
555 599 677 651 Famosus
690 615 882 670 nonnunquam
895 597 967 652 bono
979 618 1058 653 sensu
1072 618 1226 675 usurpatur,

183 696 213 736 ut
224 701 240 736 a
252 683 361 736 Lucano
375 683 420 747 lV,
431 678 496 747 654:

370 776 430 822 Hinc
439 776 481 821 reri
490 776 574 822 veteris
583 785 660 822 curtos
665 809 673 832 ,
684 774 771 820 famosa
780 783 880 820 vetustas

368 845 517 910 Miratrixque
526 847 562 891 sui
570 846 668 907 signarit
676 847 772 890 nomine
781 855 861 890 terras.

183 941 249 992 ltem
260 939 342 992 Greci
354 934 476 1006 ambiguo
487 953 565 986 sensu
575 933 668 986 dicunt
676 931 818 1002 mprsss'reor.
829 931 897 986 Vide
906 934 1040 987 linthium
1049 938 1075 988 iu
1086 936 1224 990 Adversar.

184 1038 245 1090 pag.
260 1018 336 1086 1431,
348 1030 375 1068 et
384 1012 568 1068 Marklandum
579 1013 614 1066 ad
623 1014 659 1080 V,
675 1031 701 1080 1,
711 1015 757 1083 93.
766 1017 892 1066 l‘raeterea
903 1013 937 1066 de
948 1014 1001 1067 hoc
1012 1016 1143 1069 vocabulo
1155 1020 1226 1088 ejus-

186 1119 237 1171 que
247 1118 297 1151 usu
307 1109 399 1150 contra
410 1093 523 1146 Gellium
536 1107 561 1145 et
572 1092 741 1147 Calderinum
752 1092 831 1145 docte
841 1092 964 1146 disseruit
973 1095 1088 1149 Jacobua
1100 1116 1115 1150 a
1126 1097 1225 1163 Cruce,

184 1179 288 1229 Bonan.
301 1178 328 1227 in
340 1175 464 1226 Annotat.
484 1171 566 1224 Hanc.

220 1327 264 1380 68.
286 1326 394 1381 Verbere
411 1324 499 1377 cnido.
518 1324 590 1394 Quid
604 1329 637 1380 sit
655 1327 742 1379 verber
754 1327 864 1381 crudum
881 1347 936 1380 non
955 1327 1076 1400 equidem
1089 1329 1223 1400 intelligo:

184 1404 237 1458 hoc
247 1417 335 1458 tamen
344 1406 413 1471 scio,
426 1404 537 1457 Statium
548 1407 700 1479 scripsisse,
710 1407 811 1460 verbere
819 1409 916 1476 crebro,
924 1406 1050 1460 Thebaid.
1060 1409 1093 1472 V,
1104 1407 1164 1471 2313
1174 1407 1225 1475 lx,

186 1485 236 1539 352
244 1507 252 1549 3
261 1484 385 1550 Ovidius,
396 1482 535 1538 Halieutic.
548 1504 573 1538 r.
592 1503 636 1550 ι2;
648 1487 748 1538 Lucan.
762 1487 811 1556 ΙΙΙ,
823 1486 887 1550 523;
898 1487 1045 1554 Ausonius,
1056 1485 1111 1540 ldil.
1124 1489 1160 1554 ΙΙ,
1175 1505 1224 1558 9¹³

185 1566 330 1620 Numerata
342 1565 442 1617 verbero
454 1566 555 1618 Auctor
566 1565 664 1635 AEtne,
674 1586 699 1618 v.
712 1567 763 1636 37:

369 1661 403 1709 llli
411 1661 447 1709 bis
456 1661 567 1728 Cyclopas
575 1677 704 1712 memorant
713 1664 846 1712 fornacibus
854 1681 909 1714 usos

370 1734 448 1793 Quum
457 1749 527 1796 super
536 1733 644 1780 incudem
653 1750 776 1783 numerosa
785 1738 810 1782 in
818 1737 916 1783 verbera
923 1736 996 1782 sortes

369 1803 515 1850 Horrendum
525 1821 609 1867 magno
618 1818 742 1869 quaterent
750 1806 794 1852 rub
803 1807 907 1868 pondere
916 1806 1017 1853 lulmen:

186 1895 223 1944 ita
240 1888 396 1961 legendum
411 1888 504 1959 vulgo,
522 1891 581 1943 Illis
598 1889 737 1962 Cyclopas5
756 1892 872 1962 Scaliger
889 1892 954 1945 Illi:
971 1893 1019 1946 sed
1036 1893 1110 1948 deest
1125 1893 1226 1966 aliquid

186 1966 485 2043 sensui,nisilegas1lli
494 1970 540 2022 bis.
551 1968 617 2023 Vide
626 1971 715 2022 locum
724 1973 905 2042 poetaeistius,
915 1991 993 2044 quern
1003 1991 1082 2024 nemo
1091 1973 1156 2026 mibi
1167 1991 1226 2044 per·

187 2051 298 2105 suaserit
312 2048 425 2102 eundem
440 2067 496 2101 esse
510 2051 590 2103 Corn.
608 2051 743 2119 Severum,
762 2053 837 2121 cujus
856 2053 1032 2123 fragmentum
1046 2055 1176 2124 poematis
1193 2052 1227 2104 de

186 2145 270 2184 morte
281 2130 415 2184 Ciceronis
426 2129 505 2182 refert
517 2129 608 2182 Seuec.
619 2131 781 2198 Suasor.Vll,
792 2131 859 2182 adeo
870 2131 959 2183 omnia
969 2131 1078 2183 diversa.
1092 2132 1134 2184 Ad
1144 2151 1226 2186 erum

187 2225 213 2264 et
223 2213 357 2281 ingenium
371 2207 455 2260 multo
466 2210 575 2262 inferius
587 2207 766 2262 detrudendus
777 2209 841 2262 mihi
851 2209 954 2262 videtur
965 2223 1058 2262 auctor
1072 2211 1178 2265 obscuri
1190 2215 1227 2266 is-

186 2293 239 2343 tius
251 2291 380 2361 poematis
391 2287 424 2340 de
436 2289 521 2340 AEtna.
535 2289 622 2341 Facile
633 2289 712 2361 plura
724 2289 841 2362 exempla
853 2307 1037 2360 congererem
1048 2289 1095 2342 sed
1105 2289 1161 2342 haec
1171 2294 1227 2344 sul·

187 2369 282 2422 ficient.
291 2369 344 2420 lias
352 2387 414 2420 vero
424 2385 501 2421 voces
508 2367 587 2420 crudo
594 2381 620 2420 et
627 2368 710 2420 crebro
717 2371 785 2420 inter
792 2387 819 2420 se
827 2367 970 2440 aliquando
980 2371 1149 2434 commutari,
1157 2373 1228 2422 crin-

187 2453 223 2502 cit
232 2449 306 2501 locus
315 2446 444 2500 Thebaid.
455 2450 479 2499 ll
484 2486 492 2515 ,
503 2464 567 2518 709,
578 2447 637 2515 ubi,
652 2467 701 2519 pru
711 2449 788 2501 cnido
798 2449 885 2500 robore
894 2459 992 2514 cortex,
1000 2449 1054 2500 MS.
1065 2447 1169 2520 collegii
1179 2452 1227 2501 Pe-

187 2526 549 2582 trensismalehsbetcrebro.
559 2529 701 2581 -Omnes
712 2526 772 2578 libri
780 2527 867 2580 cnido.
883 2525 998 2598 Scaliger
1009 2529 1123 2598 conjecit
1136 2528 1224 2596 surdo,

188 2622 301 2661 utnotat
312 2609 489 2674 Burmannus,
501 2608 544 2657 cui
558 2624 640 2678 quum
648 2605 819 2660 Marklaudus
834 2625 888 2658 non
901 2617 973 2657 recte
987 2605 1141 2659 emendasse
1154 2607 1228 2660 vide·

187 2703 267 2757 retur,
289 2691 345 2760 ipse
362 2687 465 2758 scripsit
482 2685 556 2738 duro.
575 2685 628 2737 Alii
645 2686 723 2740 facile
743 2689 877 2739 invenient
895 2684 1017 2752 meliora,
1037 2701 1126 2740 tamen
1146 2687 1229 2740 absti-

187 2790 238 2824 neo
249 2790 263 2823 a
273 2771 432 2833 mutatione,
443 2786 498 2819 non
510 2769 626 2834 nescius,
640 2767 751 2819 Statium
765 2767 818 2820 hoc
826 2767 957 2822 vocabulo
969 2769 1061 2821 cnidus
1070 2787 1229 2842 magnopere

187 2849 319 2904 delectari.
334 2850 374 2903 Sic
385 2845 513 2901 Thebaid.
526 2849 548 2916 l,
562 2847 612 2913 422
622 2885 630 2914 ,
641 2848 716 2900 crudi
726 2847 841 2913 sudores,⁸
852 2850 924 2916 Vlll,
936 2849 1004 2915 432,
1017 2849 1108 2901 emtus
1119 2860 1229 2911 tomen

187 2933 226 2999 X,
240 2931 308 2999 342,
324 2931 416 2983 cnidus
428 2929 518 2981 bonor.
538 2926 598 2980 Vid.
610 2927 698 2978 Burm.
715 2926 748 2979 ad
760 2927 871 2997 Quintil.
886 2927 996 2980 declam.
1011 2946 1071 2998 pag.
1086 2945 1143 2979 220.
1159 2925 1228 2978 Alibi

163 2999 165 3006 ’
189 3025 331 3064 occurrunt
342 3008 456 3064 crudelia
468 3009 585 3076 verbera,
597 3007 675 3059 etiam
687 3009 715 3058 in
725 3005 805 3060 rebus
817 3025 896 3060 sensu
907 3007 1045 3059 destitutis.
1061 3005 1142 3056 Hanc.

223 3159 267 3228 69.
287 3162 392 3232 Magire
400 3161 504 3230 forum.
518 3159 583 3213 Cod.
598 3159 672 3214 Laid.
687 3178 703 3211 a
718 3177 798 3210 manu
811 3177 851 3230 pr.
867 3154 959 3210 solum.
977 3155 1017 3206 De
1032 3152 1112 3206 verbo
1128 3155 1228 3228 mugire

190 3242 242 3310 egit
257 3240 420 3291 burmannus
436 3240 470 3291 ad
485 3239 572 3291 Valer.
586 3240 672 3291 Flacc.
691 3240 728 3303 ll,
744 3237 809 3308 4983
827 3235 946 3308 exempla
963 3235 1025 3287 satis
1043 3245 1107 3284 uota
1122 3232 1229 3304 collegit

189 3316 309 3370 Barthius
324 3317 357 3370 ad
372 3316 444 3370 hunc
454 3318 544 3370 locum
555 3333 580 3372 et
594 3318 689 3371 Aclrill.
702 3320 727 3383 l,
740 3317 800 3382 524.
819 3317 899 3368 Herm
912 3345 948 3356 —
959 3307 1071 3365 Horiido
1084 3322 1171 3365 sancto
1182 3331 1229 3366 ora

189 3398 247 3450 situ.
262 3397 318 3449 Situ
329 3397 479 3464 vetustatis,
491 3410 547 3448 tum
560 3395 682 3470 squalore
693 3396 838 3466 voraginis,
848 3403 934 3447 taneto
945 3407 1047 3458 tamen,
1059 3391 1130 3463 quod
1142 3411 1168 3444 se
1180 3393 1229 3444 im·

190 3489 329 3542 merserat,
342 3477 441 3548 pietate
456 3477 482 3528 in
498 3480 611 3547 patriam
627 3489 723 3530 motus·
745 3477 835 3529 Sancti
850 3473 983 3544 inprimis,
995 3473 1040 3540 qui
1052 3489 1079 3522 se
1090 3468 1228 3526 devovent.

190 3557 446 3607 Mutum-Narrat
457 3557 535 3616 etiam
546 3556 688 3624 Flaminius
694 3557 794 3621 Vacca,
807 3553 877 3626 apud
890 3552 1074 3603 Montfaucon.
1087 3551 1158 3604 Dior.
1170 3551 1228 3606 ltal.

190 3653 218 3706 p.
230 3634 292 3698 183,
302 3651 350 3685 suo
359 3648 478 3706 tempore
485 3639 627 3707 imaginem
634 3638 718 3688 Curtii
731 3637 759 3686 iu
771 3635 920 3706 voraginem
930 3650 957 3683 se
969 3633 1155 3703 praecipitantis
1164 3633 1231 3685 cela·

191 3727 291 3766 tameo
305 3711 379 3780 loco,
396 3733 449 3784 quo
469 3733 541 3767 nunc
560 3716 687 3788 templum
709 3717 737 3767 Β.
753 3716 840 3767 Marias
854 3714 972 3784 positum
988 3725 1041 3778 est,
1058 3725 1189 3785 repertam
1204 3727 1231 3766 et

193 3811 268 3846 muro
280 3792 402 3867 Capitolii
415 3793 520 3845 affixam
532 3813 596 3849 esse.
616 3798 697 3848 Earn.

230 3956 272 4009 7²·
292 3939 390 4012 Terque
399 3940 480 3993 ardiso
491 3943 577 3995 mersit
588 3939 665 3995 colla.
677 3941 766 3994 Ardua
779 3953 839 3995 sunt
851 3954 937 3994 erecta
950 3953 976 3994 et
989 3941 1065 3994 elata.
1077 3939 1173 3990 Nescio
1185 3951 1229 3986 au·
