2776 4484
185 317 243 360 ¹02
357 292 492 358 NOTAE
517 295 564 356 IN
589 293 788 357 CARMEN
813 295 1043 362 TERTIUM

394 418 488 464 Tiburis
497 420 565 479 Argei
574 418 687 482 pomifera
697 433 751 466 erre
761 420 833 480 ripas.

179 523 208 560 ut
217 509 285 562 bene
295 508 443 560 emundavit
452 508 584 560 lientieins
591 527 640 579 pro
646 508 768 580 pomifer.
777 507 834 560 Alia
844 525 907 560 vero
916 527 956 562 res
966 523 1006 562 est
1013 531 1117 575 saxeum
1126 533 1222 588 nempe

179 608 193 638 e
203 589 269 642 suxis
275 587 366 659 faetus
377 589 419 641 rel
431 601 557 642 sonemus.
570 591 608 640 itu
620 587 749 640 Thebaid.
761 585 875 653 libili,
888 605 955 640 vers.
966 589 1033 654 408:

396 685 462 731 Nunc
471 685 623 745 unguinens,
634 697 698 727 nunc
707 696 788 728 eureus
796 679 881 736 imber;

181 787 207 825 et
217 777 254 826 itu
270 776 371 846 possim
386 773 458 844 apud
470 771 595 822 Nostrum
608 780 635 820 et
647 769 726 835 elios,
734 787 820 841 neque
832 767 907 822 aliter
916 771 1066 844 quisquam.
1075 775 1224 830 Bernartius

181 852 215 906 ad
228 854 413 925 explicandum
423 869 526 906 saxeum
536 849 609 902 hunc
619 849 761 916 Anienem,
775 848 884 902 adducit
897 849 989 904 locum
999 855 1119 908 Suetonii
1130 855 1222 910 Claud.

182 953 204 984 c.
222 949 270 985 eo:
286 931 438 1004 «simulque
450 931 533 981 rivum
547 929 655 981 Anienis
667 945 737 979 novo
750 927 782 997 (i.
797 928 874 1000 novi)
884 927 990 1002 lapideo
1002 952 1083 1005 opere
1094 936 1122 988 in
1133 936 1225 989 urbem

181 1011 318 1083 perduxit,
328 1013 469 1084 divisitque
479 1012 506 1060 in
516 1007 644 1082 plurimos
654 1021 681 1060 et
690 1009 870 1063 ornatissimos
878 1009 962 1064 locus.
974 1035 985 1058 ι
998 1011 1049 1066 Sed
1059 1013 1133 1067 nullo
1144 1013 1225 1068 modo

182 1091 281 1144 nodum
298 1091 376 1145 solvit
390 1091 435 1142 hic
452 1089 546 1141 locus:
564 1085 626 1139 licet
643 1090 713 1139 eninr
730 1087 854 1141 Claudius
871 1089 998 1143 Anienem
1012 1093 1039 1144 in
1057 1091 1149 1146 urbem
1165 1113 1225 1167 per-

183 1169 286 1223 duxerit
300 1170 406 1240 lapideo
422 1186 517 1240 opere,
533 1183 587 1218 non
601 1179 689 1218 tumen
702 1183 734 1220 ea
746 1167 779 1218 sie
793 1185 874 1220 causa
888 1181 959 1221 recte
973 1168 1025 1222 dici
1039 1185 1127 1243 potest
1137 1192 1227 1226 meru

182 1251 264 1314 Anio;
277 1268 372 1320 quum,
384 1262 415 1300 ut
427 1265 507 1319 supro
520 1245 588 1314 dixi,
603 1246 682 1298 aliem
699 1265 755 1298 rem
766 1247 876 1300 denotet
886 1267 938 1302 rox
953 1269 1059 1304 meust
1076 1264 1103 1304 et
1116 1255 1139 1306 si
1154 1267 1227 1306 recte

88 1329 91 1336 ’
183 1325 237 1380 dici
253 1342 459 1400 penetensem,
472 1327 576 1380 deesset
591 1337 680 1378 temen
696 1325 795 1398 aliquid
812 1325 886 1398 qnod
902 1343 1084 1400 opponeretur
1096 1331 1143 1386 reis
1161 1331 1228 1383 uhic

183 1407 311 1461 tumidum
327 1409 427 1462 rabiem
442 1426 620 1481 spumosaque
637 1406 898 1478 ponitMurmurs31·
918 1409 1013 1462 dixisse
1032 1412 1101 1464 enim
1118 1410 1227 1478 debuit,

184 1487 268 1540 Anien
283 1489 352 1542 inira
366 1507 500 1562 supraque
512 1487 628 1540 turbidus
640 1487 680 1538 vel
692 1487 819 1553 usmidus,
833 1488 874 1540 rel
887 1506 999 1562 preceps
1011 1487 1067 1559 (rel
1080 1490 1145 1562 qnid
1156 1493 1229 1562 ejus·

185 1565 271 1636 modi,
283 1587 337 1621 non
351 1568 470 1640 sueto),
483 1565 526 1618 hio
542 1567 643 1640 quietus
654 1578 703 1620 est.
720 1568 778 1618 iioc
794 1566 876 1618 modo
891 1569 1018 1638 scripturn
1030 1587 1087 1622 esse
1102 1571 1229 1642 oportuit.

185 1647 236 1702 Sed
247 1668 339 1703 rocem
351 1651 496 1703 Stationem
508 1647 565 1700 nliis
578 1645 753 1718 indagandum
765 1646 902 1719 relinquo:
916 1644 981 1698 mibi
992 1651 1060 1700 enim
1074 1651 1164 1701 omniu
1174 1667 1231 1702 rer·

186 1729 255 1780 sunti
266 1727 331 1780 nihil
341 1728 456 1780 occurrit
464 1724 536 1796 quod
546 1725 665 1776 terunciu
676 1727 793 1776 emerim.
806 1725 934 1780 Turbidus
942 1725 1051 1798 quidem
1062 1730 1161 1798 optime
1169 1747 1231 1780 con·

186 1822 306 1878 generem
323 1808 378 1861 hoc
396 1809 466 1860 eninr
481 1805 617 1877 epitheton
632 1804 717 1858 fluviis
736 1823 804 1876 sepe
822 1803 956 1860 tribuitur.
974 1807 1041 1874 Sed,
1058 1823 1230 1881 preterqusrn

189 1886 260 1957 quod
270 1891 388 1960 sequitur
399 1889 498 1939 turbare
507 1905 585 1938 versu
594 1888 730 1958 proximo,
740 1888 861 1940 immanis
871 1901 912 1940 est
922 1890 1048 1956 mutatio,
1057 1903 1083 1942 et
1093 1892 1136 1942 vix
1145 1894 1231 1944 animo

189 1964 378 2036 concipiendo,
394 1965 492 2017 nedum
509 1983 575 2016 sano
589 1965 680 2018 critico
696 1965 867 2019 admittenda.
881 1967 954 2020 idem
968 1987 1064 2022 censeo
1078 1969 1113 2022 de
1122 1987 1233 2043 preceps

189 2058 214 2094 et
233 2045 332 2114 undu,
351 2043 528 2118 exspectanda
543 2047 622 2115 igitur
638 2045 689 2098 alia
707 2046 874 2118 exemplario.
888 2046 1021 2101 Domitius
1032 2051 1233 2121 interpretetur,

192 2149 203 2171 ι
214 2123 325 2178 Saxeus:
339 2122 431 2178 labens
441 2125 557 2198 alioquin
567 2144 615 2196 per
624 2144 700 2192 saxu,
711 2141 737 2179 et
747 2139 876 2198 strepens.
888 2150 899 2174 ι
911 2127 1037 2182 Concedo
1047 2127 1234 2184 bonosentum

190 2221 248 2256 csse
259 2203 371 2258 debere:
386 2204 432 2256 sed
444 2206 503 2275 quis
513 2203 575 2256 mibi
587 2204 728 2276 probabit,
740 2206 781 2259 rel
793 2224 847 2258 uno
863 2205 990 2278 exemplo,
1002 2207 1073 2261 hanc
1085 2227 1143 2262 esse
1156 2211 1236 2282 signi·

54 2275 59 2286 ⁵
110 2285 112 2288 ’
191 2288 340 2339 iicetionem
351 2287 422 2338 vocis
431 2287 585 2340 saxeusPDe
595 2299 726 2340 cataracte
735 2289 844 2340 Aniis
854 2287 889 2339 ud
898 2287 991 2340 urbem
1000 2289 1085 2342 Tibur
1093 2289 1153 2344 vide
1162 2291 1237 2344 Stre·

191 2367 302 2433 bonum,
313 2369 346 2433 V,
360 2385 420 2438 pop.
438 2367 500 2434 1643
515 2365 561 2420 sed
573 2365 639 2418 nihil
653 2366 714 2418 inde
728 2365 791 2418 huic
804 2365 865 2418 loco
878 2367 1041 2420 restituendo
1054 2367 1143 2438 colligi
1157 2387 1237 2440 posse

192 2464 268 2520 puto.
280 2447 367 2500 Alioui
378 2449 448 2500 forte
460 2467 515 2500 non
527 2447 692 2520 displicebit,

378 2547 430 2607 ipse
440 2546 515 2592 Anien
525 2545 642 2605 (mirande
652 2545 721 2604 fides)
729 2543 837 2608 inimque
847 2559 963 2608 superque

380 2618 422 2662 Vix
431 2633 499 2674 suns,
510 2617 548 2666 bic
557 2618 667 2666 tumidum
676 2617 777 2674 rabiem,
788 2629 833 2664 etc.

194 2704 224 2758 id
238 2718 293 2768 est,
307 2707 397 2758 furens
412 2717 438 2758 et
448 2708 490 2758 rix
501 2709 541 2760 sui
555 2725 683 2779 compos:
699 2709 775 2778 cujus
787 2705 987 2781 significationis
1000 2709 1073 2759 vocis
1085 2725 1145 2760 nors
1155 2706 1239 2758 multe

195 2787 314 2858 exemplu
330 2785 427 2839 adduci
443 2800 565 2859 possent3
582 2801 609 2840 et
621 2788 690 2840 bene
707 2801 892 2860 opponeretur
909 2787 1099 2860 sequentibus,
1113 2787 1238 2840 tumidum

196 2867 303 2932 rubum,
317 2881 368 2920 etc.
384 2867 498 2920 Sedabo
509 2871 617 2921 notione
629 2872 742 2922 sumitur
750 2889 802 2923 ror
813 2889 880 2936 suus,
895 2867 1002 2942 quondo
1015 2869 1049 2922 de
1061 2869 1142 2923 fluvio
1155 2883 1240 2920 sermo

196 2959 247 3011 est,
261 2959 290 2998 nt
298 2947 449 3017 perspicere
460 2960 537 3014 potes
550 2945 602 2998 hoc
614 2946 675 3000 loco
685 2947 826 3002 Clondieni
838 2951 865 3002 in
877 2951 987 3020 Eutrop.
1000 2951 1036 3014 li,
1049 2948 1114 3012 266,
1127 2947 1161 2999 de
1172 2945 1241 2997 liler-

196 3044 240 3098 syu
253 3039 279 3077 et
288 3025 422 3077 Maesndro
432 3026 531 3090 lluriis;
545 3030 637 3101 Pomp.
650 3029 721 3082 Mela
733 3029 768 3082 de
776 3031 853 3082 Nilo:
870 3053 881 3075 ι
892 3033 974 3101 qriurn
985 3027 1030 3078 din
1041 3028 1151 3099 simplex
1164 3045 1242 3078 snus-

198 3123 250 3176 qne
261 3102 406 3157 descendit.
419 3130 430 3154 s
445 3109 483 3158 itu
495 3109 594 3179 optime
606 3110 720 3160 restituit
731 3111 764 3162 lt.
778 3110 899 3160 Heinsius
911 3126 962 3178 pro
974 3123 1058 3159 soevus.

235 3212 277 3264 23.
296 3213 426 3266 Habentes
436 3217 553 3270 cannino
562 3235 672 3270 somnos.
684 3217 797 3268 Arentes
808 3215 925 3267 cannino
936 3231 1050 3276 somnum
1062 3213 1100 3264 its
1111 3211 1244 3285 pier-reque

198 3290 334 3343 editiones.
344 3293 476 3348 Domitius
489 3300 524 3347 itu
535 3295 661 3368 explicat:
672 3297 780 3348 Somnos
790 3305 892 3347 aventes
902 3294 1032 3357 cumina,
1042 3293 1059 3342 i.
1073 3308 1096 3342 e.
1108 3290 1242 3364 placidum

198 3371 320 3443 quietem.
330 3372 392 3426 Non
403 3375 531 3446 intelligo.
542 3375 616 3427 Alius
626 3387 714 3440 notat,
730 3373 796 3424 sEst
806 3375 965 3444 permutatio
976 3373 1121 3424 vicinarum
1131 3389 1242 3426 rocunr:

199 3452 286 3506 dicere
304 3456 374 3507 enim
390 3455 504 3508 debebat
518 3458 635 3508 camina
653 3471 753 3508 somnos
769 3455 917 3506 amantio.»
937 3453 982 3506 lile
999 3453 1080 3523 igitur
1095 3452 1203 3522 legebat
1218 3467 1243 3506 et

198 3547 314 3589 amantes
331 3540 447 3589 carrnirru
460 3555 569 3590 sorrtrros.
581 3539 698 3608 Uterque
715 3553 806 3587 eorum
824 3533 941 3601 errabat,
957 3534 1030 3607 quod
1046 3553 1101 3588 non
1116 3535 1244 3588 intellexit

199 3617 415 3688 ¹significationem
428 3619 500 3670 vocis
510 3635 620 3682 somnos,
633 3635 690 3688 quur
700 3615 753 3668 hoc
765 3614 826 3668 loco
839 3616 947 3685 ponitur
957 3635 1008 3687 pro
1021 3627 1119 3682 noctes,
1130 3630 1160 3669 nt
1172 3614 1244 3688 opud

198 3698 349 3768 Virgilium,
360 3699 455 3766 Georg.
469 3695 512 3748 lib.
526 3698 551 3762 l,
564 3715 588 3748 v.
604 3697 673 3748 208:

384 3790 451 3835 Libra
461 3789 498 3835 die
508 3791 630 3853 somnique
640 3807 708 3854 paret
718 3791 759 3838 ubi
768 3791 848 3837 fecerit
857 3789 941 3837 horus:

199 3880 234 3932 ud
244 3899 298 3952 qnae
311 3881 428 3932 Servius:
445 3902 456 3924 ι
467 3879 570 3944 Somni,
582 3880 610 3932 id
620 3897 673 3946 est,
686 3885 785 3935 noctis:
799 3901 861 3935 narn
872 3882 905 3934 ob
918 3879 1007 3934 officio
1019 3883 1144 3952 temporis
1155 3881 1243 3951 ipsum

201 3975 303 4032 tompus
316 3958 439 4012 ostendit.
451 3985 461 4007 r
475 3963 658 4036 Huchirqilii
669 3963 756 4016 loonm
770 3967 886 4017 imitetur
899 3965 1041 4028 Ausonius,
1054 3961 1127 4033 ldyii.
1141 3961 1188 4024 xi,
1201 3959 1243 4019 31,
