2782 4486
384 329 514 394 LIBRI
538 330 715 413 QUINTI
740 331 991 396 SlLVARUM.
1144 331 1208 398 635

206 459 249 526 46.
266 459 330 511 llari
347 475 410 530 quas
427 475 563 530 nuquam
585 457 696 510 habuere
711 469 839 532 perenm.
861 458 903 511 Sic
924 457 1023 510 liabent
1043 460 1210 531 exemplaris.

169 539 296 592 Morellus
312 557 361 610 pro
377 555 513 609 nunquam
528 538 643 608 conjecit
659 557 791 614 unquam
810 552 837 591 et
849 541 887 590 its
902 541 1055 592 Parmensis.
1075 541 1212 594 Getartius

170 617 253 670 edidit
267 617 329 670 euri.
340 619 456 688 Uterque
468 615 645 688 reprehensus
656 619 805 686 Gronovio,
815 621 897 670 Diatr.
909 638 933 671 e.
942 620 990 680 51,
1001 619 1048 670 ubi
1057 618 1112 672 liaec
1122 635 1211 673 notet:

173 719 183 744 ι
198 696 330 750 Grandine
345 696 427 747 multo
443 697 555 762 Noster,
574 699 626 750 rari
640 716 782 770 nunquam.
798 698 861 750 llari
873 712 996 769 parentes
1007 713 1118 770 propter
1129 700 1214 754 scelus

168 775 306 830 huminum
322 776 474 828 habueruut
490 796 566 830 veras
584 775 706 830 lacrimas
724 797 740 829 a
755 781 839 841 nntis;
855 778 901 831 sed
919 793 946 830 et
960 781 1038 850 pauci
1052 781 1099 849 qui
1114 779 1215 832 habue-

170 871 244 922 ruut,
263 876 318 908 non
331 871 419 908 tamen
431 869 536 924 tantas,
554 870 662 930 tamque
678 856 803 924 acerbas,
818 872 928 930 quantas
942 877 991 929 ego
1008 859 1055 911 tibi
1068 861 1187 912 confero.
1200 881 1211 906 ι

168 935 251 1002 Vide,
264 935 361 1004 lector,
382 934 445 1006 quid
460 937 494 988 sit
507 938 615 988 nimium
629 955 754 1005 acumen,
773 951 798 990 et
811 956 892 1008 quem
906 937 983 990 facile
997 935 1121 990 fallamur
1132 940 1159 988 in
1173 937 1215 990 his

170 1014 280 1082 studiis,
298 1017 350 1067 nisi
365 1030 514 1087 spectemus
533 1013 588 1082 ripe
605 1014 697 1086 opiam
713 1015 754 1068 ui
770 1015 869 1068 inicos.
891 1019 997 1088 Quippe
1018 1017 1132 1069 lacrimat
1152 1033 1217 1086 ques

170 1097 223 1148 rari
234 1106 352 1168 parentes
368 1096 496 1162 habuere,
513 1111 574 1150 sunt
590 1097 702 1150 lacrimoe
717 1118 781 1172 quas
796 1109 915 1170 parentes
930 1116 990 1150 raro
1004 1099 1126 1160 imbuere,¹
1142 1111 1168 1150 et
1182 1117 1215 1150 eo

170 1195 255 1244 usque
270 1196 361 1231 sensns
375 1179 492 1248 optimus
504 1192 551 1231 est.
564 1179 623 1230 lam
633 1197 696 1230 vero
707 1182 729 1232 si
740 1179 880 1232 interseras
894 1197 1028 1252 nunquam
1036 1217 1045 1244 ,
1060 1179 1121 1230 ride
1136 1195 1217 1251 quam

171 1254 316 1309 absurdum
328 1257 433 1320 fecerim
446 1270 510 1310 tunc
523 1260 591 1310 enim
604 1260 667 1322 erit,
680 1259 796 1312 lncrimoe
809 1277 871 1331 quas
882 1271 999 1329 parentes
1010 1277 1070 1311 raro
1080 1277 1216 1332 nunquam

171 1335 296 1388 habuere:
308 1334 350 1388 vel
364 1339 386 1387 si
396 1334 423 1388 si
439 1337 491 1388 rari
502 1350 636 1408 parentes,
651 1356 700 1407 per
711 1340 792 1410 periei
803 1337 931 1408 explices,
941 1337 1037 1390 eodem
1048 1355 1089 1389 res
1102 1339 1216 1401 recidet3

170 1412 285 1468 lacrimoe
295 1433 358 1486 quas
373 1415 454 1485 pauci
464 1427 582 1486 parentes
596 1414 705 1466 tabuere
717 1428 788 1467 recte
800 1415 895 1466 dixeris
909 1436 915 1464 ε
931 1413 1045 1467 lacrimo
1060 1432 1124 1485 quas
1136 1417 1216 1485 pauci

169 1507 288 1566 parentes
300 1512 436 1564 nunquam
451 1493 575 1558 habuere,
591 1491 712 1546 absurde.
727 1493 801 1545 ldem
815 1491 964 1563 pericnlum
976 1493 1058 1544 facies
1073 1493 1128 1545 istis
1144 1495 1216 1546 Mar-

171 1573 241 1626 tialis
250 1574 352 1640 verbis,
361 1576 410 1645 Ep.
420 1576 445 1637 1,
458 1591 488 1638 2,
498 1573 528 1636 6,
539 1571 620 1624 decus
630 1571 704 1642 quod
717 1595 729 1618 ι
739 1572 800 1623 llari
810 1569 1085 1643 postcinereshsbent
1092 1583 1190 1640 postte3
1201 1595 1213 1618 ι

171 1653 293 1706 eumdem
307 1656 404 1706 exitum
417 1648 608 1722 deprehendes.
626 1651 711 1703 Sensit
723 1650 789 1717 hoc,
807 1652 916 1723 opinor,
928 1650 1093 1716 Gronovius,
1105 1650 1214 1704 Elenclr.

171 1735 311 1788 Antidiatr.
327 1753 350 1786 c.
366 1753 396 1804 7,
411 1732 458 1785 ubi
475 1732 551 1785 aliter
564 1733 765 1802 interpretatur,
781 1749 890 1802 nempe,
900 1731 954 1783 rari
966 1747 1103 1802 parentes,
1118 1734 1157 1783 nii
1170 1735 1215 1803 qui

169 1834 247 1868 veros
261 1816 373 1885 gemitus
388 1813 516 1866 orborum
528 1827 694 1886 meruerunt.¹
704 1837 715 1859 ι
733 1812 829 1864 Melius
844 1810 910 1876 hoc,
925 1823 1019 1882 utpote
1030 1811 1096 1863 nihil
1109 1810 1216 1864 absurdi

171 1897 197 1947 iu
214 1913 242 1947 se
260 1893 372 1948 habens.
390 1891 442 1945 Sed
457 1893 564 1944 omnino
579 1905 651 1944 recte
663 1890 747 1943 edidit
762 1892 913 1956 Gevurtius,
929 1892 982 1942 cari
999 1911 1064 1964 quas
1081 1910 1216 1964 nunquam

171 1975 281 2028 latuere
289 1985 422 2047 parentem
434 1987 463 2025 ut
473 1971 551 2025 Ovid.
564 1973 622 2023 Am.
633 1975 660 2039 1,
672 1991 702 2042 7,
715 1971 744 2039 5,
760 1996 771 2018 ι
781 1974 857 2024 Tunc
869 1991 917 2042 ego
929 1970 970 2023 vel
983 1991 1058 2024 caros
1070 1975 1147 2042 potui
1160 1973 1217 2024 vio-

170 2056 226 2108 lare
240 2069 396 2126 parentemn
413 2066 439 2106 et
452 2051 558 2104 lleroid.
573 2051 650 2119 XXI,
665 2053 714 2120 43,
730 2053 898 2123 «Quumque
911 2050 968 2104 dies
980 2053 1049 2106 caris
1061 2064 1153 2124 optate
1166 2070 1216 2124 pa·

170 2133 290 2188 rentibus
304 2135 419 2194 instan-
436 2132 588 2199 Lucretius,
602 2131 649 2184 lib.
663 2135 712 2197 111,
728 2131 775 2186 ⁸5:

357 2241 415 2285 Nam
423 2240 470 2301 jaro
480 2255 540 2301 saepe
550 2238 657 2286 homines
666 2239 765 2302 patriam
774 2253 887 2302 carosque
896 2247 1005 2301 parentes

355 2309 523 2366 recuderunt,
535 2311 607 2357 visere
616 2309 741 2357 Acherusia
752 2308 836 2372 templa
845 2321 965 2372 petentem

171 2410 217 2464 ubi
236 2423 324 2462 tamen
342 2410 409 2462 forte
422 2421 543 2480 prestat,
560 2427 682 2481 carosque
694 2420 814 2480 penates,
836 2426 882 2460 seu
897 2405 997 2458 domos.
1015 2405 1140 2477 Exempla
1157 2419 1218 2458 sunt

172 2489 259 2543 obsis.
272 2491 341 2542 Dicit
356 2492 436 2561 igitur
447 2489 543 2542 Statius
555 2508 561 2536 ε
573 2487 646 2540 Nulli
658 2501 797 2559 parentes,
811 2487 872 2540 licet
883 2485 943 2538 liliis
956 2486 1097 2552 carissimi,
1113 2484 1217 2537 habue-

172 2582 233 2622 runt
242 2569 308 2622 tales
316 2569 438 2620 lacrimas
449 2568 541 2640 quales
548 2586 597 2637 ego
609 2567 656 2618 tibi
667 2567 810 2620 collaturus
820 2585 887 2619 sum.
898 2567 956 2618 Nisi
966 2565 1040 2617 malis
1050 2564 1115 2617 clari
1121 2583 1217 2636 poren-

173 2660 223 2716 tes,
239 2647 265 2699 id
281 2661 333 2714 est,
345 2647 441 2700 nobiles
452 2661 478 2700 et
490 2666 586 2718 genere
597 2646 725 2713 illustres,
737 2661 766 2700 ut
777 2646 850 2718 apud
859 2647 950 2699 Horat.
962 2648 987 2700 S.
998 2649 1022 2712 l,
1032 2646 1062 2712 6,
1074 2646 1121 2710 58,
1134 2668 1145 2691 ι
1156 2641 1217 2697 Non

174 2746 223 2800 ego
233 2747 274 2779 rne
285 2726 455 2778 claronetum
465 2741 555 2798 patre,
563 2738 612 2778 etc.
624 2750 636 2773 ι
647 2727 718 2798 quod
728 2726 790 2780 huic
800 2725 860 2779 loco
871 2739 897 2778 et
906 2730 1038 2779 sententie
1047 2727 1145 2797 optimc
1155 2743 1218 2777 con·

173 2807 251 2880 gruit.
268 2807 337 2858 Nam
355 2809 404 2859 sen’
417 2817 549 2880 parentes,
567 2803 601 2874 (i.
615 2825 638 2859 e.
654 2806 780 2881 lonpoevi)
797 2824 852 2878 quae
873 2819 928 2858 erat
944 2807 1096 2876 conjectura
1109 2807 1216 2880 Hieron.

174 2887 309 2957 Bignonii,
320 2886 450 2938 referente
458 2885 593 2937 Gronovio
604 2897 630 2936 et
639 2884 785 2956 probante,
795 2884 829 2936 ed
838 2883 882 2937 fin.
893 2885 1003 2937 Elench.
1014 2881 1216 2948 Antidiatribes,

173 2984 227 3018 non
244 2985 274 3018 ex
289 2979 346 3018 toto
361 2967 450 3018 sensui
465 2965 601 3018 satisfecit.
623 2965 691 3037 Quas
701 2985 763 3018 vero
781 2978 820 3017 est
836 2963 940 3038 quales,
956 2978 985 3017 ut
1002 2963 1094 3018 Glauc.
1113 2962 1215 3014 Melior.

172 3063 198 3098 v.
219 3045 268 3116 33,
285 3068 297 3092 ι
309 3047 397 3112 Quum
414 3047 538 3118 proprios
556 3063 687 3116 gemerem
701 3045 821 3098 defectus
839 3044 873 3097 ad
895 3045 967 3118 ignes
988 3047 1090 3115 Quem,
1108 3056 1216 3108 natura,

172 3130 287 3198 petrem!
298 3149 310 3172 ι
324 3125 351 3178 id
364 3138 413 3193 est,
432 3125 541 3198 Qualem
554 3135 671 3197 patrem
685 3125 823 3199 Virgilius,
837 3128 895 3178 AEn.
911 3127 956 3192 lV,
974 3143 1020 3192 tt,
1038 3126 1144 3191 «Quem
1159 3139 1217 3174 sese

173 3223 220 3258 ore
233 3207 335 3258 ferens!
356 3225 434 3280 quem
449 3207 510 3258 forti
524 3219 645 3277 pectore,
660 3219 686 3259 et
701 3207 814 3259 aroris!-
828 3207 864 3258 ite
878 3203 1032 3276 legendum
1044 3201 1122 3272 vulgo
1137 3217 1216 3273 quam

167 3285 252 3356 sorti3
262 3285 330 3338 male
344 3307 350 3338 t
364 3289 385 3339 si
399 3287 468 3338 enim
482 3287 595 3338 retineas
605 3305 697 3359 quam,
708 3288 871 3338 constructio
885 3285 940 3337 hec
953 3287 1015 3345 erit;
1029 3285 1135 3352 «Quam
1154 3280 1217 3332 forti

172 3379 294 3434 pectore,
307 3379 334 3418 et
344 3385 425 3438 qnam
435 3366 523 3418 armis.
535 3388 546 3411 ν
562 3365 633 3432 Quid
646 3386 706 3418 vero
721 3379 760 3418 est
771 3385 851 3438 quam
863 3364 959 3417 annis?
971 3382 1049 3416 arena
1060 3363 1116 3413 sine
1128 3360 1215 3412 calce:

173 3445 225 3498 nisi
240 3463 290 3497 vox
303 3447 419 3518 fertilius
432 3444 601 3516 intelligenda
616 3446 663 3510 sit,
680 3443 734 3496 hoc
746 3444 841 3512 modo,
857 3462 956 3516 «quam
975 3442 1037 3494 forti
1051 3453 1174 3512 pectore,
1190 3452 1217 3490 et

174 3543 254 3597 quem
277 3526 389 3578 fortibus
411 3527 523 3579 urinis.»
549 3525 601 3580 Sed
624 3525 736 3577 alterum
756 3524 841 3576 multo
865 3523 1024 3593 elegantius,
1047 3533 1072 3573 et
1095 3520 1216 3592 repetitio

173 3603 352 3676 relmimipe
361 3624 368 3656 ε
378 3606 484 3678 qualem
494 3605 567 3659 vultu
575 3645 583 3673 ,
592 3604 698 3680 qualem
709 3607 770 3657 toni
780 3617 890 3676 pectore
902 3623 948 3656 seu
960 3602 1100 3676 patientia,
1112 3597 1215 3672 qualem

174 3687 273 3736 ermis!

209 3855 251 3911 51.
270 3859 353 3914 Siculi
365 3863 482 3932 sepulcri.
497 3865 649 3917 Certamina
661 3859 695 3913 ad
709 3862 839 3914 tumulum
850 3861 986 3930 Anchisae,
1001 3863 1027 3912 in
1040 3857 1140 3925 Sicilia,
1153 3869 1215 3908 note

172 3941 288 3992 carmine
301 3941 456 4013 virgiliano.
474 3945 572 3996 Doutr.
