2804 4490
153 291 214 356 166
342 286 475 354 NOTAE
500 286 548 352 IN
573 287 769 350 GARMEN
794 287 991 354 SEXTUM
1070 335 1075 352 .

136 415 296 469 ‚Periculose
310 415 519 487 argumentatio,
537 431 619 486 quum
635 411 703 464 adeo
718 409 857 484 prnbabiie
873 413 907 464 sit
922 412 1036 466 Statium
1050 417 1187 489 scripsisse

108 551 112 556 ,
146 499 248 563 meeis,
262 514 317 548 non
331 496 429 549 mand.
443 496 484 547 De
497 489 619 564 sequenti
629 511 721 560 versu,
737 493 826 566 lsrpis
835 494 981 568 pransitasse
992 496 1063 550 sodis
1074 501 1187 571 sopistis,

147 578 229 632 muita
243 579 422 650 suspicionem
433 574 498 628 mihi
508 589 616 628 movent
627 593 683 628 uon
694 575 770 627 Statii
780 591 851 641 esse,
863 574 911 628 sed
920 574 1063 630 ludibundi
1075 577 1187 651 aiicujus

148 661 193 730 qui
207 661 365 712 seutentiam
379 658 456 710 nimis
466 655 574 727 longam
588 656 613 728 (a
626 673 664 707 vs.
679 672 709 708 tn
723 653 759 706 ad
768 673 807 708 vs.
821 655 865 726 no)
877 655 1007 728 putabat,
1021 671 1048 710 et
1061 658 1121 711 ideo
1135 659 1188 712 hac

147 755 219 789 mora
235 751 261 791 et
274 739 447 810 respiratione
460 734 687 808 interstinguebat.
702 737 789 788 Primo
804 737 874 788 enim
884 753 936 788 vox
949 737 1020 788 cadit
1031 739 1113 810 paulo
1127 751 1187 791 ants

142 818 276 884 occurrit,
287 831 313 871 et
324 819 412 872 statim
423 819 543 888 sequitur
554 815 685 870 cadebant.
697 814 813 882 Deinde,
826 834 930 885 caune,
941 835 1044 890 pruna,
1056 818 1151 890 palma
1162 831 1189 870 et

148 893 240 948 similia
251 915 306 948 nou
317 896 370 949 dici
382 908 494 968 possunt
505 894 601 948 cadere
612 895 689 967 largis
701 896 810 966 rapinis,
822 894 871 948 sed
882 893 977 961 mind,-
989 912 1018 950 ut
1029 897 1108 949 natu
1117 896 1188 970 pcii,

146 976 245 1045 passim
259 975 331 1046 apud
344 987 447 1046 poetas.
466 975 543 1028 Dices
558 975 626 1026 forte
639 975 738 1047 rapinis
750 973 845 1027 cadens
858 976 1007 1047 significare
1024 978 1053 1028 in
1069 975 1187 1048 supinas,

148 1065 177 1102 ut
188 1072 212 1104 v.
223 1053 272 1107 63:
284 1055 435 1127 Coeumque
444 1055 514 1128 vagis
520 1071 596 1126 praes
605 1052 712 1126 rapinis,
725 1052 754 1104 id
764 1066 819 1121 est,
829 1071 924 1116 cusuroe
933 1054 961 1106 in
971 1053 1082 1129 rapinas.
1092 1055 1188 1118 Recte,

148 1134 273 1204 inquam,
288 1133 359 1205 copis
372 1135 483 1204 ropinis;
497 1132 545 1185 sed
559 1152 612 1205 quo
627 1151 708 1185 seusu
722 1133 817 1208 laryir?
830 1153 902 1210 ναμε
914 1137 1013 1209 rapinoe
1025 1148 1088 1186 suut
1101 1153 1158 1206 qure
1172 1153 1189 1185 a

148 1213 218 1285 sepis
228 1215 383 1284 rapiuntur:
397 1231 429 1265 nn
441 1213 502 1265 ideo
515 1213 594 1286 latpoe
606 1213 705 1286 rapinoe
717 1231 774 1286 quae
786 1233 801 1267 u
814 1214 892 1290 iaspis
902 1217 1059 1286 rapiuntur?
1069 1216 1188 1286 ineptum

147 1289 208 1343 hoc.
220 1291 316 1345 Saltem
328 1293 463 1365 scripsisse
472 1290 579 1360 debuit,
588 1292 663 1344 letis
672 1293 816 1366 preteritum
827 1296 898 1349 cadit
906 1295 1020 1368 rapinis:
1030 1293 1058 1346 id
1068 1306 1120 1361 est,
1131 1309 1188 1363 quse

147 1389 163 1421 a
178 1368 241 1423 lctis
254 1373 409 1444 rapiantur:
425 1369 483 1438 vei,
498 1373 587 1446 Lorqis
597 1372 740 1445 protritum
755 1374 825 1426 cadit
836 1375 925 1431 ruinis.
939 1374 991 1428 sed
1004 1392 1108 1426 remove
1122 1389 1190 1443 psu-

146 1448 226 1522 lispcr
236 1471 341 1505 versum
352 1452 441 1519 hunc,
453 1466 479 1504 et
491 1451 550 1504 vide
563 1465 663 1525 quanto
674 1453 769 1508 melius
779 1455 909 1525 procedat
920 1455 1021 1512 oratio:

361 1549 477 1612 Quicquid
485 1547 562 1598 nobile
571 1551 671 1604 Ponticis
679 1550 770 1598 nucetis

364 1621 477 1674 fecundis
485 1619 547 1670 cadis
555 1633 595 1666 aut
604 1621 663 1684 jugis
671 1621 776 1676 Idumes;

365 1690 434 1754 Quod
442 1691 511 1738 ramis
520 1689 560 1750 pia
570 1691 684 1750 perminus
692 1691 830 1744 Damascus,
941 1737 943 1748 ,

267 1799 278 1816 '
364 1759 791 1893 iioiiiiiiiiiissiiiiqiem⁸³

365 1903 392 1944 Et
401 1899 479 1946 massis
488 1865 595 1945 Ameiina
606 1915 653 1944 nou
662 1868 775 1961 perusiis,

366 1969 394 2012 Et
402 1978 545 2025 mustaceus,
555 1981 579 2014 et
588 1967 674 2015 latente
684 1969 761 2033 prima

365 2039 513 2099 Fumantes
521 2037 663 2102 caryotides,
674 2039 794 2086 cadebam.

152 2132 235 2184 Sentis
241 2136 296 2204 jem
306 2133 408 2187 nulium
422 2155 489 2207 opus
502 2153 559 2189 esse
570 2137 701 2189 versiculo
713 2139 764 2190 isto
777 2147 823 2188 aut
834 2137 925 2209 inepte
939 2153 984 2190 eut
996 2138 1140 2210 depravato
1150 2159 1156 2187 2
1167 2149 1194 2187 et

152 2231 244 2267 cursus
257 2218 417 2270 narrationis
431 2217 483 2270 hoc
496 2231 577 2290 pacto
591 2237 646 2271 nou
659 2219 792 2289 frangitur
806 2216 846 2270 rei
859 2219 1011 2291 impeditup,
1026 2218 1073 2274 sed
1107 2237 1194 2270 cnun-

153 2307 196 2346 tur
208 2297 297 2350 omnia
305 2295 396 2364 simui,
409 2312 436 2351 et
447 2301 635 2366 coacervatim,
648 2312 674 2351 et
685 2295 909 2370 quemadmodum
921 2299 1061 2352 cadebant.
1111 2299 1196 2351 dhac

154 2377 268 2446 suspicio
282 2391 384 2431 tautum
395 2391 449 2432 est:
462 2381 558 2432 certius
570 2379 656 2445 istud,
667 2379 708 2430 vel
723 2381 842 2450 ineptum
855 2397 911 2432 esse
923 2395 1026 2434 versum
1041 2379 1086 2432 vei
1097 2379 1196 2449 depra-

154 2469 257 2508 vatum:
271 2459 344 2528 quod
356 2475 381 2511 et
393 2459 464 2512 ultra
474 2460 570 2531 prohat
583 2461 742 2525 Parmensis,
755 2477 812 2532 quar
823 2458 905 2512 hubet

248 2577 259 2595 a
370 2557 448 2618 largis
457 2557 583 2618 gratuitum
591 2555 651 2604 calet
658 2557 753 2618 rapinis.

191 2659 235 2726 πή.
255 2659 360 2712 Piebcm
373 2663 502 2736 grandine
518 2663 633 2718 concutit
648 2681 772 2718 sennem.
791 2663 850 2716 Nic.
867 2661 989 2716 Heinsius
1006 2659 1042 2715 ad
1055 2657 1194 2720 claudian.

155 2755 215 2809 pag.
232 2737 296 2807 742,
310 2757 361 2814 pru
374 2758 488 2792 sennam
497 2739 566 2810 degit
579 2759 680 2806 muna,
695 2741 796 2800 scilicet
809 2739 945 2814 grandine.
966 2741 1137 2813 Appourmns
1152 2749 1195 2786 to-

156 2830 212 2868 tum
226 2817 313 2870 iocum
325 2841 331 2871 r
1191 2839 1195 2846 ’

372 2891 425 2937 Non
434 2890 503 2938 tantis
511 2889 573 2956 Hyas
581 2892 688 2940 inserena
698 2893 781 2940 nimbis

373 2961 457 3007 'iicrras
465 2961 557 3018 obruit,
566 2974 606 3008 aut
614 2963 687 3010 seinte
696 2962 768 3019 Plias,

319 3053 325 3062 ·
371 3030 499 3092 Quaiispsr
509 3047 597 3079 cuneos
605 3031 679 3079 hiems
687 3035 781 3080 latinos

372 3100 467 3149 stenem
474 3103 586 3164 gnufflne
597 3105 701 3152 wnmstit
709 3117 822 3150 emnam.

156 3195 208 3246 Ubi
221 3201 335 3267 primum
348 3220 397 3274 pro
410 3201 483 3255 Plias
495 3203 662 3258 scribendum
678 3223 734 3256 esse
745 3199 833 3254 Pleias
847 3217 926 3277 supra
941 3203 1033 3254 monui
1046 3202 1079 3253 ad
1093 3201 1198 3252 Tiburt.

157 3277 238 3328 Mani.
250 3298 287 3331 ss.
301 3281 344 3349 95.
358 3278 460 3340 Deinde
473 3285 557 3336 oculis
570 3285 680 3338 incurrit
693 3283 832 3355 pauperies
846 3283 973 3332 sermonis
985 3283 1055 3354 Hyas
1067 3282 1198 3348 inserena,

156 3357 283 3424 grandine
296 3379 425 3427 semaam,
441 3381 502 3428 seu,
514 3378 543 3416 ut
555 3364 656 3416 mavult
667 3363 803 3427 Heinsius,
815 3377 918 3413 serena:
930 3359 1004 3432 quod
1018 3360 1121 3432 quidem
1136 3361 1200 3413 ferri

158 3450 260 3504 posset,
274 3441 323 3490 nisi
335 3439 409 3491 aliud
421 3439 547 3493 obstaret.
556 3441 622 3494 vide
634 3443 713 3494 enim.
725 3441 796 3494 infra
807 3457 845 3492 vs.
860 3441 906 3507 28,
919 3439 982 3490 dicit
994 3452 1091 3510 poeta,

281 3530 288 3540 '
372 3539 430 3582 Ecce
439 3549 516 3582 auteur
526 3553 606 3586 cereas
616 3539 678 3586 subit
686 3555 730 3601 per
738 3553 818 3594 omues

372 3609 470 3669 Insignis
479 3611 570 3669 specie,
581 3610 666 3656 decora
675 3609 739 3656 cultu

371 3677 450 3726 Piebcs
459 3678 543 3738 altera,
553 3697 601 3728 non
610 3677 689 3728 minor‘
695 3680 798 3728 sedente.

159 3767 237 3838 Atqui
251 3764 325 3821 nulla
338 3769 365 3820 in
377 3767 587 3839 praecedentibus
602 3771 702 3823 mentio
715 3767 802 3844 piebis
814 3768 934 3834 sedentis,
949 3768 1021 3840 qnod
1036 3783 1123 3822 tamen
1139 3765 1195 3820 fieri

157 3862 261 3920 oportet
273 3861 303 3899 ut
313 3848 369 3900 haec
382 3848 532 3904 cohereant
544 3865 570 3903 et
581 3849 760 3922 respondeant
771 3850 960 3926 superioribus.
974 3851 1057 3920 Lege,

372 3947 463 4000 Piebcrn
473 3949 585 4010 grandine
595 3951 698 3998 concutit
707 3949 835 4000 sedentem.
