2776 4484
166 299 208 364 so
325 296 458 362 NOTAE
483 296 533 358 IN
556 295 753 358 CARMEN
779 295 1045 360 SECUNDUM

164 436 235 475 recte
247 439 274 474 se
286 421 374 474 babet.
384 405 470 488 Quem
484 422 552 472 enirn
565 419 608 472 bic
619 420 675 472 vult
687 421 782 474 Statius
794 433 901 472 cantare
910 421 1046 473 Asterida?
1056 419 1204 492 Populum?

166 504 246 574 Atqui
260 501 323 572 quid
341 503 441 571 populo
457 519 518 552 curn
529 499 657 571 dapibus,
677 519 733 571 quae
746 499 780 552 ad
795 499 918 551 lautiores
939 512 1040 551 tanturn
1058 491 1206 571 pertinent?

165 582 270 634 Stellam
280 585 360 653 igitur
372 580 493 650 intelligit
503 580 613 642 Statius;
627 592 652 632 et
664 580 842 632 Violentillam
855 582 989 632 mitescere
1002 580 1064 632 dicit
1076 599 1158 650 quum
1170 599 1207 634 ae·

164 682 225 714 curn
239 675 385 734 reputaret,
399 675 525 732 quantum
542 680 590 733 pro
604 661 647 713 illa
663 680 802 732 perpessus
816 663 916 726 fuerat,
930 674 956 713 et
971 675 1099 732 quantum
1109 659 1206 714 honori

165 743 221 810 ejus
233 741 411 804 adstruxerat,
425 738 475 792 sub
485 740 592 790 nomine
604 739 728 790 Asteridis
739 737 899 790 celebrando
910 738 982 790 illam
994 739 1117 792 omnibus
1127 741 1155 790 in
1167 738 1206 791 lo-

164 823 202 872 cis
212 821 310 890 (totam
321 841 368 893 per
377 819 484 888 urbem)
496 832 522 871 et
532 819 655 871 omuibus
665 819 827 888 temporibus
837 818 914 888 (ants
924 818 1021 892 dapes,
1031 833 1119 886 nocte,
1130 821 1207 891 ortu)

166 897 395 970 legendumigitur
407 898 589 964 varicantem,
602 899 618 948 i.
631 917 654 948 e.
667 897 759 950 Stellae.

202 1069 262 1104 soa.
284 1051 360 1120 Quod
369 1050 471 1101 danem.
479 1088 484 1099 .
493 1085 513 1098 ..
529 1044 629 1098 laboris.
643 1045 771 1099 Prendere
780 1057 886 1120 portum
897 1017 990 1103 laboris
999 1053 1117 1122 ineptum
1129 1059 1156 1102 et
1166 1025 1206 1102 ni-

167 1133 213 1184 bili
224 1144 271 1184 est.
284 1131 343 1183 Scio
356 1129 465 1182 Statium
477 1128 612 1200 scripsisse
625 1127 736 1193 labores,
748 1144 778 1180 ut
788 1131 871 1199 Epist.
885 1129 919 1182 ad
930 1131 1032 1184 Maseli.
1045 1151 1070 1182 v.
1083 1131 1132 1186 88:

548 1231 599 1276 Jsm
608 1231 715 1278 Sidonios
723 1247 815 1279 emensa
823 1233 916 1280 labores

351 1300 464 1358 Thebais,
474 1314 552 1362 optato
562 1301 654 1364 collegit
662 1304 756 1351 carbasa
766 1317 852 1366 portu;

167 1403 214 1456 ubi
228 1402 329 1454 carbasa
341 1409 418 1470 portu
431 1396 552 1469 colliperc
566 1397 636 1450 idem
650 1398 706 1450 vult
720 1399 791 1471 quod
803 1402 926 1473 prendere
936 1413 1032 1474 portus.
1047 1401 1208 1456 Claudianus

167 1481 280 1554 Epithal.
293 1480 356 1531 Pall.
369 1492 395 1529 et
406 1477 488 1530 Celer.
502 1496 526 1528 v.
536 1477 584 1538 66;
595 1479 692 1531 Seneca
702 1481 810 1547 Medea,
821 1501 845 1532 v.
856 1483 916 1535 610.
930 1481 985 1532 lloc
997 1482 1075 1552 igitur
1086 1501 1116 1534 ex
1128 1501 1208 1535 sensu

168 1573 269 1613 certum
283 1571 329 1612 est.
344 1549 417 1608 Nihil
432 1555 594 1608 difficultatis
609 1559 636 1608 in
651 1577 715 1610 voce
732 1562 821 1631 ccepti,
836 1579 917 1632 quum
933 1560 1038 1612 obvium
1054 1562 1087 1614 sit
1101 1571 1209 1630 coeptos·

169 1660 218 1713 que
232 1639 341 1702 labores,
355 1651 383 1690 ut
395 1637 465 1709 apud
478 1639 549 1707 virg.
564 1639 635 1704 Vlll‚
650 1640 715 1708 439,
728 1639 866 1694 Claudian.
878 1643 905 1692 in
916 1643 988 1693 Eutr.
1000 1644 1036 1707 Il,
1051 1642 1115 1712 396;
1130 1639 1207 1693 Ovid.

169 1719 268 1770 Fastor.
282 1718 325 1782 Ν,
343 1714 381 1767 r5.
402 1715 427 1767 Si
442 1717 499 1785 quis
515 1716 586 1767 malit
599 1733 726 1790 soevosqrte
738 1719 849 1785 labores,
865 1739 1031 1792 nequaquam
1045 1719 1208 1789 refragabat.

169 1797 262 1848 luten.
280 1795 332 1846 Sat.
348 1793 386 1858 X,
403 1792 468 1855 3t›0;
484 1792 549 1844 Plin.
565 1795 661 1865 Paneg.
676 1813 734 1866 cap.
754 1796 945 1863 14‚5;Valer.
962 1799 1048 1852 Flacc.
1063 1802 1099 1867 ll,
1113 1797 1178 1853 285:

355 1900 406 1945 Visa
415 1899 470 1946 ratis
479 1916 543 1946 suevae
553 1900 641 1947 delecta
652 1902 773 1950 laboribus
782 1904 849 1950 unde
858 1923 865 1960 ;

354 1973 428 2032 Quam
436 1970 528 2017 Thetidi
537 1972 664 2035 longinqua
674 1973 723 2019 dies
732 1973 866 2037 Glaucoque
874 1987 991 2038 repostam

353 2042 459 2098 Solibus,
468 2055 490 2088 et
499 2045 561 2090 canit
572 2045 653 2092 urebat
662 2043 716 2090 luna
727 2047 815 2107 pruinis
823 2063 830 2102 ς

170 2145 270 2218 defecta
284 2143 413 2195 laboribus
428 2159 498 2195 soevoe
512 2143 602 2207 undoe,
617 2146 633 2194 i.
648 2163 670 2195 e.
686 2143 809 2197 deficiens
824 2145 896 2196 saevis
911 2143 1046 2198 laboribus
1058 2143 1143 2196 unde.
1159 2147 1209 2195 Pro

171 2225 234 2277 luna
246 2224 334 2276 urebat
343 2221 411 2274 forte
422 2225 524 2293 scripsit
536 2220 644 2274 Flaccus
658 2224 757 2276 bruma.
770 2227 844 2276 Paenc
855 2223 952 2276 oblitus
964 2243 1034 2275 eram
1044 2243 1150 2276 monere
1162 2241 1210 2295 pro

174 2304 249 2373 Quod
259 2301 368 2368 durum,
382 2301 523 2371 legendum
534 2320 590 2352 esse
607 2302 659 2372 Qui
670 2302 776 2369 dutum,
793 2315 821 2353 ut
834 2302 877 2354 lib.
893 2305 935 2370 Ν,
947 2321 1026 2353 carm.
1041 2303 1070 2368 8,
1082 2321 1148 2354 vers.
1164 2302 1209 2367 tl:

175 2384 365 2446 «....Macte,
383 2401 399 2432 o
415 2383 537 2450 juvenis,
557 2383 601 2454 qui
620 2394 693 2434 tanta
713 2385 822 2434 merenti
843 2383 953 2434 Lumina
971 2381 1019 2434 das
1037 2385 1163 2456 pstriae3·
1185 2393 1212 2434 et

172 2462 218 2514 lib.
231 2465 278 2526 111,
289 2481 368 2513 carm.
384 2479 488 2526 r,rers.
504 2461 567 2514 166:

357 2557 432 2602 Macte
440 2557 522 2603 animis
531 2559 676 2622 opibusque,
686 2574 750 2605 meos
760 2559 846 2606 imitate
855 2559 959 2615 labores,

356 2629 401 2686 Qui
408 2628 492 2688 rigidas
502 2645 585 2691 rupes,
593 2643 637 2677 etc.

173 2727 233 2778 Non
248 2726 312 2794 quin
325 2734 407 2774 macte
420 2727 490 2794 quod
499 2726 615 2796 probum
629 2730 663 2779 sit
677 2747 726 2780 suo
738 2729 814 2782 loco:
831 2729 878 2782 sed
889 2750 944 2783 non
961 2745 1044 2785 macte
1057 2731 1117 2784 toris
1129 2730 1213 2802 quadr

174 2807 234 2878 quia
244 2823 294 2857 vos
304 2803 376 2867 toris,
389 2805 444 2856 sine
454 2807 525 2876 quod
529 2846 538 2873 ‚
552 2811 668 2880 assignat
680 2813 810 2862 sationem
820 2830 900 2882 quare
911 2829 1025 2866 mactum
1035 2810 1140 2866 Stellam
1150 2810 1213 2862 vult.

174 2918 209 2928 -
218 2884 379 2938 Prehendere
387 2883 420 2935 tle
431 2886 462 2935 iis
472 2883 579 2950 dicitur,
592 2891 637 2958 qui
649 2893 703 2943 voti
715 2904 853 2962 compotes
863 2891 945 2960 liunt,
956 2895 1027 2946 velut
1040 2906 1099 2964 post
1110 2893 1215 2960 longam

174 2968 366 3037 navigationem
379 2967 479 3016 intrant
495 2979 614 3036 optatum
629 2983 745 3040 portum.
762 2969 838 3023 Latet.
853 3001 888 3012 -
901 2973 981 3024 Recte
998 2970 1104 3043 quidem
1120 2969 1216 3020 dicitur

175 3063 290 3098 emensus
304 3043 401 3096 labores
414 3057 439 3096 st
455 3055 548 3116 coeptos
564 3044 792 3120 balernensem,
809 3050 855 3100 sed
867 3049 930 3118 quid
944 3061 1036 3120 emptos
1049 3049 1145 3100 labores
1156 3065 1216 3116 perh

175 3125 292 3174 mensus?
303 3123 361 3172 lloc
372 3142 428 3174 non
441 3126 526 3177 minus
539 3127 658 3196 ineptum
673 3126 828 3178 Marltlando
840 3127 921 3177 videri
933 3125 1059 3188 debebat,
1076 3143 1153 3196 quam
1165 3143 1215 3175 eoe·

174 3202 214 3272 pti
229 3199 321 3252 laboris
336 3212 438 3270 portum
454 3203 595 3275 prendere,
615 3201 687 3273 quod
704 3216 791 3254 tamen
809 3221 823 3253 a
842 3217 920 3274 poeta
935 3205 1050 3273 positum
1064 3216 1130 3274 puto
1146 3222 1213 3272 pro:

168 3277 255 3351 «finem
265 3280 398 3350 imponere
410 3292 490 3353 coepto
503 3281 592 3333 labori.
605 3281 646 3333 Sic
658 3281 790 3350 Longinus
801 3279 834 3331 de
846 3279 955 3331 Sublim.
969 3300 989 3332 s.
1003 3298 1033 3349 9:
1047 3277 1128 3344 λιμένι
1139 3281 1215 3334 ωὖι
1311 3316 1318 3327 =

177 3358 247 3410 dixit.
264 3359 356 3432 Neque
369 3363 396 3412 in
411 3361 542 3414 vocabulo
559 3361 630 3432 quod
644 3361 737 3412 admisi
750 3361 949 3411 correctionem.
964 3359 1032 3411 Nom
1046 3362 1147 3412 etiamsi
1162 3362 1217 3413 ele-

177 3441 281 3506 gantius
294 3441 423 3493 scribatur
432 3443 491 3512 qui,
505 3453 591 3491 tamen
603 3453 716 3510 utraque
728 3441 888 3490 constructio
901 3439 1020 3512 exempla
1032 3439 1112 3491 habet
1124 3455 1150 3492 et
1162 3461 1217 3492 cer·

108 3523 114 3542 ¹
178 3533 230 3568 tarn
243 3521 387 3588 rationem,
400 3519 494 3590 quibus
506 3517 671 3569 defendetur.
692 3519 778 3603 Hanc.
989 3563 998 3602 ι

214 3659 272 3711 218.
294 3660 378 3730 Quam
390 3657 472 3731 sepnis
484 3657 547 3708 votis
555 3655 656 3708 Aurora
666 3659 754 3710 mariti
760 3663 768 3708 !
780 3660 848 3727 Lege
862 3659 925 3712 votis
934 3661 1043 3724 maritis,
1057 3662 1147 3728 idest,
1159 3682 1215 3714 ma·

178 3739 315 3792 ritalibus:
336 3741 357 3790 si
372 3739 440 3789 enirn
457 3736 527 3806 legas
547 3737 649 3803 mariti,
668 3737 763 3790 falsum
778 3743 842 3801 erit;
857 3743 955 3812 quippe
975 3742 1093 3794 nondum
1108 3747 1216 3796 maritus

179 3833 234 3872 crat
247 3816 325 3873 Stella
338 3833 418 3886 quum
429 3813 484 3865 haec
499 3813 550 3866 dici
564 3831 759 3887 supponuntur,
775 3834 800 3871 et
812 3833 913 3870 tantum
927 3837 1055 3875 annuerat
1067 3822 1217 3875 Violarrtilla

179 3917 216 3950 rs.
229 3915 288 3950 ata.
298 3899 436 3964 Praeterea,
448 3895 470 3945 si
476 3896 530 3963 jatn
543 3898 650 3949 maritus
660 3911 728 3950 esset
739 3897 831 3964 Stella,
844 3918 922 3971 quare
932 3903 1079 3973 increparet
1090 3907 1215 3954 Auroram

181 3992 272 4050 utpote
286 3975 409 4046 segnem?
424 3977 505 4026 immo
523 3977 650 4030 Auroram
666 3993 740 4050 optat
753 3981 866 4053 proximi
882 3981 949 4047 disi,
966 3997 995 4034 ut
1011 3983 1084 4035 fieret
1101 3983 1215 4034 maritus.
