2844 4484
195 257 200 276 ’
226 301 288 364 512
400 299 536 364 nore
561 301 610 362 tn
634 301 833 366 ceneten
857 301 1095 371 ocrtvtmt

407 423 486 484 Quolis
495 425 604 470 maternis
612 423 702 471 Helene
708 423 758 484 jam
767 425 835 488 digna
844 424 955 489 palestris

382 523 384 536 .
406 497 470 542 luter
479 494 604 558 Amycltos
613 495 721 558 reptabat
730 496 828 544 candidu
836 498 933 555 lretres3

408 565 452 613 Vel
460 564 535 628 quelis
544 563 593 612 eseli
602 566 686 622 facies,
696 565 737 613 ubi
746 579 814 614 nocte
824 584 906 616 serena

406 638 536 684 Admovere
542 636 614 697 juber
621 636 704 683 medice
712 637 761 684 duo
769 639 845 696 sidere
855 641 941 696 Lume3

222 733 269 786 ubi
288 733 403 804 primum
422 727 591 780 consentiunt
612 728 788 800 interpretes,
808 729 878 782 benc
899 731 1104 800 gratulationem
1121 737 1266 794 Menecreti

221 813 345 884 scriptam
356 827 412 862 esse
422 807 457 860 ob
467 804 651 880 nsttmfils'am
657 830 668 869 ‚·
680 821 707 860 ct
717 823 809 881 petere
818 809 923 863 videtur
931 830 963 864 ex
974 829 1052 865 versu
1061 817 1178 870 secundo
1187 818 1265 892 hujus

220 890 286 958 loci,
301 910 326 944 se
330 889 426 964 juveni
439 887 526 940 loetam
537 885 583 937 dal
594 887 665 960 virpo
677 890 783 958 parenti
786 910 796 950 ,·
810 903 872 960 post
883 885 1039 961 duosfiiios,·
1053 893 1140 960 unde,
1158 896 1265 950 sunere

221 972 294 1046 quod
312 985 339 1024 et
354 968 444 1042 proles
459 966 507 1020 tibi
521 968 616 1038 sepius
633 979 713 1020 encta
732 968 800 1021 virili
817 969 924 1023 Robore
930 991 939 1032 3
957 989 985 1023 se
997 974 1102 1041 juveni,
1116 987 1189 1028 ete·
1207 979 1265 1030 Jam

220 1069 300 1124 ergo,
314 1053 335 1103 si
347 1049 403 1102 hec
417 1045 506 1119 puella
512 1047 610 1118 junior
620 1060 690 1099 esset
699 1049 808 1117 ceteris,
823 1062 849 1101 et
863 1051 938 1103 tertio
951 1049 1012 1103 loco
1025 1065 1103 1115 nete,
1116 1055 1264 1126 quomodo,
1316 1093 1322 1100 ·

221 1149 321 1204 queso,
333 1147 424 1183 verum
434 1143 492 1179 esse
501 1137 591 1196 potest
601 1125 675 1196 qnod
684 1123 761 1193 dicit,
772 1128 847 1180 sitite
857 1128 930 1181 dubit
939 1126 988 1180 illo
997 1134 1116 1202 nepotes?
1127 1132 1264 1204 quomodo

220 1213 305 1279 eitius,
320 1213 343 1263 si
359 1220 424 1263 statu
439 1207 543 1260 minor?
556 1218 586 1258 ut
603 1204 672 1258 bene
686 1209 780 1279 querit
797 1209 930 1272 nuceum
950 1228 1029 1282 quem
1044 1209 1088 1264 bic
1105 1210 1181 1266 locus
1198 1214 1264 1267 edeo

218 1295 314 1362 movit,
327 1306 357 1345 nt
370 1301 476 1363 putaret
488 1305 543 1340 uon
555 1285 675 1359 deflic,
691 1288 739 1341 sed
744 1286 808 1362 filio
822 1289 891 1344 hanc
906 1294 1033 1362 scriptam
1045 1292 1263 1364 gratulationem

220 1378 262 1430 eui
274 1389 300 1429 et
313 1375 365 1428 alio
380 1382 536 1444 argumento
550 1387 721 1442 propugnare
735 1371 837 1438 nititur,
852 1391 883 1424 ex
896 1391 972 1425 versu
987 1372 1034 1440 35,
1048 1395 1060 1419 s
1070 1393 1206 1447 quumque
1216 1377 1264 1428 tibi

217 1459 319 1528 vagiret
330 1455 423 1509 tertius
434 1452 535 1512 inlens3
546 1471 557 1496 ι
569 1448 617 1502 ubi
627 1451 650 1502 si
659 1449 752 1522 puella
765 1449 834 1504 edita
845 1453 953 1519 fuisset,
963 1451 1043 1523 longe
1055 1455 1153 1524 magis,
1165 1458 1264 1527 inquit,

218 1534 350 1587 decuisset
363 1532 474 1586 Statium
494 1525 623 1596 scribere,
638 1529 738 1600 sopiret
754 1529 828 1581 tertia
843 1529 939 1603 proles.
953 1531 1039 1584 Futile
1052 1531 1104 1584 hoc
1121 1551 1263 1605 argumen-

218 1628 289 1678 tum3
302 1629 329 1668 ct
341 1611 407 1686 quid
417 1606 593 1681 respondebit
604 1610 721 1662 Cruceus
732 1608 766 1679 ed
775 1607 848 1662 bunc
860 1609 952 1662 locunt
960 1611 1054 1664 Glauc.
1066 1611 1169 1665 Melior.
1179 1633 1204 1666 v.
1215 1614 1263 1686 96,

220 1695 312 1764 «Quid
323 1697 435 1748 referam
446 1690 567 1743 altricum
578 1690 662 1741 victos
675 1690 774 1761 pietste
786 1691 948 1760 perentesis
960 1691 1008 1743 ubi
1019 1693 1063 1745 isti
1075 1693 1137 1746 victi
1145 1708 1265 1765 parentes

218 1791 279 1830 sunt
294 1788 401 1843 matres,
419 1791 499 1827 sensu
518 1784 544 1824 et
561 1767 734 1841 sequentibus
748 1769 875 1842 exemplis
893 1772 930 1823 ita
945 1771 1152 1843 postulantibus.
1169 1773 1264 1828 Adbuc

217 1859 298 1928 igitur
309 1875 401 1908 verum
415 1871 472 1908 esse
488 1862 576 1923 potest
592 1848 694 1903 tertiam
711 1849 782 1902 benc
794 1850 908 1903 sobolem
922 1851 1004 1905 fuisse
1016 1851 1150 1924 puellare,-
1165 1867 1192 1907 et
1205 1867 1264 1907 tan-

216 1937 277 1990 dem
291 1935 414 1988 coneedit
425 1936 482 2004 ipsc
494 1932 620 1983 Crnccus.
639 1928 691 1981 Sed
708 1931 820 1992 frustra;
837 1933 939 2002 quippe
954 1949 1049 2003 supra,
1065 1935 1093 1984 in
1106 1935 1184 1986 Here.
1201 1935 1263 1987 Sur·

216 2028 283 2069 rent.
298 2015 373 2067 locus
387 2025 439 2077 est,
456 2011 502 2084 qni
516 2009 585 2062 clere
597 2007 695 2080 probet
706 2009 769 2062 duos
781 2010 884 2080 priores
894 2009 1053 2063 Menecratis
1069 2010 1168 2065 liberos
1182 2013 1263 2066 fuisse

208 2093 300 2166 filium
314 2105 341 2146 et
351 2089 457 2166 filiam,-
476 2103 503 2142 et
520 2103 714 2160 consequenter
733 2089 836 2142 tertiam
853 2087 922 2142 benc
937 2081 1065 2156 soboleirs,
1081 2111 1139 2163 quse
1156 2111 1262 2145 ceusem

215 2172 286 2226 dedit
296 2172 360 2225 huic
372 2171 495 2234 carmini,
507 2170 590 2221 fuisse
601 2166 692 2220 itidem
698 2164 801 2240 filium.
812 2169 899 2220 Locus
908 2183 961 2236 est,
972 2171 1069 2239 v.173,
1079 2169 1126 2222 ubi
1137 2170 1262 2222 Hercules

214 2264 301 2324 grates
315 2252 369 2323 agit
382 2249 466 2303 Pollio
481 2247 517 2300 ob
531 2261 694 2302 exstructum
708 2247 852 2320 templum,
864 2261 891 2300 et
904 2247 960 2302 baec
974 2248 1013 2302 illi
1023 2247 1174 2322 pollicetur,

399 2351 506 2396 Avertam
516 2344 592 2393 luctus
602 2357 625 2392 et
634 2346 706 2393 tristis
715 2345 800 2393 demus
809 2347 906 2403 vetabo,

398 2421 479 2482 Teque
489 2414 547 2464 nihil
556 2416 637 2464 lesum
645 2415 713 2462 viridi
721 2418 841 2465 renovabo
850 2430 941 2464 senecta
949 2453 956 2475 ,

395 2489 578 2553 'concedamque
588 2487 630 2534 diu
636 2487 735 2548 juvenes
744 2501 850 2550 spectare
859 2501 972 2553 nepotes,

399 2564 480 2610 Donec
490 2573 514 2608 et
522 2561 560 2629 bie¹
569 2575 659 2624 sponsae
670 2572 786 2616 maturus,
796 2573 820 2607 et
829 2557 867 2607 illa
876 2562 972 2619 merito,

398 2633 486 2680 Rtsrsns
495 2643 519 2678 et
528 2645 556 2677 ex
564 2631 608 2678 illis
616 2629 710 2678 soboles
718 2645 787 2678 nors.

213 2731 267 2784 Hic
280 2741 307 2783 et
320 2728 384 2796 itta,
398 2739 503 2804 nepotes
518 2725 607 2794 Pollii,
620 2726 698 2780 liberi
709 2741 783 2780 erant
794 2727 858 2781 Julii
871 2727 952 2799 hujus
963 2729 1136 2796 Menecratis,
1145 2727 1223 2802 filius
1233 2745 1260 2783 et

206 2807 287 2883 filio,-
302 2810 379 2862 tertis
392 2808 472 2879 igitur
486 2806 575 2879 proles
588 2821 644 2860 eret
653 2805 739 2881 filins.
758 2807 816 2860 Hoc
832 2823 934 2862 certum
948 2823 996 2862 est.
1016 2811 1107 2862 Restat
1119 2809 1259 2865 difficultas

213 2888 247 2942 de
261 2887 297 2957 esi
310 2889 400 2949 eitiusr
416 2887 489 2958 quod
506 2886 539 2939 cl.
553 2886 705 2940 Dodwellus
721 2887 851 2959 explicet,
868 2903 980 2961 propter
993 2889 1159 2962 pubertatem
1174 2893 1203 2942 in
1212 2891 1259 2962 fe-

212 2967 299 3022 mellis
311 2987 390 3041 quern
402 2970 429 3020 in
440 2968 555 3021 modius
565 2971 751 3033 maturiorem,
764 2986 848 3039 quum
859 2987 945 3021 meres
955 2972 1148 3022 matrimonium
1159 2971 1258 3022 inirent

213 3067 283 3100 enno
293 3051 375 3101 tetutis
386 3047 430 3115 14,
442 3047 605 3116 leminaefm
617 3047 688 3102 uude
700 3046 816 3119 colligit,
828 3047 935 3102 duobus
946 3051 1023 3103 annis
1033 3051 1159 3102 minorent
1163 3043 1257 3119 filiam

211 3146 266 3180 non
281 3147 339 3182 esse
355 3130 474 3200 potuisse
484 3127 549 3200 filio
567 3130 726 3182 Menecratis
740 3131 926 3201 primogenito.
947 3129 998 3184 Sed
1017 3147 1073 3181 non
1089 3141 1160 3181 reete
1179 3147 1258 3199 ergn-

212 3207 324 3259 mentari
343 3205 446 3259 videtur
463 3209 503 3259 vir
520 3208 693 3269 clarissimus;
714 3209 794 3261 sumit
815 3211 884 3263 enim
902 3226 951 3281 pro
967 3227 1095 3261 concesso
1109 3207 1184 3280 quod
1202 3222 1258 3262 erat

210 3285 387 3357 probandum.
405 3285 472 3339 Mihi
487 3289 597 3340 omnino
612 3289 718 3359 spurius
735 3302 761 3341 et
774 3289 898 3341 insitititts
909 3286 1014 3342 videtur
1023 3307 1127 3356 versus,
1142 3289 1258 3360 uAptior

209 3363 361 3433 bisVirtus,
371 3368 448 3420 citius
460 3366 522 3418 dabi
535 3366 591 3418 tilla
600 3379 747 3438 nepotes;·
763 3367 836 3439 quod
848 3379 875 3420 et
884 3367 980 3419 clarius
991 3366 1107 3438 patebit,
1120 3368 1142 3419 si
1153 3381 1257 3439 spectes

210 3445 290 3497 totius
311 3447 445 3498 sententie
464 3446 676 3511 connexionem,
699 3463 780 3517 quam
800 3444 844 3498 hic
862 3462 956 3499 versus
975 3443 1047 3498 toede
1067 3447 1255 3516 interrumpit:

212 3545 224 3569 ι
233 3525 378 3579 Fortunate
394 3544 502 3598 quoque
518 3521 589 3594 (tel,
607 3524 648 3576 Sis
653 3523 740 3598 felix)
755 3525 828 3598 quod
840 3526 909 3580 duos
925 3525 1006 3578 virilis
1023 3543 1100 3578 sexus
1117 3523 1216 3590 ltnbes,
1231 3539 1257 3578 et

210 3602 283 3674 qnod
299 3606 347 3658 tibi
361 3605 431 3659 edita
444 3618 483 3657 est
498 3603 567 3664 filie3
581 3603 693 3674 pulchre
706 3605 767 3670 illa,
782 3618 808 3658 ct
819 3605 880 3658 telis
895 3607 980 3678 qualis
993 3603 1092 3656 Helene
1106 3607 1178 3657 inter
1187 3605 1256 3658 duos

208 3682 317 3751 fratres,
329 3685 371 3737 vel
383 3684 468 3756 quslis
480 3696 559 3750 nocte
573 3701 666 3738 serens
677 3687 753 3739 Luna
762 3687 831 3738 inter
842 3685 896 3738 duo
909 3686 1013 3737 minora
1027 3683 1122 3738 sidere.
1133 3708 1146 3733 n
1160 3689 1256 3741 Omnis

208 3760 252 3814 bic
267 3762 346 3836 plena
358 3761 444 3824 vides3
458 3779 507 3813 nec
521 3763 641 3816 interseri
657 3763 759 3836 aliquid
772 3776 874 3834 potest,
888 3764 939 3816 nisi
952 3777 982 3815 ut
997 3781 1094 3816 nexum
1111 3763 1254 3837 disjungat.

208 3841 317 3893 Uncinis
328 3841 409 3911 igitur
421 3840 565 3911 excipiatur
576 3843 625 3894 iste
634 3861 737 3909 sersus,
746 3842 841 3913 Aptior
850 3841 888 3893 dis
900 3841 927 3896 V
925 3842 996 3910 irtus,
1006 3855 1057 3894 etc.
1068 3841 1136 3894 Mihi
1147 3844 1255 3916 quidem

208 3925 245 3975 ite
259 3919 369 3974 videtur.
384 3921 424 3974 De
436 3919 528 3992 phrssi
541 3940 566 3974 se
579 3920 625 3974 dat
637 3922 691 3975 dixi
703 3922 736 3974 ed
747 3921 830 3975 Soter.
840 3920 933 3974 Gallie.
946 3940 971 3973 v.
985 3921 1029 3992 49.
1041 3921 1140 3974 lerum
1150 3925 1255 3994 parenti

210 4014 248 4052 est
267 4018 325 4073 quse
336 4000 408 4073 facit
425 4000 543 4054 letitiam
559 4020 605 4055 seu
619 4001 745 4073 gaudium
762 4001 867 4073 parenti
871 4023 880 4062 ,·
898 4014 929 4054 nt
947 3999 1032 4053 Theb.
1051 4000 1085 4068 V,
1099 3999 1168 4054 656:
1186 4001 1253 4056 «llla
