2784 4484
532 299 781 364 Panemo.
1111 331 1175 377 xxv

134 425 257 489 biberet,
267 433 295 476 et
304 431 429 476 mentem
439 422 565 475 Auctoris
576 433 604 475 et
612 425 725 499 vestigia
735 423 922 500 subsequitur:
936 431 1004 505 quid
1013 451 1078 490 vero
1088 435 1176 508 dices,

134 537 194 572 eum
208 516 347 586 inveneris
367 513 434 567 lecto
452 531 505 588 pro
514 515 609 585 ,ἡνίας
628 518 717 568 domm
730 517 784 570 alta
799 535 850 592 pro
869 522 954 577 Venus
972 526 1060 589 alma;
1079 551 1178 588 mensas

135 631 185 688 pm
198 611 342 682 nymphen
355 619 480 660 curvatus
492 625 545 683 pro
560 609 688 671 nudatam
703 613 766 665 bibit
779 631 830 686 pro
845 614 922 676 tulit,·
937 619 1046 690 Discite,
1060 642 1111 699 pro
1128 629 1178 680 Vi.

137 711 185 762 „ite
191 730 200 768 ‚·
212 706 386 779 tihencupro
395 703 542 764 Nobilitas;
551 717 610 777 post
619 705 728 756 crimina
735 705 831 777 fomes
840 724 891 782 pro
901 711 1048 766 discrimina
1054 738 1064 778 ‚·
1075 737 1178 773 cannen

139 805 195 854 ,ξω
203 817 254 875 pro
266 798 375 856 limine;
388 807 415 850 et
425 794 483 850 bac
493 797 585 850 omnia
597 795 673 871 (ques
684 795 779 851 itidem
788 816 822 852 cx
831 797 941 855 duobus
953 804 1089 878 prioribus
1103 807 1180 866 libris

138 894 259 950 desorata
270 892 351 964 sunt)
365 909 382 945 a
395 890 464 944 viris
480 891 573 944 Doctis
588 901 634 945 aut
643 893 820 961 transmissa,
835 903 897 962 aut,
915 896 988 970 quod
1001 918 1078 974 aeque
1094 907 1179 960 mira·

140 988 224 1056 beris,
232 985 346 1042 defensa
355 997 382 1040 et
391 982 539 1060 explicata?
549 983 623 1055 Quid
633 982 764 1060 denique,
775 1005 862 1061 quum
870 987 904 1042 ad
915 985 961 1044 illa
970 1005 1093 1050 monstra
1102 1013 1181 1052 venc-

143 1084 194 1148 n's‚
204 1084 334 1157 peramoit
346 1101 411 1134 auro
425 1099 477 1157 pro
491 1081 634 1141 decoravits
653 1083 750 1136 vadosoe
766 1083 863 1155 Africoe
875 1103 927 1160 pro
941 1087 1034 1144 dolose
1042 1112 1051 1151 ‚·
1067 1095 1182 1150 Rusticus

143 1195 194 1254 pro
212 1177 336 1230 Troasin.-
353 1175 485 1246 perpetuis
493 1175 570 1246 fastis
589 1192 640 1248 pro
654 1177 765 1228 centenis
775 1178 852 1249 fastis
861 1202 870 1241 ‚·
888 1179 975 1255 Atque
993 1183 1040 1235 tibi
1052 1205 1183 1261 moresque

144 1281 198 1324 auos
209 1288 259 1344 pm
270 1270 367 1340 Meque
380 1268 482 1320 satine
493 1285 624 1340 moresque
636 1276 691 1320 tuos
699 1289 708 1328 ,·
717 1269 789 1340 fossa
800 1287 852 1344 pro
865 1289 957 1344 campo
964 1295 973 1334 ‚·
988 1277 1069 1332 oculis
1079 1297 1131 1354 pro
1145 1281 1183 1335 la·

143 1367 244 1422 crimin
261 1363 360 1414 iterum
379 1357 461 1412 oculis
476 1376 528 1433 pro
543 1362 625 1432 rupis,-
641 1372 720 1413 metus
735 1378 786 1435 pro
800 1372 914 1426 uermes,-
927 1365 1007 1437 Sylva
1020 1388 1073 1420 una
1087 1390 1138 1447 pro
1156 1375 1185 1426 Si

144 1461 272 1530 asnjam
283 1477 345 1509 vexo
357 1465 442 1506 tecum
451 1471 504 1527 pro
514 1471 582 1506 verso
593 1452 707 1516 Pboebo,·
718 1464 759 1522 et,
771 1466 802 1507 ut
812 1473 867 1509 uno
880 1457 1006 1535 exemplo
1015 1465 1108 1519 omnia
1117 1485 1185 1540 por-

144 1564 216 1606 tenta
223 1547 402 1626 complectar,
413 1546 496 1624 (perid,
506 1565 591 1622 quum
599 1566 632 1603 ex
644 1547 719 1602 bisce
728 1546 837 1604 duobus
845 1551 988 1608 versiculis
998 1553 1044 1610 lib.
1056 1563 1091 1611 lv
1102 1558 1186 1615 Silva·

145 1663 221 1714 rum,
232 1663 317 1700 earm.
331 1647 361 1712 3,
376 1660 426 1697 no:

357 1765 401 1810 liic
409 1764 486 1810 scenis
497 1761 577 1826 populi
587 1764 749 1826 sisegutum

356 1837 384 1880 Et
392 1835 481 1896 campis
491 1835 534 1879 iter
543 1849 612 1881 omne
622 1833 765 1888 detinentes,

150 1964 181 2010 ut
190 1972 264 2008 nunc
272 1950 350 2026 vulgo
358 1950 497 2027 leguntur,
510 1963 537 2005 et
548 1970 564 2005 a
575 1952 641 2006 viris
654 1950 818 2007 doctissimis
828 1950 953 2029 explicati
966 1949 1091 2022 fuerunt;
1103 1976 1190 2036 quum

150 2069 180 2102 ex
194 2048 249 2116 bis,
264 2049 390 2122 inquam,
401 2044 499 2100 decern
514 2045 643 2116 vocibus,
655 2063 716 2114 ser,
730 2047 798 2100 etin
810 2044 949 2101 nonnullis
962 2047 1134 2105 Editionibus
1147 2071 1191 2106 se-

150 2154 220 2215 ptem
230 2139 392 2217 depravatas
403 2135 575 2215 probavero?
586 2136 741 2193 Habebisne
751 2131 849 2208 fidem,
861 2143 969 2209 Lector,
980 2139 1023 2196 bis
1035 2143 1191 2199 miraculis?

151 2251 184 2286 an
194 2234 282 2309 potius
293 2243 404 2308 paratus
417 2233 471 2286 eris
482 2247 539 2284 non
552 2229 677 2298 credere,
688 2232 794 2285 etiamsi
806 2229 985 2286 crediderisl¹

185 2419 272 2488 Atque
284 2413 339 2467 boc
352 2411 415 2468 loco
428 2410 596 2466 destinaram
611 2409 713 2486 aliquid
730 2411 819 2466 dicere
836 2409 871 2466 de
886 2413 993 2468 Mandis
1009 2417 1151 2483 Statianis;
1166 2430 1194 2474 et

152 2504 276 2582 exemplis
289 2524 322 2560 ex
332 2509 404 2560 MSS.
420 2515 447 2559 ct
459 2505 581 2579 antiquis
593 2503 751 2559 auctoribus
762 2503 876 2580 prolatis
889 2507 1023 2581 originem
1035 2508 1194 2583 hujusmodi

151 2617 272 2655 errorum
291 2599 438 2674 detegere:
458 2596 506 2652 sed
524 2596 700 2652 diffundente
718 2617 747 2654 se
765 2595 846 2654 latius
864 2603 993 2669 materia,
1013 2613 1040 2656 ct
1058 2605 1086 2656 in
1105 2607 1194 2680 capita

153 2694 229 2769 plura
242 2705 384 2769 surgente,
396 2692 568 2748 commodius
579 2694 668 2746 visum
682 2703 723 2748 est
735 2692 780 2747 bic
791 2695 932 2759 omittere;
944 2699 1094 2771 praesertim
1107 2716 1194 2774 quum

156 2789 186 2842 in
197 2789 275 2842 Notis
289 2786 465 2862 plerumque,
482 2784 593 2862 quando
606 2803 676 2862 opus
689 2799 743 2856 est,
759 2785 813 2841 boc
828 2783 948 2842 facturus
965 2790 1025 2844 sim.
1043 2795 1148 2844 Interea
1161 2790 1195 2846 de

156 2881 313 2936 conditione
326 2881 421 2936 harum
435 2879 578 2956 sylvarum
595 2883 634 2936 sic
648 2878 719 2935 habe
733 2904 740 2934 ι
758 2882 855 2956 Scripti
873 2898 968 2935 earnm
982 2881 1097 2936 Codices
1113 2885 1197 2937 raris-

157 2977 217 3030 simi
232 2985 310 3030 sunt:
322 2973 390 3029 duos
404 2973 502 3029 habuit
515 2973 640 3027 liartbius
651 2974 754 3044 (unum
769 2969 855 3026 literis
869 2969 1032 3047 capitalibus
1044 2985 1197 3042 exaratum,

156 3069 201 3143 qni
211 3071 315 3123 utinam
327 3069 471 3140 exstaret);
483 3067 574 3120 nentri
587 3083 684 3120 eorum
695 3065 749 3118 nisi
760 3065 907 3139 perpaucis
917 3063 992 3117 boris
1004 3065 1044 3118 uti
1056 3063 1096 3119 illi
1108 3061 1198 3140 licuit,

157 3173 264 3237 propter
273 3159 397 3215 flammas
409 3161 548 3214 mansioni
560 3161 618 3234 ejus
630 3161 759 3233 injectas3
772 3174 787 3209 e
799 3153 901 3229 quibus
914 3164 1005 3210 tamen
1018 3154 1124 3235 elapsos
1136 3157 1198 3216 illos

157 3257 304 3331 suspicatus
317 3257 382 3310 θεῖ’.
395 3252 488 3308 Alium
501 3251 594 3307 laudat
604 3255 698 3306 Justus
712 3247 922 3324 Zinzerlingius‚
937 3249 1070 3305 Promuls.
1083 3255 1198 3308 Critica:

156 3347 255 3418 abunt,
272 3351 451 3424 Lipsiauum‚
469 3346 624 3400 Bernartius
644 3345 672 3398 in
693 3343 770 3398 Notis
788 3342 910 3417 passim:
932 3337 1017 3396 alium
1037 3342 1199 3401 Gebbardus

157 3445 247 3497 Cnnr.
261 3440 432 3497 iuvenilium
445 3437 493 3494 lib.
508 3441 551 3493 111.
569 3437 695 3492 Senensis
707 3453 773 3490 vero
789 3446 815 3488 et
826 3432 941 3488 Medicei
953 3437 1093 3510 Excerptis
1106 3437 1200 3492 uteba-

160 3548 202 3590 tur
214 3538 381 3599 Gronovius3
395 3546 423 3591 et
434 3545 544 3611 postea,
560 3549 616 3586 uno
630 3532 743 3586 loannis
754 3527 868 3595 Rhodii,
880 3526 1038 3593 chartacc03
1050 3528 1137 3585 altero
1148 3535 1201 3585 Ar·

195 3726 203 3747 ¹
218 3721 273 3768 Vide
286 3722 345 3770 inira
359 3721 432 3785 bajus
442 3719 567 3768 voluminis
575 3732 621 3780 pag
640 3715 687 3773 ⁴³AE
696 3727 719 3762 et
728 3714 786 3772 446,
801 3714 843 3760 ubi
852 3717 926 3761 varin
938 3713 1050 3760 lectiones
1058 3727 1082 3762 et
1092 3717 1203 3764 emenda-

163 3800 236 3847 tiones
244 3804 431 3851 Dotaiaaimorum
442 3803 546 3848 virorum
556 3797 639 3844 relatas
648 3795 782 3859 diligenter,
793 3807 818 3840 ut
826 3810 877 3842 moa
886 3807 933 3852 est,
943 3793 1043 3840 discutit.
1061 3798 1104 3843 En.

194 3905 202 3926 ¹
220 3919 230 3938 ι
241 3899 299 3948 lianc
308 3903 413 3948 notitiam
424 3879 576 3946 blerlrlandus
586 3911 613 3944 ea
623 3895 765 3942 Adversariis
773 3891 858 3940 bardili
867 3893 942 3954 petiit.
952 3910 963 3932 ι
981 3891 1059 3936 Earn.

254 3988 280 4050 I.
1048 3993 1066 4037 r
