2850 4488
199 327 1239 370 mmmmm

619 571 827 688 NOTAE

230 859 284 936 IN
310 856 532 936 CARMEN
558 857 807 936 TERTIUM
831 861 979 941 LIBRI
1005 851 1214 965 QUARTl

593 1091 842 1157 SILVARUM.

200 1603 272 1692 Via
285 1637 477 1690 Douirnna.
497 1637 642 1709 AppiuVie
653 1656 685 1690 ex
697 1635 770 1692 Urbe
786 1633 962 1690 Brundusium
976 1653 1061 1708 usque
1076 1647 1156 1690 stratu
1172 1650 1241 1703 erat;

196 1719 271 1788 juxta
284 1715 460 1770 Therucinam
473 1733 535 1768 vero
550 1713 586 1768 od
597 1715 667 1770 latus
679 1714 757 1769 losse
772 1729 848 1770 erunt
861 1715 1025 1786 palustribus
1036 1717 1111 1788 aquis
1126 1715 1243 1790 inpletae:

199 1815 247 1867 per
258 1814 324 1868 quas
336 1798 383 1868 qui
394 1795 486 1867 primis
499 1793 615 1848 tenebris
626 1813 721 1849 navem
733 1795 924 1849 conscenderat
937 1795 1068 1866 reliquum
1079 1796 1170 1867 Appiae
1182 1815 1244 1869 spa·

199 1878 265 1928 tium
278 1895 310 1928 eu
323 1889 401 1928 nocte
415 1873 582 1927 conficiebat.
596 1876 735 1948 Temporis
748 1889 880 1928 vetustate
893 1875 973 1928 fossis
986 1875 1041 1928 lere
1055 1875 1178 1948 repletis,
1193 1895 1243 1928 na-

198 1957 296 2028 vigatio
305 1951 550 2009 incommodissime
560 1967 628 2022 erut,
637 1965 687 2007 nec
697 1957 783 2007 rn'inor
790 1953 943 2022 difficultas,
953 1957 975 2007 si
985 1957 1065 2008 cu'rru
1074 1974 1122 2028 per
1128 1957 1243 2027 Appiam

199 2037 312 2088 datores
326 2044 480 2101 uterentur;
494 2031 580 2086 donec
593 2033 759 2086 Domitianus
773 2036 859 2085 ar‘cnis
873 2035 1006 2106 congestis
1018 2035 1105 2088 fossas
1115 2033 1243 2107 replevit,

199 2128 225 2166 et
239 2113 312 2167 silice
321 2105 391 2168 visin
404 2125 521 2166 sternere
535 2129 672 2185 aggressus
686 2127 736 2167 est.
757 2115 885 2166 Bruttius.

238 2290 278 2325 rr.
300 2272 352 2343 Qui
363 2283 437 2326 casta
449 2270 534 2325 Cereri
544 2270 590 2324 dia
600 2281 709 2345 nepeta,
721 2286 771 2324 etc.
791 2271 909 2344 Respicit
919 2269 955 2324 ud
967 2269 1083 2325 edictum
1097 2273 1243 2326 Domitiani

199 2351 233 2406 tle
245 2350 428 2406 exscindendis
437 2353 529 2405 vineis.
543 2351 652 2405 Sueton.
667 2353 809 2405 Domitian.
820 2370 881 2425 cap.
893 2369 924 2422 7:
939 2351 1000 2404 uid
1010 2371 1140 2406 summum
1155 2372 1243 2425 quon-

199 2431 260 2484 dum
274 2431 421 2485 ubertatem
433 2433 505 2500 vini,
523 2431 648 2484 frumenti
660 2449 723 2482 vero
737 2433 872 2502 inopium,
892 2431 1043 2483 existimans
1056 2432 1138 2483 nimio
1151 2433 1243 2484 vinea·

199 2529 258 2564 rum
271 2513 358 2565 studio
372 2511 471 2584 negligi
484 2529 559 2578 arva,
578 2511 658 2563 edixit
675 2511 783 2582 nequis
801 2511 829 2561 in
848 2508 924 2562 ltalia
942 2507 1102 2572 aurelianen
1120 2522 1200 2582 atque
1214 2513 1243 2562 in

198 2595 341 2665 provinciis
350 2594 438 2646 vineta
447 2591 658 2658 succiderentur,
669 2589 778 2658 relicta,
788 2588 837 2642 uhi
845 2589 1003 2662 plurimum,
1015 2587 1122 2642 dimidia
1133 2603 1217 2664 peste.
1228 2615 1240 2640 n

971 2669 1100 2721 Banniur.

239 2811 278 2866 16.
299 2811 350 2884 Qui
361 2811 442 2864 reddit
455 2809 584 2885 Capitolio
596 2811 748 2864 Tonantem.
763 2809 837 2863 Idem
850 2811 907 2864 lere
921 2824 960 2864 est
975 2829 1006 2864 ac
1022 2811 1179 2884 Capitolium
1195 2813 1243 2866 To-

198 2892 275 2944 nanti
281 2914 291 2954 ,·
306 2910 356 2944 nec
368 2905 436 2963 opus
447 2902 488 2943 est
499 2891 646 2943 mutatione
661 2913 668 2941 ε
686 2891 732 2962 qui
748 2892 816 2941 enim
832 2889 920 2944 reddit
935 2890 1094 2961 Capitolium
1107 2891 1183 2956 Ioui,
1198 2890 1245 2942 itt·

199 2970 286 3025 reddit
298 2974 391 3024 Jovem
406 2969 552 3043 Capitolio:
567 2981 597 3022 ut
610 2969 682 3041 opud
695 2969 786 3021 Aurei.
800 2971 948 3036 Victorem,
963 2971 990 3022 in
1004 2970 1129 3023 Camillo:
1141 2992 1153 3016 ι
1164 2972 1202 3022 sic
1217 2984 1243 3022 et

199 3054 327 3126 oppidum
343 3052 461 3121 civibus,
475 3065 502 3108 et
514 3053 583 3106 cives
595 3051 697 3124 oppido
709 3051 858 3115 reddidit„
875 3055 913 3104 ita
923 3071 1000 3106 versu
1014 3070 1089 3125 prox.
1103 3068 1158 3124 seq.
1172 3053 1243 3104 «Pu-

200 3151 255 3188 ceni
274 3136 383 3206 propria
397 3131 478 3186 durno
496 3133 636 3205 reponit·
658 3133 786 3185 Usitatior
803 3133 873 3184 forte
891 3131 973 3186 ultera
991 3131 1119 3205 loquendi
1136 3132 1241 3184 forma:

198 3214 322 3281 Tacitus,
340 3215 406 3267 iiiut.
424 3215 476 3278 111,
494 3213 544 3282 84,
566 3211 685 3266 sUrhem
700 3213 808 3265 Senatui
823 3231 854 3265 ac
870 3213 974 3286 Populo
989 3216 1125 3280 Romano,
1143 3213 1244 3284 templa

198 3295 254 3346 Diis
265 3293 369 3347 reddita
377 3315 406 3358 ς·
421 3293 483 3347 licet
494 3295 601 3347 alterius
612 3311 667 3346 non
680 3291 767 3346 desint
777 3291 898 3366 exemplu
909 3317 916 3346 e
929 3293 1025 3346 Annei.
1036 3295 1049 3345 1
1056 3331 1064 3360 ,
1079 3315 1091 3339 ι
1102 3292 1199 3346 multae
1210 3293 1243 3344 ii-

199 3373 234 3426 lic
247 3375 370 3448 utrinque
385 3375 506 3428 lacrimas
522 3389 548 3427 et
561 3377 635 3446 signu
649 3376 783 3442 caritatis,
798 3391 926 3446 spemque
938 3393 969 3426 ex
981 3393 1029 3442 eo,
1043 3373 1118 3442 lore,
1131 3388 1162 3426 ut
1170 3377 1244 3446 juve·
1341 3427 1345 3434 ,

200 3455 240 3507 nis
252 3455 392 3527 penatibus
410 3458 453 3509 avi
470 3453 662 3518 redderetur3i
680 3454 714 3506 de
728 3455 863 3527 Agrippa,
875 3455 988 3525 Augusti
1005 3467 1112 3525 nepote.
1126 3457 1243 3522 Noster,

198 3533 325 3590 Thebaid.
337 3539 390 3602 xl,
404 3537 468 3604 280,
482 3535 593 3589 uRedde
604 3537 673 3589 urvis
685 3533 862 3608 domibusque
871 3536 949 3588 viros.
962 3558 973 3582 ι
989 3537 1022 3588 Et
1031 3552 1095 3587 saue
1106 3538 1192 3608 majus
1204 3546 1244 3587 est

200 3611 308 3667 reddere
321 3618 412 3668 Iouem
428 3614 572 3690 Capitulio,
587 3632 666 3686 quam
682 3613 839 3687 Capitolium
851 3615 928 3682 tovi,
943 3615 965 3666 si
977 3614 1089 3685 propius
1101 3614 1240 3684 inspicias:

198 3693 225 3742 in
236 3695 325 3764 priore
337 3695 406 3746 euim
418 3713 497 3761 casu,
509 3695 613 3766 Jupiter
624 3705 680 3759 est,
693 3694 809 3747 Deorum
819 3695 908 3762 Peter,
920 3692 953 3746 de
963 3711 1016 3767 quo
1026 3691 1187 3746 deliberatur
1195 3711 1243 3746 seu

198 3774 338 3826 statuitur:
357 3776 386 3826 in
404 3772 504 3840 altero,
524 3773 651 3846 templum
670 3785 772 3825 tautum
789 3773 963 3845 praedicatur:
983 3786 1056 3826 tanto
1074 3773 1155 3845 igitur
1170 3771 1244 3824 istud

198 3854 282 3922 majus
293 3853 363 3920 hoc,
376 3869 475 3927 quanto
486 3855 591 3926 Jupiter
597 3855 682 3925 major
694 3866 734 3906 est
745 3853 851 3927 templo.
865 3856 1004 3927 Sequitur,
1018 3854 1072 3905 1Et
1079 3854 1173 3904 Pacem
1182 3869 1243 3922 pro-

198 3933 257 4002 pria
270 3932 350 3986 domo
366 3936 501 4006 reponit·
522 3935 701 4005 Vespasianus
720 3935 846 3986 exstruxit
863 3935 1002 4006 Templum
1019 3932 1111 3997 Pacis,
1129 3929 1241 3982 testibus

199 4007 306 4066 Suetou.
319 4014 429 4085 Vespas.
441 4031 464 4066 c.
475 4029 508 4083 9;
522 4010 588 4067 Plin.
601 4014 667 4067 iiiut.
680 4013 742 4066 Nat.
756 4013 877 4080 mit,
887 4015 920 4078 ὃς
934 4025 960 4066 et
973 4013 1039 4068 aliis.
1052 4011 1184 4079 Quaritur
1193 4009 1241 4060 itu·
