2804 4490
183 292 244 376 ¹74
298 286 406 351 NOT.
427 285 475 348 IN
494 283 642 350 EPIST.
663 285 725 348 AD
743 284 940 350 MELIOR.
961 289 1093 354 ATED.

177 418 309 470 carissima
321 433 440 469 uxorum.
453 412 552 465 Plinius
562 413 646 483 Epist.
656 412 705 479 VI,
717 413 761 480 34.
772 413 837 466 Inde
845 415 923 464 etiam
935 433 1044 468 uxorem
1056 419 1221 473 carissimam

177 499 224 549 tibi
233 508 258 548 et
267 495 474 571 probatissimam
487 492 605 545 habuisti·
619 491 671 546 Sed
681 494 767 546 verius
779 505 819 546 est
831 493 903 566 quod
914 495 942 545 in
954 494 1016 548 edit.
1029 495 1105 550 Ilom.
1118 500 1220 554 invenit

176 576 334 642 lindenbr,
348 573 490 626 clarissima
503 585 630 625 uxornmr
646 585 672 626 et
685 571 737 626 hoc
749 573 845 645 probat
860 572 996 640 barthius,
1011 589 1037 629 ct
1047 579 1141 631 retinet
1153 579 1216 633 edit.

175 659 331 711 Parmensis.
340 654 404 708 Vult
416 651 535 726 exemplo
547 652 706 707 clarissima:
720 653 797 708 aliter
807 672 900 727 posses
911 657 1040 710 rarissima
1051 676 1177 728 uxorum,
1188 675 1219 713 ut

176 740 267 790 Pictas.
282 735 425 788 Abascant·
443 735 520 788 :Noa
534 733 595 800 tibi,
609 732 710 787 laudati
721 735 826 806 Juvenis
840 735 972 789 rarissima
985 739 1095 807 conjnx;
1105 763 1117 787 ι
1133 751 1160 792 et
1172 741 1218 807 tv,

177 818 208 870 8:
227 815 300 869 «Sed
317 829 414 887 queror
429 809 502 868 hand
515 813 621 882 faciles,
631 816 760 884 juvenum
773 813 918 881 rarissime,
935 829 1052 886 questus.
1063 841 1075 865 ι
1091 818 1218 891 Suspicor

175 911 264 949 umen
278 895 415 949 Sidonium
425 893 606 965 Apollinarem
620 891 714 964 legisse
730 893 782 946 boc
795 894 857 946 loco
869 895 1012 964 carissima,
1029 909 1055 949 et
1069 897 1131 950 binc
1144 917 1217 951 erro-

176 995 231 1028 rem
244 976 376 1041 hausiase,
391 974 467 1046 quasi
480 973 577 1026 Statius
589 971 745 1043 loqueretur
759 970 793 1024 ds
805 990 867 1038 suo,
885 991 939 1025 non
953 972 986 1027 de
1005 975 1105 1027 Lucani
1119 995 1216 1030 uxore:

176 1056 262 1108 Carni.
274 1055 371 1121 XXIII,
388 1052 452 1105 165:

391 1140 465 1200 Quid,
475 1155 533 1203 quoe
542 1137 673 1202 duplicibus
679 1141 759 1201 jugata
768 1140 832 1186 tedis

389 1210 527 1272 Argentaria
536 1209 598 1256 Polla
608 1209 648 1256 det
655 1212 752 1274 poetas?

174 1305 208 1354 Et
219 1303 255 1354 ita
265 1303 320 1353 fere
333 1301 444 1353 sensisse
456 1297 625 1362 Gronorinn)
635 1301 691 1370 jam
703 1297 837 1371 intelligo,
849 1299 931 1352 Diatr.
944 1319 1002 1372 cap.
1015 1303 1059 1356 35.
1071 1303 1218 1358 Confundit

176 1383 244 1434 forte
259 1380 381 1434 Sidonius
398 1376 504 1431 Pollam
522 1377 592 1430 hunc
606 1397 668 1430 cunt
682 1377 791 1430 Claudia
805 1378 880 1430 Statii
897 1397 991 1442 uxore;
1011 1384 1086 1452 cujus
1099 1385 1216 1454 priorem

176 1463 299 1514 maritum
307 1477 430 1513 canonem
437 1471 516 1510 vocat
525 1459 623 1512 Noster
632 1457 666 1510 ad
675 1477 797 1524 uxorem,
806 1475 831 1508 v.
840 1457 872 1510 52
881 1471 907 1510 et
914 1477 939 1512 r.
947 1460 995 1527 64,
1002 1460 1110 1534 loquens
1120 1463 1152 1515 de
1163 1463 1217 1516 lilia

176 1544 233 1612 ejus
245 1560 326 1616 qnam
334 1559 365 1594 ex
376 1541 464 1612 priore
473 1539 569 1590 marito
580 1536 691 1604 tulerat,
700 1534 778 1604 dicit,
792 1537 872 1604 «Sive
881 1536 977 1611 chelyn
989 1539 1126 1612 complexa
1135 1545 1215 1614 petit,

176 1640 223 1676 eeu
234 1641 300 1676 voce
310 1635 423 1694 paterna
434 1617 595 1672 Discenduni
604 1617 687 1670 Musis
700 1631 790 1681 sonan
801 1641 812 1665 ι
826 1617 894 1670 Hinc
905 1615 975 1670 forte
987 1617 1129 1690 colligebat
1140 1621 1217 1676 Sido·

175 1705 235 1755 nittt
247 1701 322 1754 illntn
331 1712 436 1774 poetam
448 1699 546 1766 fuisse,
558 1715 640 1768 quum
650 1715 742 1749 revera
752 1710 818 1750 atet
832 1695 939 1750 tibicen.
953 1694 1010 1750 Nisi
1024 1702 1113 1771 potins
1125 1695 1215 1756 Sidon.

176 1781 277 1836 Pollam
287 1781 356 1834 banc
370 1780 481 1836 eandem
495 1778 639 1850 intelligat,
651 1795 708 1849 qna
722 1777 796 1830 Polla
811 1796 876 1830 uxor
889 1777 982 1847 Pollii,
996 1781 1042 1850 qni
1057 1783 1151 1853 etipse
1164 1783 1217 1835 fnit

172 1870 266 1930 prostes,¹
279 1858 387 1926 ridell,
401 1877 431 1925 a,
444 1875 468 1910 v.
484 1873 548 1920 rm
563 1856 636 1927 qnod
649 1858 671 1909 ai
682 1875 772 1908 verum
786 1857 833 1922 sit,
851 1855 908 1909 scil.
920 1857 1057 1912 Lucanum
1068 1873 1095 1912 et
1105 1859 1216 1914 Pollium

176 1938 288 1992 eandem
299 1955 408 1991 uxorem
418 1935 558 2004 habuisse,
570 1938 655 1990 omnis
667 1938 764 1990 erroris
776 1935 903 1988 liberatur
915 1937 1045 1992 Sidonius.

212 2099 253 2152 28.
262 2155 266 2158 ,
274 2100 354 2152 Tanti
365 2097 476 2150 auctoris
491 2097 582 2150 Iabere
593 2065 769 2151 merentium.
783 2096 886 2150 Plarasis
899 2099 1070 2152 usbaussima
1080 2097 1155 2152 istius
1167 2101 1217 2150 evi

176 2177 359 2252 scriptoribus.
372 2175 471 2230 Plinius
483 2177 567 2248 Epist.
577 2179 622 2245 IV,
634 2194 680 2247 ¹7²
696 2201 707 2223 α
717 2173 939 2230 Adolescentulns
952 2195 1039 2231 cram:
1051 2181 1141 2249 etjam
1150 2175 1216 2230 miln'

176 2259 209 2312 ab
221 2257 267 2312 illo
278 2258 373 2324 honor,
385 2271 464 2328 atque
476 2260 552 2309 etiam
562 2256 683 2328 (audebo
692 2256 796 2327 dicere)
806 2260 965 2326 reverentia,
977 2271 1007 2309 ut
1015 2257 1123 2330 equali,
1134 2255 1217 2311 babe-

176 2339 289 2401 batur3·
304 2337 362 2389 ride
376 2349 403 2389 et
414 2337 450 2402 II,
463 2354 493 2406 73
505 2339 620 2403 Seneca,
630 2335 737 2390 Consol.
751 2335 785 2388 ad
797 2335 872 2388 Helv.
885 2355 908 2388 c.
925 2338 970 2390 13:
988 2337 1157 2409 «Ignominia
1168 2333 1217 2389 illa

176 2429 293 2489 praetura
301 2429 327 2468 et
336 2413 489 2468 consulatus
495 2415 560 2482 tuit,
570 2414 667 2485 quibus
677 2433 708 2466 ex
715 2414 816 2466 Catone
824 2412 1077 2476 bonorlrabebstun
1086 2439 1097 2460 ι
1109 2417 1146 2466 ita
1154 2434 1218 2486 pas·

176 2496 226 2548 sim
237 2494 377 2560 Suetonio;
387 2492 448 2547 ride
459 2493 542 2563 Calig.
555 2511 613 2565 cap.
629 2493 676 2561 23,
688 2505 714 2546 et
725 2494 827 2547 Neron.
839 2511 898 2566 cap.
909 2511 938 2564 9:
951 2493 1048 2546 habere
1060 2492 1218 2566 dignitatern

110 2639 116 2650 Ι
174 2575 306 2648 sapientie
319 2574 472 2642 doctoribus,
489 2571 555 2625 Plin.
571 2575 697 2645 Panegyr.
712 2569 848 2646 perbibere
862 2573 999 2641 bonorem,
1013 2571 1105 2626 eodem
1120 2591 1216 2640 sensu,

174 2653 275 2707 Plinius
285 2652 442 2719 avunculus,
455 2653 521 2706 Hist.
533 2654 595 2706 Nat.
604 2653 710 2720 mV,
722 2671 763 2723 17,
773 2664 893 2727 proestare
902 2650 1025 2707 bonorem
1036 2651 1128 2720 alicui,
1137 2653 1216 2706 Juve-

175 2734 242 2787 nalis
254 2735 287 2800 V,
304 2735 350 2786 ·0
364 2735 478 2801 nummi,
490 2733 565 2786 vobis
578 2733 650 2786 hunc
662 2747 769 2805 praestat
783 2728 926 2803 honorem,
940 2729 994 2787 Vos
1009 2736 1071 2788 estis
1084 2731 1213 2797 Prataq-

175 2816 212 2867 ita
222 2813 377 2885 legendnm
388 2814 482 2886 vulgo,
487 2813 593 2886 fratres.
603 2812 672 2866 Vide
679 2827 706 2866 et
712 2815 846 2878 Tacitum,
858 2809 1005 2882 Annalli,
1016 2813 1065 2883 44,
1077 2811 1215 2865 Publicson

175 2897 320 2968 accipiant,
331 2894 359 2948 id
370 2907 422 2962 est,
431 2895 565 2967 prodeant.
577 2894 689 2958 Seneca,
697 2891 790 2960 deira,
801 2897 839 2962 11,
851 2911 896 2948 10:
907 2917 919 2941 ι
928 2895 1110 2947 Democritum
1121 2906 1215 2945 contn

175 2978 262 3042 aiunt,
275 2993 413 3047 nunqnam
427 2976 482 3028 sine
497 2977 553 3029 risu
566 2975 594 3028 in
606 2975 714 3049 publico
728 2975 842 3029 fuisse..

210 3135 252 3186 30.
271 3135 411 3190 Publiciana
423 3137 561 3209 accipiant.
575 3139 632 3190 Iloo
644 3149 697 3202 sat,
708 3133 806 3208 publici
816 3133 881 3185 fiant
888 3134 964 3202 juris.
982 3134 1013 3185 A.
