2850 4488
363 307 995 424 ‘n1un1Quanr1srnvannn
1145 350 1205 435 ⁴9¹
1230 399 1247 420 ‚

351 463 462 514 tullum
470 465 547 513 lunera
556 468 617 514 cumi
626 482 733 515 ursanus
741 469 834 532 Lycum
843 483 849 513 ι

168 565 204 616 ita
212 560 354 634 legendnm
363 576 429 635 puto
439 581 489 635 pro
499 565 593 617 dextre
601 581 702 617 merasce.
716 565 756 618 lle
766 568 853 616 omnia
864 563 1052 632 transcribam,
1064 563 1124 616 vide
1134 564 1211 636 plura

169 645 303 716 exempla,
316 645 339 696 si
349 645 429 712 velis,
442 645 514 717 aputl
527 645 571 699 Sil.
584 646 642 699 ltal.
655 645 702 698 Vll
710 687 718 715 ,
734 647 798 718 1983
811 647 884 714 Vlll,
902 645 949 718 137
960 667 967 710 ;
980 645 1056 700 Ouid.
1071 647 1172 699 Pontio.
1184 650 1211 713 1,

169 743 199 790 ις
213 725 348 778 Tibullum
362 745 416 780 non
432 726 529 795 semel,
543 743 569 780 et
580 731 755 800 Propertium.
767 727 911 782 Confirmat
921 727 991 782 hunc
1004 727 1068 780 mihi
1080 731 1212 798 conjectu·

167 823 222 858 ram
236 805 309 877 qnod
326 809 466 879 saepissime
485 807 622 860 observavi
639 808 759 861 literas'c
776 822 800 861 et
811 809 835 880 s
846 811 915 861 inter
930 827 958 862 se
974 820 1159 864 commutatas.
1174 811 1212 860 lta

167 884 244 941 ovid.
259 889 328 939 Fast.
344 888 381 955 V,
398 886 462 954 525,
476 889 562 940 -Cara
580 889 631 940 fuit
647 891 760 959 conjux,
777 891 867 961 prima}
879 888 944 941 mihi
956 907 1017 942 cura
1031 892 1146 960 juventu
1160 889 1213 940 Co·

167 968 278 1038 gnita„
296 985 345 1038 pro
359 986 436 1034 curu,
450 970 615 1022 Burmannus
628 971 736 1040 conjicit
748 969 815 1046 flore
822 991 832 1032 ,·
847 987 896 1023 nec
909 968 1004 1023 dubito
1019 971 1082 1042 quin
1097 971 1133 1021 ita
1146 969 1211 1022 scri-

166 1046 250 1116 pserit
262 1045 380 1100 Ovidius.
399 1049 468 1100 Ecce
483 1047 556 1100 aliud
569 1048 717 1119 exemplum
732 1067 763 1101 ea
778 1048 888 1116 eodem,
904 1049 983 1101 Trist.
997 1049 1046 1115 lV,
1062 1065 1109 1112 10,
1121 1066 1145 1099 v.
1164 1062 1212 1116 19,

167 1122 215 1176 ubi
227 1125 300 1178 llaec
315 1121 433 1198 loquitur
446 1126 479 1180 de
494 1145 542 1180 sua
555 1128 590 1182 ad
604 1127 719 1183 studium
734 1129 870 1201 poetices,
883 1130 962 1182 etiarn
977 1145 993 1180 a
1007 1128 1136 1199 pueritia,
1149 1143 1212 1198 pru·

150 1215 311 1274 'pamma
351 1279 380 1324 Δι
388 1275 445 1324 mihi
450 1279 499 1340 jam
510 1293 586 1340 puero
594 1275 691 1326 celensis
701 1293 765 1324 sacra
775 1275 911 1340 placebant,

382 1349 457 1411 Inque
465 1363 534 1395 suum
543 1347 623 1394 fluum
632 1347 699 1394 ldnaa
708 1347 814 1396 trahebat
823 1365 890 1426 oppa.

166 1429 240 1483 Vidit
252 1434 417 1488 acutissimus
435 1437 556 1490 Heinsius
570 1435 680 1489 celestia
698 1436 743 1488 illa
756 1455 828 1490 ram
841 1457 895 1490 non
909 1437 1051 1491 convenire
1069 1435 1132 1487 huic
1149 1434 1211 1486 loco

166 1508 214 1562 ubi
227 1509 261 1563 de
273 1516 381 1584 poetica
394 1518 501 1588 agitur:
517 1515 577 1570 ideo
590 1528 681 1584 notat,
698 1517 777 1583 «An,
790 1519 933 1572 Permessia
946 1517 1035 1570 sacru?
1045 1512 1097 1566 tale
1111 1511 1212 1584 aliquid

166 1589 238 1642 latet.
250 1616 261 1638 ι
277 1593 362 1666 Lege,
380 1595 435 1646 «At
445 1593 509 1647 mihi
515 1598 572 1666 jam
583 1613 666 1668 puero
677 1594 801 1650 Phoebeia
811 1615 884 1649 sacra
893 1594 1049 1668 placebant:
1061 1617 1072 1640 ι
1085 1593 1211 1663 scriptum

165 1681 239 1734 erat,
251 1683 281 1722 ιιι
291 1689 361 1744 supe
371 1675 398 1724 in
410 1671 497 1738 libris,
504 1671 619 1744 fabum
631 1671 702 1726 uude
708 1673 732 1744 s
739 1675 767 1724 in
779 1693 792 1724 c
804 1687 921 1740 mutata,
934 1674 1027 1726 coeMu
1034 1695 1043 1734 ;
1058 1691 1089 1724 ex
1101 1688 1156 1743 quo
1170 1669 1211 1721 fe-

163 1759 260 1799 cerunt
273 1750 391 1804 coelestia.

201 1888 245 1955 ⁴⁵·
265 1889 379 1964 Artificis
392 1895 466 1948 curis.
481 1895 566 1948 'lotus
578 1892 652 1946 locus
665 1895 700 1945 ita
712 1892 808 1945 habet:

351 1991 397 2052 Qui
405 1989 489 2039 modus
497 1993 522 2037 iu
531 1989 626 2047 dextra,
637 2002 724 2054 quanta
732 1991 873 2056 experientia
883 1991 945 2038 docti

352 2060 453 2108 Artificis
462 2061 538 2116 cuna,
547 2062 636 2126 pariter
644 2061 770 2124 gestamina
780 2074 866 2108 menese

351 2131 464 2195 Fingere,
474 2144 498 2179 et
507 2135 613 2196 ingentes
623 2133 699 2179 auium
709 2147 799 2180 versare
808 2131 928 2179 colossos?

162 2229 211 2282 ubi
224 2227 331 2302 artificis
343 2233 410 2286 curis
424 2246 453 2286 ut
466 2235 557 2288 Pietas.
572 2231 668 2286 Abasc.
684 2251 720 2285 va.
735 2234 767 2301 a,
784 2233 936 2304 -curssque
952 2230 1046 2302 fatiget
1057 2229 1212 2296 Artificum,

161 2313 246 2384 inque
262 2314 335 2365 omni
349 2326 376 2366 te
390 2315 481 2387 quaerit
495 2331 584 2367 amare
600 2312 747 2378 metallo;n
769 2324 795 2364 et
807 2311 872 2364 Pliu.
886 2313 952 2364 illst.
964 2311 1025 2362 Nat.
1039 2309 1164 2377 XXXVl,
1178 2310 1214 2377 3,

164 2413 176 2436 ι
186 2409 244 2464 quo
254 2394 340 2464 majus
348 2391 499 2466 periculum
507 2410 576 2448 curu
585 2390 716 2466 artificum
726 2391 902 2446 denuntiaret.
912 2414 923 2440 ι
935 2389 1113 2444 Nihilominus
1123 2402 1211 2442 tamen

142 2487 146 2494 “
160 2471 205 2522 via
216 2469 271 2524 fleri
280 2486 383 2544 potest,
393 2487 423 2526 ιιι
432 2476 468 2526 ita
477 2475 611 2548 scripserit
620 2473 733 2535 Statius3
746 2475 845 2546 quippe
856 2471 931 2525 deest
941 2469 1078 2542 epitheton
1087 2469 1129 2528 rei
1139 2487 1212 2520 men-

158 2567 194 2602 aoe
204 2549 280 2623 quod
292 2552 452 2626 respondeat
463 2567 490 2608 et
501 2566 654 2627 opponatur
664 2553 700 2620 τᾷ
716 2554 830 2628 inqmtes
845 2551 952 2606 colossus
968 2552 996 2604 in
1008 2549 1093 2603 altero
1105 2560 1211 2601 senteu-

158 2631 204 2681 tin
220 2631 339 2684 membro
352 2654 358 2683 ι
373 2631 425 2686 hoc
439 2633 537 2701 modo,
553 2635 671 2705 «pariter
685 2633 784 2704 fingere
800 2634 946 2702 gestamina
959 2649 1047 2704 parurn
1058 2647 1171 2695 mensu,
1184 2641 1212 2680 et

157 2726 271 2762 versare
280 2711 369 2762 enimn
382 2711 497 2786 ingentes
508 2711 626 2764 colossos
636 2733 641 2762 :
653 2734 664 2757 ι
678 2713 717 2764 ita
727 2709 846 2782 postulat
857 2711 997 2782 elegantia,
1010 2723 1035 2762 et
1046 2726 1103 2762 mos
1112 2725 1212 2780 perpe-

157 2805 226 2842 tuus
237 2789 321 2842 Statii.
334 2791 421 2862 Lege:

570 2897 576 2907 .
587 2896 592 2906 .
603 2895 609 2907 .
619 2895 624 2906 .
634 2871 719 2926 quauta
728 2862 870 2924 experientia
879 2859 940 2908 docti

350 2931 461 2988 Artificis,
471 2942 543 2978 curta
552 2931 640 2994 pariter
648 2931 773 2993 gestamina
781 2945 867 2976 menae

349 3003 461 3066 angere,
471 3015 495 3049 et
504 3005 611 3067 ingentes
619 3004 697 3056 animo
706 3017 798 3050 verare
807 3001 925 3049 colossus?

156 3107 197 3156 ita
213 3120 313 3176 supra,
326 3122 350 3156 v.
364 3103 413 3176 37,
425 3123 572 3180 pennaque
588 3104 670 3158 uideri
685 3104 826 3178 miliique
837 3105 944 3180 inpens5
962 3115 988 3155 et
1001 3100 1145 3167 Martialis,
1158 3101 1211 3167 lx,

157 3199 233 3249 antu,
250 3200 280 3249 a,
292 3182 326 3235 de
336 3182 388 3237 hac
400 3198 503 3252 statua,
515 3187 635 3256 -nxiguo
644 3204 756 3260 magnus
766 3186 794 3237 lu
802 3203 852 3237 rere
862 3185 943 3238 Deus.
955 3207 966 3230 ι
982 3184 1060 3236 Curta
1071 3199 1160 3234 mensa
1171 3193 1212 3234 eat

154 3281 245 3337 parua
256 3281 345 3317 mensa
357 3287 366 3317 .-
381 3279 411 3318 ut
420 3264 621 3338 eum-supellex
631 3267 735 3332 Persio,
748 3267 796 3330 lv,
807 3264 855 3328 523
866 3275 939 3317 cursa
950 3263 1045 3317 tudella
1054 3261 1130 3316 Ouid.
1142 3263 1210 3314 fast.

157 3345 196 3410 ll,
207 3341 276 3408 408,
286 3341 333 3395 utri
341 3343 401 3397 ride
410 3345 546 3398 lleinaium
556 3365 563 3408 3
573 3357 647 3398 curta
654 3343 760 3418 pecualia
769 3343 858 3396 Amor.
870 3346 906 3410 ll,
917 3361 931 3396 a
941 3365 948 3396 ι
959 3343 1015 3396 hec
1022 3344 1091 3396 enim
1098 3359 1148 3393 voa
1155 3357 1210 3393 non
1258 3361 1264 3368 ·

158 3439 269 3494 semper
276 3421 385 3480 denotat
395 3443 451 3480 rem
461 3441 519 3498 quoe
527 3423 618 3496 aliqua
627 3435 703 3497 pene
711 3422 801 3498 deficit
807 3445 817 3486 ,-
826 3422 873 3476 sed
883 3422 1036 3496 simpliciter
1044 3437 1169 3494 paruum:
1182 3433 1212 3472 ut

156 3513 253 3557 eunus
263 3501 365 3569 mulus,
379 3517 406 3558 et
415 3515 503 3560 curuss
515 3504 557 3558 lur
567 3523 614 3560 seu
623 3505 810 3577 pervademus
824 3507 915 3558 floret.
932 3505 1014 3577 Epist.
1030 3506 1057 3572 l,
1070 3519 1100 3572 7,
1113 3503 1160 3554 ubi
1173 3502 1212 3553 ri-
1296 3575 1310 3584 .

157 3579 267 3636 dendus
281 3581 422 3636 Bentleius.
437 3584 511 3638 Licet
522 3598 612 3638 tamen
624 3585 798 3639 certissimam
814 3598 881 3658 pato
897 3583 967 3638 hanc
982 3581 1211 3648 emendationem,

157 3665 186 3716 iu
201 3673 359 3716 contextum
372 3682 428 3717 non
442 3663 554 3731 admisi,
568 3667 630 3739 quia
643 3683 736 3719 seusus
751 3666 808 3718 siue
821 3663 868 3718 illa
880 3677 994 3718 constat.

195 3805 244 3872 46.
261 3805 384 3880 Inpentes
394 3807 483 3859 animo
495 3826 593 3862 uersare
603 3807 729 3862 colossos?
741 3809 810 3861 Num
821 3806 952 3888 Lysippus
965 3793 1084 3860 coldssos
1095 3803 1211 3864 calatin

155 3903 248 3939 unum
260 3888 393 3960 precipue
405 3886 582 3960 quadraginta
594 3887 744 3942 cubitorum
755 3889 879 3955 Tarenti,
892 3905 972 3960 quem
983 3885 1082 3940 Fabius
1093 3887 1211 3936 Veruco·

156 3983 205 4018 sus
218 3965 333 4020 Romam
343 3968 486 4020 transferre
496 3987 552 4021 nou
562 3986 643 4023 ausus
655 3981 711 4036 cst,
728 3967 763 4022 ob
774 3966 958 4022 difficultatem
971 3961 1114 4030 moliendi,
1130 3978 1211 4033 quum

157 4059 254 4100 tamen
266 4045 327 4099 inde
338 4046 480 4101 Herculem
492 4047 666 4102 transtulerit.
683 4050 782 4102 noan.
