2784 4484
205 343 245 414 111
399 345 533 412 NOTAE
559 345 826 411 1ttcaa1uutt
852 345 1050 412 PRIMUM

201 469 249 524 vet
261 467 332 522 iane
344 467 380 520 tv
389 465 467 521 cons.
480 467 607 538 notoni,
618 490 642 522 v.
657 469 723 542 ⁵902

387 572 463 630 Auget
470 584 525 616 acus
534 571 654 624 meritum,
664 570 850 633 picturatumque
859 566 957 614 metaliis

385 639 447 685 Vivit
457 654 527 702 opus,
537 639 654 702 multaque
664 641 795 684 animantur
804 635 896 700 Iaspide
905 635 993 693 cultus,

385 711 490 770 litteriis
499 713 570 774 spirat
579 713 663 758 Nereia
671 709 740 757 hacco
750 709 839 772 figuris:

199 804 236 853 ita
250 799 404 872 legendum
419 801 496 874 vulgo
509 802 614 872 frigide,
628 813 757 853 uniantur
766 800 885 872 Iaspide:
901 801 974 872 atqui
985 801 1035 850 ista
1047 799 1112 851 uiuit
1125 812 1151 852 et
1161 801 1243 874 spirat

200 883 309 934 omnino
320 881 457 953 postulant
470 883 628 934 animantur.
643 879 828 946 Sedstbrem:
843 899 873 932 ex
885 878 927 932 his
941 881 1007 932 locis
1020 877 1063 949 (et
1075 879 1128 930 alie
1142 877 1243 932 infinita

102 1027 106 1034 ν
200 960 298 1015 adduci
310 962 437 1033 possunt)
450 961 525 1014 vides
535 981 635 1014 morem
648 976 799 1032 poetarum,
812 961 857 1032 qui
872 962 925 1012 suis
937 957 1088 1011 fictionibus
1099 975 1186 1010 rerum
1197 979 1244 1011 ve-

198 1061 288 1094 rarum
300 1041 489 1115 descriptiones
499 1041 714 1104 accommodant;
726 1039 828 1110 fingunt
838 1042 966 1111 primum
978 1037 1075 1090 deinde
1085 1040 1161 1110 quasi
1171 1037 1242 1092 iacta

199 1117 360 1172 describunt.
374 1117 454 1186 Quod
466 1121 545 1190 igitur
560 1119 593 1172 de
610 1139 679 1191 equo
694 1138 757 1171 vero
772 1132 798 1172 et
813 1121 873 1170 vivo
891 1117 998 1172 dixisset
1013 1118 1126 1184 Statius,
1142 1117 1195 1170 hoc
1209 1118 1243 1171 de

185 1211 283 1250 ,statua
294 1198 355 1268 equi
365 1216 437 1250 more
446 1201 533 1270 poetis
545 1189 746 1250 familiarissimo
756 1199 828 1251 dicit.
836 1201 875 1250 ita
887 1197 933 1250 hic
944 1214 1029 1270 equus
1042 1199 1143 1250 animos
1155 1199 1243 1250 imita-

198 1291 241 1328 tur
250 1279 407 1344 Domitiani,
418 1278 501 1344 1.46;
512 1279 603 1330 Acrius
614 1277 711 1332 attollit
724 1278 825 1343 vultus,
838 1299 863 1333 r.
874 1277 907 1348 47
914 1299 922 1339 ;
934 1279 1014 1330 immo
1026 1277 1112 1328 aivum
1121 1273 1184 1327 huic
1194 1295 1243 1347 per

198 1373 286 1408 armos
298 1356 426 1426 impetum
435 1356 533 1424 donat,
546 1375 583 1408 rs.
595 1355 643 1422 48;
657 1369 683 1408 et
694 1357 813 1430 Cyllarus
826 1357 899 1429 (ipse
909 1361 989 1409 etiam
1001 1355 1128 1427 aheneus)
1140 1354 1174 1407 ab
1185 1353 1242 1408 aede

198 1436 312 1488 Castoris
330 1437 481 1509 propinqua
498 1445 577 1508 pavet
593 1433 678 1502 bunc,
698 1437 773 1506 quasi
784 1439 885 1502 vivum,
897 1456 922 1489 v.
935 1437 982 1497 53;
1002 1449 1073 1488 recte
1085 1435 1242 1504 igiturdici·

197 1527 241 1564 tur
253 1531 364 1580 currere,
378 1511 440 1566 lieet
455 1517 482 1565 in
500 1531 557 1564 oere.
569 1517 709 1566 innumera
720 1512 774 1566 hue
786 1518 936 1586 spectantia
946 1535 978 1567 ex
989 1528 1080 1567 nostro
1092 1527 1118 1565 et
1130 1513 1187 1566 aliis
1200 1514 1243 1566 af-

197 1593 266 1646 ferro
279 1611 401 1664 possem,
418 1596 440 1646 si
454 1612 515 1646 meo
530 1606 557 1645 et
570 1591 677 1647 lectoris
695 1595 749 1646 otio
768 1593 842 1646 abuti
858 1593 959 1648 vellem.
971 1623 1008 1634 -
1019 1595 1105 1665 Prope
1110 1591 1240 1670 flumina.

196 1669 317 1726 Bertbius
330 1669 443 1745 explicat
456 1676 484 1726 in
498 1671 636 1728 Adversar.
648 1675 693 1741 tt,
711 1674 756 1739 13,
774 1675 822 1740 31,
836 1675 884 1740 33,
905 1677 949 1742 16,
961 1672 994 1726 de
1009 1673 1141 1726 celeritate
1152 1675 1241 1744 ipsum

196 1752 269 1804 iiuvii
283 1752 423 1806 decursum
437 1766 570 1824 aequante,
586 1765 612 1804 et
629 1752 682 1824 agit
694 1753 727 1804 de
742 1753 856 1808 formula
867 1773 948 1828 prope
959 1773 1022 1822 esse,
1037 1755 1054 1806 i.
1066 1773 1089 1806 e.
1103 1755 1241 1824 attingere.

88 1880 91 1888 ,
196 1833 346 1884 Gronovius
367 1833 450 1883 Diatr.
463 1849 521 1902 cap.
537 1831 572 1896 4:
591 1831 697 1904 «Prope
719 1833 836 1885 Hebrum
851 1849 896 1886 aut
910 1829 1049 1906 Strymona
1063 1835 1144 1886 currit
1157 1851 1241 1904 equus

196 1909 288 1962 Martis
301 1908 375 1961 ilium
387 1929 505 1975 cursum,
518 1913 565 1980 qui
579 1913 667 1962 necin
681 1913 731 1964 ista
742 1913 876 1966 vicinitate
888 1933 972 1986 prope
984 1913 1092 1986 rapidos
1105 1911 1241 1965 fluminum

196 1989 286 2060 lapsus
299 1987 388 2041 tardus
402 1991 465 2043 sit.»
482 1991 566 2042 Nimis
579 1990 718 2058 subtiliter,
733 2005 762 2044 ut
775 2007 850 2064 puto.
865 1995 950 2066 Prope
953 1993 1075 2068 flumina
1089 1993 1241 2066 simpliciter

196 2081 236 2120 est
247 2067 265 2118 i.
279 2087 304 2140 q.
314 2073 389 2140 juxta
400 2067 518 2120 flumina.
537 2069 619 2120 Htttn.

233 2207 274 2262 13.
297 2207 347 2279 Qui
352 2207 436 2280 fessus
448 2207 529 2262 tettts.
543 2208 650 2263 Falsum
663 2211 730 2264 boc:
742 2233 798 2265 uon
813 2215 883 2266 enirn
894 2215 977 2286 fessus
992 2227 1049 2265 erat
1064 2213 1142 2266 bellis
1157 2216 1242 2268 Cesar

197 2303 279 2358 quum
290 2287 490 2355 interficeretur,
507 2302 600 2360 utpote
618 2292 664 2361 qui
680 2291 873 2366 expeditionem
888 2295 915 2344 in
929 2295 1015 2345 Dacos
1028 2306 1054 2344 et
1068 2292 1180 2346 Parthos
1193 2313 1243 2366 pa·

195 2378 279 2435 rarat,
295 2379 324 2418 ut
339 2387 369 2420 ex
385 2369 511 2421 Suetonio
523 2369 593 2422 bene
607 2384 681 2422 notat
697 2373 831 2435 Barthius;
847 2385 873 2424 et
888 2372 921 2425 de
933 2374 1053 2444 Angusto
1069 2371 1176 2446 quidem
1188 2373 1241 2426 boc

196 2459 266 2499 reete
279 2443 419 2514 diceretur,
431 2462 461 2499 ut
471 2446 503 2500 de
516 2467 548 2501 eo
558 2450 658 2504 Auctor
668 2450 780 2502 Octavia
793 2470 815 2501 v.
831 2451 896 2518 525,
909 2451 954 2503 sed
964 2470 1018 2503 non
1028 2451 1061 2503 de
1072 2451 1152 2503 tutto.
1164 2454 1243 2504 insti-

195 2529 278 2578 tuitur
287 2529 366 2580 tacite
375 2531 539 2600 comparatio
549 2530 608 2580 Divi
619 2529 680 2581 Julii
691 2543 716 2581 et
727 2531 883 2594 Domitiani;
898 2544 923 2583 et
933 2549 1026 2584 sensus
1036 2542 1088 2583 est:
1101 2532 1187 2584 Caesar
1196 2534 1242 2601 qui

164 2619 171 2628 ·
196 2608 296 2677 primus
305 2609 333 2658 iu
342 2606 415 2660 divos
426 2609 603 2674 referebatur,
616 2607 692 2661 bellis
702 2622 729 2661 et
738 2609 852 2663 cudibus
862 2609 1009 2682 gaudeba13
1020 2623 1049 2662 tu
1059 2623 1166 2676 contra,
1174 2628 1242 2681 pace

197 2699 224 2738 et
240 2687 396 2740 clementia:
414 2702 514 2760 quanto
530 2690 608 2758 igitur
621 2691 703 2762 massis
720 2704 750 2742 tu
767 2689 858 2744 calum
870 2693 991 2746 mereris!
1004 2693 1044 2744 Ne
1060 2689 1163 2743 dubites
1178 2691 1242 2762 quin

197 2768 331 2839 scripserit
343 2768 454 2820 Statius:
470 2769 521 2839 Qui
524 2765 592 2839 fisus
604 2768 686 2822 bellis.
698 2771 799 2824 Multus
811 2774 838 2823 in
851 2773 901 2824 hac
911 2791 976 2824 voce
989 2771 1034 2824 Sil.
1047 2771 1169 2838 italicus,
1180 2771 1243 2838 Vll,

197 2847 262 2918 6673
277 2847 315 2914 X,
327 2847 393 2917 6293
405 2849 462 2914 XV,
476 2849 509 2899 31
523 2861 549 2899 et
562 2849 626 2916 144,
642 2862 667 2900 et
682 2851 718 2902 ita
735 2853 842 2923 passim.
858 2853 999 2906 Annonam
1008 2847 1096 2925 fidens
1106 2854 1243 2918 Lucanus,

196 2927 246 2996 IX,
259 2927 325 3000 373,
337 2928 370 2980 de
381 2931 498 2982 Catone:
515 2925 634 2980 ·sardus
647 2950 777 3000 generoso
791 2933 920 3004 sanguine
935 2932 1018 2984 fidens
1032 2929 1182 2995 Herculis,·
1198 2948 1243 3000 ap.

197 3009 375 3075 silium‚x11‚
390 3007 455 3077 359:
471 3005 574 3058 «viridi
586 3007 670 3061 fidens
684 3011 790 3064 intenta
805 3013 978 3084 Crispinus,»
993 3009 1053 3063 Siir.
1066 3011 1098 3074 V,
1112 3025 1135 3059 a.
1148 3009 1189 3060 lta
1200 3027 1242 3058 m·

197 3083 289 3144 πωθὲς
304 3088 375 3159 apud
385 3089 490 3140 Graecos
503 3100 598 3159 poetas
610 3103 636 3142 et
647 3091 792 3143 Homerum
802 3093 909 3161 passim.
922 3091 1043 3151 Tacitus,
1055 3087 1121 3137 Hist.
1136 3087 1181 3154 IV,
1193 3085 1242 3152 60,

197 3168 230 3220 tle
240 3166 328 3220 civiti:
346 3191 356 3212 1
367 3169 488 3220 Ceterum
501 3187 588 3242 neque
599 3187 627 3222 se
640 3189 726 3240 neque
739 3187 900 3242 quemquam
910 3169 1036 3218 Batavum
1047 3167 1074 3216 in
1086 3163 1165 3217 rerba
1179 3165 1242 3216 Gai-

197 3247 292 3298 iiarum
311 3245 415 3316 adegit,
429 3246 492 3300 fisus
506 3249 698 3301 Germanorum
715 3241 843 3319 opibus·
861 3250 938 3299 Potes
955 3248 1050 3311 etiam,
1069 3246 1144 3314 «Qui
1159 3245 1242 3297 fretus

197 3325 273 3381 bellis
282 3349 310 3392 ,1
328 3324 421 3378 eodem
434 3347 520 3380 sensu.
531 3329 652 3394 Tacitus,
663 3326 758 3379 Annai.
771 3329 820 3393 vt,
835 3325 868 3377 de
877 3344 939 3397 rego
954 3323 1104 3390 Artabano,
1118 3342 1177 3395 cap.
1190 3323 1220 3375 31
1234 3346 1241 3376 ε

201 3403 304 3458 «fretus
312 3403 389 3459 bellis
400 3426 457 3479 quae
466 3409 583 3461 secunda
594 3407 731 3462 adversum
742 3405 922 3476 circumjectas
932 3405 1054 3454 nationes
1061 3413 1241 3454 exercuerat„

198 3483 261 3551 Vel,
276 3483 327 3557 Qui
339 3498 421 3541 sttetrcr
435 3489 521 3554 settis,
536 3487 683 3560 professus.
698 3487 738 3537 lta
750 3495 834 3538 suetus
845 3484 944 3559 sepibus
958 3481 1061 3548 Oriens,
1075 3483 1160 3533 Tacit.
1174 3483 1241 3534 Hist.

198 3567 243 3632 lv,
259 3584 281 3618 c.
297 3581 343 3638 t7;
361 3583 388 3622 et
403 3565 657 3645 suetusflumimbm,
670 3567 703 3633 V,
719 3584 776 3636 cap.
793 3563 836 3631 tit
857 3576 942 3617 suetus
953 3560 1073 3615 civilibus
1083 3564 1175 3630 annis,
1189 3561 1241 3614 Lu·

199 3650 329 3714 canus,1,
341 3647 407 3712 315,
419 3645 491 3699 bellis
499 3645 615 3698 adsueuit
627 3641 760 3714 Opheltes,
772 3643 842 3716 virg.
853 3645 903 3710 nt,
914 3658 961 3696 aot
970 3681 979 3708 ,
989 3653 1029 3709 et,
1042 3641 1081 3694 its
1089 3661 1136 3715 eqo
1145 3654 1241 3708 suetus,

199 3743 235 3776 se.
254 3728 343 3792 armis,
363 3731 396 3794 V,
414 3726 480 3792 4¹63
499 3723 545 3777 sed
561 3723 625 3774 mibi
645 3725 775 3795 praecipue
790 3721 877 3796 piacet
888 3721 969 3796 fisos,
989 3723 1050 3793 quia
1068 3736 1108 3774 est
1121 3724 1242 3795 proxima

200 3805 364 3871 emendatio,
384 3823 464 3876 quum
483 3821 576 3872 parum
593 3802 748 3855 differentia
766 3805 800 3856 sit
817 3805 886 3855 inter
895 3801 963 3876 fisus
979 3813 1004 3855 et
1017 3802 1109 3874 fmus.
1122 3831 1158 3842 -
1170 3803 1242 3853 ttius

198 3883 346 3941 Marklandi
360 3885 476 3953 jejunius
495 3899 573 3954 qnam
583 3882 679 3954 fusus,
694 3902 743 3936 uec
760 3883 827 3937 bene
842 3887 967 3938 convenit
984 3901 1045 3936 eum
1059 3880 1239 3954 sequentibus.

199 3967 280 4016 immo
292 3964 353 4034 quia
366 3961 438 4015 baliis
442 3963 525 4035 fessus
537 3976 586 4032 est,
596 3967 662 4038 petit
672 3963 773 4017 caelunt.
783 3968 860 4018 Lanu.
867 3995 904 4007 -
914 3963 1026 4020 Adscitoe
1035 3981 1143 4018 munem
1149 3957 1239 4031 proiit·

198 4045 247 4094 Pro
256 4043 359 4095 adscito:
370 4042 488 4115 plurimae
500 4043 629 4099 editiones
638 4045 737 4099 babent
749 4047 866 4114 adserta,
879 4045 925 4099 sed
937 4041 1002 4099 iilud
1015 4043 1126 4097 restituit
1137 4040 1240 4090 Grono-
