2804 4490
186 302 249 366 218
343 301 477 364 NOTAE
503 299 550 361 ΙΝ
576 299 774 362 GARMEN
796 299 1065 364 SECUNDUM

186 425 299 474 daimon
313 436 436 494 spectans
455 422 607 474 Sunmrtna
625 422 747 490 pnutoria
765 423 902 490 uagitum·
919 419 971 473 hoc
990 440 1082 474 seuam
1099 423 1222 496 postulat.

183 505 266 573 tege,

367 573 463 634 Angitur
471 571 527 620 hinc
535 572 631 620 domino
639 583 719 618 cuum
729 561 855 617 recubante
865 569 946 632 proed
955 572 994 634 qui

364 644 501 690 smenma
512 656 565 690 tuus
573 655 662 706 spectat
669 645 777 704 pictoria
787 643 885 688 Limon:
928 688 931 702 ,

183 763 229 814 per
240 761 270 796 se
281 754 355 813 putet
366 740 524 793 emendatio.
539 741 592 810 Qui
601 750 710 811 spectat,
722 754 752 792 ut
762 757 838 805 moa,
851 757 910 812 quo
921 741 1022 812 &sperit
1035 741 1162 812 Exempla
1175 741 1226 793 hu-

178 822 296 892 jusmodi
313 821 505 874 terminationis
519 839 609 874 versus
626 833 700 892 petas
714 839 745 872 cx
758 819 877 872 Bentleio
895 821 929 872 ad
944 824 1036 873 Horat.
1055 821 1137 874 Senn.
1155 825 1180 890 l,
1194 823 1224 888 4,

182 922 206 952 v.
223 919 285 968 110,
296 901 342 953 ubi
354 920 404 973 pro
416 912 495 974 utque
507 900 569 971 legit
580 911 608 951 ut
619 901 673 971 qui.

217 1042 261 1094 83.
283 1041 343 1092 Ursa
357 1051 444 1092 mosen
460 1040 557 1093 mactis
573 1037 664 1108 procul
679 1039 777 1092 eminet
788 1057 842 1090 unu
857 1039 949 1092 lintis.
964 1039 1105 1110 Eleganter
1120 1042 1224 1113 quidem

161 1121 162 1126 ’
182 1121 310 1193 ropetitur
325 1139 376 1172 soa
387 1117 496 1190 quando
506 1137 569 1172 cum
580 1116 761 1188 indignatione
772 1118 812 1172 rel
824 1121 937 1188 graviori
953 1120 1042 1191 aliquo
1058 1125 1137 1174 animi
1152 1137 1226 1175 motti

182 1199 327 1271 quidquam
338 1199 486 1268 profertum
496 1211 526 1251 ut
534 1197 608 1271 apud
616 1197 705 1250 Valer.
715 1198 801 1251 Flauo.
813 1201 885 1266 Vlll,
894 1199 943 1267 443
953 1214 982 1252 et
991 1201 1131 1269 Nostrum,
1139 1203 1225 1256 Theb.

182 1281 220 1346 ΙΙ,
231 1278 293 1332 620.
308 1277 362 1332 sed
374 1277 427 1331 hoe
438 1279 467 1332 in
481 1279 542 1332 loco
554 1278 627 1332 nullo
638 1282 740 1350 majore
750 1280 833 1332 animi
846 1281 947 1333 affectu
960 1299 1028 1352 opus
1041 1295 1080 1334 est
1093 1295 1186 1352 utpote
1198 1285 1226 1334 iu

182 1359 294 1430 simplici
311 1361 471 1413 narratione.
491 1361 632 1426 Praeterea,
650 1360 776 1412 Latinitas
791 1359 910 1431 postulat
923 1361 1021 1412 eminet
1032 1373 1093 1415 ante
1106 1373 1224 1426 cuncus,

183 1458 235 1491 non
247 1438 345 1491 cunctis
355 1438 467 1504 eminet,
480 1437 553 1510 quod
565 1457 643 1491 nemo
656 1457 773 1510 unquam
787 1438 861 1491 dixit.
875 1438 962 1492 Theb.
977 1440 1114 1510 vt1‚6902
1130 1464 1142 1488 ι
1152 1443 1226 1493 Emi·

182 1513 228 1572 net
241 1532 303 1570 aute
321 1517 401 1580 alios3
413 1541 424 1565 n
438 1518 496 1590 lege
508 1521 597 1591 igitur,
612 1520 702 1570 «Ante
718 1531 806 1571 tamen
824 1533 934 1571 cunctas
950 1519 1043 1594 procul
1060 1522 1156 1573 eminet
1169 1539 1226 1572 una

181 1599 270 1652 diaetas
280 1599 347 1665 Quae
360 1597 421 1666 tibi,
436 1613 523 1660 etune
539 1598 603 1650 nihil
617 1601 719 1666 terius,
729 1599 823 1670 procul
836 1599 944 1666 emina,
962 1613 992 1651 ut
1005 1597 1089 1651 theb.
1102 1601 1146 1666 w,
1159 1616 1225 1651 aar:

184 1676 299 1749 aproctrl
311 1681 367 1750 ipse
377 1681 452 1750 pravi
463 1678 619 1732 metuendus
627 1681 655 1730 in
669 1677 746 1730 hasta
758 1679 898 1742 Eminen-
912 1679 1004 1748 Virgil.
1022 1680 1071 1730 AEn
1086 1681 1145 1746 lli,
1160 1677 1207 1729 321
1219 1700 1225 1729 :

184 1759 229 1811 -0
241 1760 301 1812 felix
313 1777 366 1811 una
378 1771 439 1812 ante
452 1759 514 1813 alias
526 1762 654 1812 Priameia
666 1761 756 1829 virgo!
768 1784 779 1806 ιι
792 1763 871 1812 iterat
881 1758 932 1810 hoc
942 1758 1061 1812 hemistic
1082 1758 1225 1826 on,Theb.

180 1840 229 1903 Vl,
241 1839 306 1904 431:
321 1841 412 1891 «Ante
422 1851 509 1889 tamen
520 1852 632 1890 cunctos
644 1840 786 1908 scquimr,;
796 1861 809 1884 a
823 1838 885 1891 silv.
896 1839 944 1902 ΙΙΙ,
957 1855 987 1901 a,
1001 1839 1050 1909 39,
1065 1841 1126 1890 ·Tn
1139 1851 1226 1890 tamen

181 1931 242 1968 ante
255 1935 346 1970 omnes
358 1917 417 1969 dira
430 1935 491 1969 curu
504 1931 586 1969 matre
598 1917 743 1984 Palaemon,
756 1917 860 1969 Annua.
872 1942 884 1964 a

215 2067 258 2136 93.
278 2067 313 2119 Et
322 2068 436 2141 pandens
437 2066 537 2142 fluctus
544 2078 657 2142 spectare
668 2070 793 2137 Carystos.
803 2067 918 2138 Carystos
927 2066 980 2119 hoc
990 2069 1051 2120 loco
1062 2070 1169 2141 ponitur
1178 2087 1227 2138 pro

180 2165 307 2198 mannure
321 2147 453 2217 Carysti&
464 2145 523 2198 vide
535 2164 593 2218 qun
604 2151 695 2200 notari
708 2147 742 2199 ad
756 2144 831 2199 Balu.
844 2151 946 2198 Etr-nac.
960 2167 1027 2200 vers.
1041 2150 1084 2216 34.
1098 2147 1148 2202 sed
1162 2167 1230 2218 quo·

180 2227 260 2280 modo
274 2227 422 2298 Caryatium
437 2245 554 2278 marmor
567 2226 665 2297 gaudet
678 2237 792 2298 spectare
803 2225 916 2278 fluctus?
934 2229 993 2297 quis
1012 2231 1039 2279 in
1058 2226 1099 2278 his
1118 2231 1231 2282 sensns?

179 2309 232 2359 Diu
246 2321 285 2360 est
300 2303 372 2378 quod
386 2308 490 2377 conjeci
504 2305 645 2376 legendnm
660 2325 732 2372 esse,
746 2320 774 2357 et
785 2305 903 2378 pandens
911 2307 1132 2382 fluctus·aaquare
1149 2312 1231 2380 Cary·

178 2399 240 2450 stom·
250 2389 400 2460 mbaiprum
409 2390 480 2440 enim
487 2406 603 2440 marmor
609 2387 766 2460 Caryatium.
775 2386 840 2438 Vide
849 2403 928 2458 supra
935 2389 1043 2439 citatum
1053 2387 1141 2439 locum
1151 2389 1230 2442 Baln.

180 2473 281 2522 Etrusc.
297 2472 329 2521 Et
340 2469 377 2520 ita
389 2468 461 2521 hunc
474 2468 562 2520 locum
575 2467 639 2540 legit
650 2469 804 2532 Salmasius,
817 2466 850 2519 ud
862 2467 975 2540 Capitol.
988 2488 1015 2540 p.
1030 2485 1087 2536 ¹²9·
1104 2470 1232 2526 Gaudent

179 2565 282 2622 sequare
293 2562 332 2602 est
344 2567 448 2622 equuus
453 2590 462 2616 ,
474 2562 505 2601 nt
516 2551 600 2601 fusius
613 2551 702 2601 nutavi
714 2547 747 2601 ad
759 2547 890 2600 Tiburtia.
902 2550 1010 2619 vopisc.
1022 2567 1045 2600 v.
1060 2547 1107 2612 563
1119 2567 1231 2620 nquam

180 2628 276 2681 fluctus
291 2647 326 2681 sc.
343 2629 471 2694 marinos,
489 2641 518 2678 ut
532 2628 751 2704 oequusflurtt‘bus
764 2627 900 2694 Asterion,
913 2625 997 2678 Theb.
1013 2629 1058 2694 IV,
1070 2627 1140 2696 7143
1156 2631 1229 2700 Virg.

179 2697 217 2772 X',
232 2709 297 2776 ald:
314 2711 416 2762 ¹0cior
429 2723 455 2761 et
463 2709 554 2781 jaculo
568 2721 594 2761 et
604 2721 697 2761 tentos
710 2721 831 2781 aequante
843 2710 973 2780 sagitta„
989 2721 1081 2760 ventos
1093 2723 1230 2779 aequantc,

181 2789 235 2840 scil.
250 2787 387 2841 celeritate.
403 2792 481 2841 Potes
493 2802 584 2840 tamen
597 2787 692 2840 melina
706 2789 807 2860 legere,
814 2788 903 2866 fluctu
916 2799 1026 2850 cenam
1041 2802 1067 2840 et
1080 2789 1114 2839 ita
1130 2787 1228 2840 ibidem
1246 2835 1256 2847 ,

181 2866 243 2937 legit
255 2867 324 2920 idem
335 2865 490 2930 salmasium
504 2879 532 2919 ut
543 2865 603 2918 silv.
616 2869 661 2933 IV,
671 2883 702 2918 a:
718 2877 766 2918 «et
777 2865 872 2936 glauca
885 2868 1011 2919 certantia
1024 2865 1115 2917 Doridi
1127 2883 1205 2931 saxa,
1215 2890 1226 2912 ι

182 2945 215 3000 de
233 2946 286 3001 hoc
304 2965 444 3000 marmore.
463 2949 596 3000 Utrumvis
613 2945 726 3018 probum
742 2957 796 3011 est,
810 2960 836 2998 ct
852 2947 991 3016 utriusque
1005 2945 1124 3015 exempla
1139 2943 1228 2996 obvia.

182 3026 248 3080 Mihi
261 3043 350 3080 tamen
362 3031 443 3099 magis
453 3027 635 3103 plocetfluctu
643 3038 742 3078 certare
752 3028 935 3102 quamfluctus
942 3043 1057 3098 sequare,
1069 3027 1130 3097 quia
1141 3027 1229 3078 minor

183 3119 223 3157 eat
234 3109 345 3158 mutatio
357 3108 384 3159 iu
397 3107 441 3159 illa
453 3125 531 3178 quam
543 3110 570 3158 iu
583 3107 633 3162 hac
645 3107 781 3176 scriptura.
795 3104 879 3156 Theb.
894 3107 931 3169 ΙΙ,
945 3109 1012 3158 216:
1032 3106 1115 3158 «viria
1126 3119 1229 3158 certau-

183 3186 219 3238 tia
230 3185 347 3242 vultibus
357 3205 423 3248 aras
434 3211 445 3234 ι
457 3187 518 3241 sits.
531 3188 575 3254 ΙΙΙ,
585 3188 616 3239 6:
631 3188 772 3256 «Vinaque
781 3185 900 3236 centenis
910 3203 966 3236 avo
979 3188 1106 3238 certantia
1116 3183 1226 3244 lastis„

182 3267 218 3316 ita
232 3264 372 3336 legendum
389 3285 463 3333 esso,
477 3286 531 3318 nun
545 3269 691 3338 perpetuis,
708 3265 843 3319 adiutum
857 3265 989 3335 probabo.
1005 3266 1049 3318 Sil.
1064 3267 1121 3318 ltal.
1138 3266 1228 3332 XVll,

181 3363 205 3394 v.
220 3341 271 3395 323
283 3367 289 3395 ι
305 3346 394 3412 «vidi,
404 3349 530 3398 certantia
543 3347 606 3398 caulo
617 3347 706 3414 Quum
716 3349 779 3416 juga
793 3343 928 3410 calcastis,
939 3363 1052 3397 summas
1062 3344 1170 3398 volitare
1180 3363 1229 3415 per

182 3421 270 3492 Alpes.
281 3445 292 3470 ι
304 3423 430 3494 Exempla
442 3426 549 3496 ubique.

218 3553 261 3624 96.
278 3555 334 3606 Nec
344 3555 476 3608 ittoitleuot
485 3574 542 3629 quoe
552 3569 576 3626 te
582 3575 693 3630 qeuuere
701 3557 825 3609 Dicarchi
836 3557 942 3609 ttoenia.
957 3559 1081 3612 Puteolos
1092 3556 1228 3628 intelligit,

183 3635 228 3706 qui
238 3635 300 3685 olim
310 3632 372 3686 dicti
383 3650 459 3688 erant
468 3637 643 3702 Dicoearchia,
653 3639 749 3690 Graecis
760 3635 914 3705 Δικκὶρχιιι
923 3652 949 3692 et
959 3637 1109 3708 nasusqpp‘«.
1121 3639 1227 3692 Festus:

186 3716 366 3769 aDicaeorchia
379 3717 522 3770 vocabatur
532 3737 589 3788 qun
600 3739 670 3771 nunc
681 3718 796 3785 Puteoli3
809 3719 880 3792 quod
893 3739 923 3772 ca
935 3723 1025 3775 civitas
1038 3719 1173 3793 quondam
1183 3723 1227 3791 ju-

184 3799 296 3851 stissime
308 3797 457 3869 regebatur.
468 3821 478 3846 u
495 3799 607 3868 Statius,
619 3819 693 3853 more
705 3815 844 3874 poetarum
858 3803 884 3852 in
899 3803 1011 3872 propriis
1024 3801 1176 3854 nominibus
1189 3799 1228 3851 lo-

183 3895 292 3944 turum,
311 3878 385 3931 elidit
401 3877 597 3952 diphthongum
612 3897 649 3948 ω,
668 3882 744 3954 quasi
760 3893 828 3934 esset
841 3881 988 3933 Dicarchia.
1009 3881 1087 3934 Unde
1103 3899 1166 3932 vero
1181 3879 1228 3930 lli-

183 3959 285 4011 carchi?
294 3960 345 4012 hor
354 3961 422 4013 enim
432 3961 504 4012 omni
513 3961 637 4032 analogiae
648 3977 776 4035 repugnat
787 3986 792 4014 :
805 3965 854 4014 nisi
864 3962 968 4033 probari
980 3975 1068 4033 posset
1077 3979 1091 4013 a
1100 3960 1226 4011 Dicarcho
