2782 4486
430 302 573 367 LIBER
595 304 646 380 V·,
669 302 865 368 CARMEN
890 304 957 368 lll.
1146 309 1210 376 ⁶25

221 427 281 496 llle
293 429 411 519 magis,
423 426 541 496 crebro
553 427 636 494 dum
645 425 773 506 lumine
786 427 934 520 pulveris
945 428 1068 498 haustu

222 540 356 621 Obruit,
369 555 402 607 et
412 563 517 631 pensa
528 555 627 606 vovet
638 542 807 631 exspirare
819 562 952 608 corone.

223 653 286 718 Hei
298 648 779 744 mibi,quodtautumpat1ias
792 673 852 741 ego
864 655 986 719 vertice
998 651 1133 723 frondes
1165 673 1215 724 225

224 757 365 855 Solaque
377 758 572 826 Chalcidicae
583 758 730 826 Cerealia
742 759 830 826 dona
841 783 974 830 coronoe

224 876 273 939 Te
285 872 349 940 sub
361 889 445 940 teste
457 871 533 938 tuli!
548 871 683 966 qualem
694 885 728 939 te
739 871 915 940 Dardanus
927 872 1018 942 Albae

224 987 287 1050 Vix
300 986 443 1076 cepisset
456 1007 545 1075 ager,
557 985 586 1050 si
596 1007 658 1076 per
669 1007 724 1050 me
735 999 822 1050 serta
834 983 966 1052 tulisses

202 1183 206 1190 .
226 1097 377 1162 Caesaree
387 1093 511 1162 donata
523 1099 640 1161 mauu!
656 1091 746 1187 quod
759 1093 901 1160 subdere
914 1095 1016 1162 robur

228 1203 287 1272 Illa
300 1203 385 1288 dies,
400 1221 564 1299 quantum
575 1207 685 1296 potuit
696 1203 882 1296 dempsisse
894 1215 1049 1274 senectae!
1170 1224 1222 1276 230

226 1319 301 1382 Heu
312 1315 404 1410 quod
415 1340 469 1382 me
481 1318 584 1381 mixta
596 1338 740 1410 quercus
751 1339 819 1382 nou
833 1319 955 1408 pressit
965 1316 1068 1402 oliva,

227 1428 268 1492 Et
278 1425 364 1517 fugit
375 1440 528 1517 speratus
541 1423 664 1506 bonos,
678 1449 782 1518 quum
796 1429 916 1492 Lustra
928 1430 1077 1520 parentis

229 1534 344 1602 Invida
355 1535 489 1626 Tarpeii
501 1540 670 1601 cunerem!
684 1539 733 1602 Te
745 1551 860 1602 nostra
871 1538 1032 1626 magistro

228 1645 374 1714 Thebais
386 1646 527 1738 urgebat
538 1647 726 1737 priscorum
738 1645 874 1714 exordia
885 1663 1016 1734 vetum3

228 1762 282 1826 Tu
295 1775 412 1826 cantus
426 1755 598 1824 stimulare
610 1781 719 1838 meos,
731 1773 770 1824 tu
782 1756 929 1849 paudere
941 1759 1028 1828 fecte
1173 1773 1223 1827 235

230 1873 395 1951 Heroum;
407 1867 553 1962 bellique
566 1867 699 1950 modos,
713 1870 909 1962 positusque
921 1867 1071 1939 locorum

231 1981 453 2049 Monstrabas.
467 1981 573 2048 Lubet
582 1983 709 2049 incerto
721 1980 803 2048 mihi
814 1981 920 2050 limite
931 2006 1049 2052 cursus

232 2095 280 2160 Te
292 2095 380 2172 siue,
393 2109 427 2160 et
437 2092 563 2161 orbatas
575 2091 720 2184 caligant
730 2089 804 2160 vela
816 2096 948 2161 carinus.

277 2205 347 2268 Nec
357 2200 466 2268 solum
478 2201 571 2295 larga
582 2217 707 2270 memet
716 2204 841 2294 pietate
854 2203 1003 2288 fovebas,
1041 2227 1045 2264 t

230 2311 321 2379 Talis
334 2329 367 2381 et
379 2316 414 2381 in
426 2311 693 2382 thalamos:una
704 2312 764 2380 tibi
776 2317 909 2406 cognite
921 2315 1008 2384 taedu
1177 2337 1227 2404 240

229 2423 417 2504 Connubia,
430 2449 518 2492 unus
531 2449 641 2508 am0r;
654 2441 743 2492 certe
755 2423 930 2518 sejungere
941 2442 1083 2496 matrem

230 2538 305 2601 lam
318 2533 435 2627 gelidis
447 2559 580 2630 nequeo
589 2535 716 2617 bustis,
729 2551 761 2602 te
774 2539 889 2622 sentit,
902 2536 1086 2632 habetque,

231 2648 280 2710 Te
292 2643 398 2728 videt,
412 2660 445 2712 et
457 2644 604 2713 tumulos
616 2661 760 2740 ortuque
770 2646 933 2741 obituque
946 2646 1083 2731 salutat,

234 2757 279 2819 Ut
290 2749 427 2818 Pharios
439 2751 512 2822 aliae
523 2753 600 2820 ficta
611 2755 733 2844 pietate
744 2751 876 2820 dolores

224 2976 282 3028 223.
302 2979 353 3027 Pro
370 2973 474 3038 haustu,
490 2975 574 3026 Perm.
592 2973 685 3026 baurtt'.
729 2985 835 3044 peret·
849 2975 969 3027 -Vers
986 2974 1049 3041 234,
1065 2976 1143 3048 vulgo
1162 2980 1228 3032 Tle—

186 3083 222 3093 -
234 3052 300 3106 cod.
315 3057 372 3106 Pur.
388 3051 428 3104 ed.
444 3072 484 3124 pr.
500 3053 600 3104 haustu.
620 3053 651 3103 A.
729 3053 789 3103 bais.
802 3052 930 3126 Urqebunt
937 3055 1091 3124 priscorum,
1103 3069 1152 3108 ete.
1162 3059 1227 3112 cod.

223 3134 281 3200 224.
302 3133 406 3183 Prema.
423 3130 487 3184 cod.
503 3131 583 3183 Paris.
601 3144 627 3181 et
641 3129 683 3182 ed.
729 3133 811 3183 Paris.
824 3131 885 3183 edit.
897 3151 937 3204 pr.
951 3134 1082 3208 urqebant.
1093 3136 1159 3189 Vide
1171 3152 1227 3192 uot.

187 3233 227 3285 pr.
240 3212 381 3286 prehensa.
400 3215 431 3264 A.
730 3209 765 3262 nd
776 3227 813 3262 rs.
826 3211 885 3264 231.
904 3214 935 3263 Δ.

224 3289 685 3363 231.Vulquamquod,ete.etiem
767 3285 826 3341 235.
846 3289 971 3341 Pandere.
985 3290 1027 3343 Sic
1042 3290 1083 3343 ed.
1100 3295 1184 3365 princ.
1202 3310 1229 3350 et

188 3373 260 3444 apud
270 3371 331 3425 cod.
343 3373 422 3424 Puris.
436 3385 462 3423 et
476 3369 538 3424 edit.
553 3389 593 3442 pr.
608 3371 638 3420 Δ.
651 3399 686 3410 -
731 3369 791 3421 eod.
806 3371 886 3421 Paris.
902 3371 928 3420 in
944 3381 1030 3435 textu,
1046 3373 1090 3441 qui
1102 3373 1134 3424 ed
1147 3393 1228 3448 marg.

188 3457 260 3506 Vers.
269 3453 333 3512 232,
342 3471 390 3524 pro
401 3469 483 3524 quum
494 3451 595 3516 Lustra,
607 3449 685 3519 vulgo
732 3449 824 3500 ludere.
844 3451 874 3497 A.

188 3550 269 3604 quum
279 3530 367 3583 dulce:
378 3533 462 3581 Purm.
473 3530 548 3580 Rom.
558 3531 623 3580 Veu.
634 3547 687 3601 qua
766 3528 827 3596 237.
847 3526 949 3579 limite.
963 3525 1004 3579 Sic
1018 3526 1058 3577 ed.
1074 3547 1115 3598 pr.
1129 3543 1154 3580 et
1168 3530 1229 3584 eod.

189 3610 272 3663 dulce.
287 3639 321 3648 —-
334 3608 400 3660 Cod.
414 3610 493 3660 Paris.
508 3609 535 3660 in
550 3619 621 3659 textu
635 3625 687 3677 qua
730 3609 812 3658 Puris.
832 3607 859 3657 iu
873 3617 961 3674 textu,
980 3605 1026 3677 qui
1043 3605 1076 3658 ud
1091 3625 1172 3678 marg.
1188 3610 1232 3671 lu·

190 3689 280 3754 dulce,
293 3687 363 3740 etad
374 3707 455 3760 marg.
466 3686 590 3749 cttrn5ed.
602 3688 686 3758 ptine.
733 3685 811 3735 mirre.
830 3689 861 3736 A.

191 3763 688 3839 qua.A.-Vers.233,vulgocaue·
729 3787 736 3800 ·
770 3763 828 3829 ult.
849 3762 914 3814 Cod.
930 3764 1011 3814 Paris.
1024 3764 1064 3816 ed.
1080 3784 1120 3837 pr.
1134 3785 1159 3818 se
1163 3769 1231 3838 jun.

192 3857 230 3897 ret
241 3845 335 3915 (etiam
353 3845 424 3917 apud
439 3843 498 3898 cod.
514 3845 570 3896 Par.
587 3857 612 3896 et
628 3843 688 3895 edit.
733 3860 805 3916 qm,
818 3860 883 3894 voce
894 3840 987 3892 divisa.
1007 3842 1038 3891 A.
1332 3841 1335 3848 “

192 3943 248 3997 pr.;
259 3924 315 3977 baec
327 3937 353 3975 et
365 3923 407 3975 ille
420 3922 508 3995 tarpei.
522 3921 586 3992 A.):
599 3925 690 3972 Venet.
773 3919 831 3986 244.
851 3921 900 3971 Pro
918 3920 964 3982 Ut,
980 3917 1039 3970 rod.
1059 3920 1116 3970 Per.
1136 3921 1176 3972 ed.
1192 3943 1234 3994 pr.

194 4021 310 4076 repertu
324 4004 407 4055 Parm.
425 4000 543 4053 «invidie
556 4003 640 4072 tarpei
652 4019 693 4052 ua·
737 3999 780 4051 At.
801 3999 831 4048 A.

275 4097 315 4198 ιι.
1050 4089 1091 4166 lo
