2776 4484
150 310 211 354 ιιο
322 284 458 349 NOTAE
483 283 532 346 tit
555 284 753 348 CARMEN
778 283 1007 350 TERTIUM

144 418 172 467 in
187 432 234 466 soa
245 410 355 462 materia
365 408 444 478 periit
459 407 561 458 artifex.
577 407 663 475 Lege,
680 405 810 478 Quicquid
822 417 849 457 et
857 419 964 482 arpenta
978 411 1092 466 Mentor.
1105 416 1187 468 Ferti-

144 511 211 546 nans
228 491 349 544 librarius
364 489 504 558 scripserat
517 485 647 558 Quicquid
660 496 686 537 et
697 497 804 560 arpenta
815 499 922 558 penten
938 489 1013 560 quod
1025 511 1076 564 pro
1090 493 1189 549 librarii

145 586 232 626 errato
248 571 380 642 accipiens
395 567 541 636 exscriptor
555 567 705 638 proximus,
721 584 752 618 ex
768 578 825 618 toto
839 566 971 638 ablegavit
984 588 1079 625 vocem
1088 585 1190 648 prator,

145 666 172 706 et
182 671 232 725 pro
245 669 278 704 ea
287 650 321 702 de
333 667 381 702 suo
391 645 527 700 substituit
536 648 669 718 primum
681 647 754 718 quod
765 663 871 700 versum
882 649 1028 722 supplerit,
1040 668 1066 706 et
1077 659 1190 727 speciem

145 733 262 806 aliquam
274 746 368 783 sensus
381 727 482 780 habere
493 727 640 780 ridebatur.
651 729 702 780 vix
716 727 792 780 aliter
805 729 861 781 fieri
875 734 977 801 potuit,
993 747 1020 785 et
1030 735 1124 789 millies
1140 735 1191 788 hoc

146 813 272 868 accidisse
279 825 396 866 veterum
405 811 509 880 scriptis
519 823 619 860 norunt
628 808 736 877 eruditi,
747 822 773 861 et
782 811 809 862 in
818 809 859 862 hir
868 810 942 864 Siiris
952 830 1006 866 nou
1016 833 1100 869 unum
1110 837 1192 870 exem·

146 895 220 966 plum
231 891 352 948 hebebis.
365 893 405 944 ita
416 888 490 960 apud
499 887 638 957 Ovidium,
648 892 751 943 Taeter.
765 894 789 956 i,
802 892 862 960 287,
875 890 954 963 vulgo
966 893 1069 966 iegitur,

333 992 404 1047 lane,
415 989 465 1036 face
475 999 585 1044 oeoernot,
595 1005 690 1052 pacem,
701 991 810 1052 pacisque
819 991 943 1038 ministros.

148 1084 270 1136 Heinsius
280 1097 343 1156 ¹vero
355 1076 452 1152 probat
464 1077 516 1129 hoc
528 1076 673 1130 absurdum
685 1096 757 1145 esse,
767 1091 793 1130 et
805 1082 938 1133 uerissime
949 1081 1097 1148 substituit,

333 1175 404 1233 iane,
415 1175 465 1222 iace
475 1187 586 1231 aternus,
598 1189 692 1238 pacem,
703 1178 813 1240 pacisque
822 1189 976 1242 sequestrum.

148 1268 277 1321 Nimirum
291 1265 381 1335 prime
392 1261 450 1316 duee
465 1263 571 1336 syllabae
583 1266 610 1315 in
624 1276 778 1336 sequestrum
789 1266 979 1320 emittebantur
989 1271 1016 1320 in
1029 1269 1194 1341 precedente

148 1365 217 1418 sque.
230 1344 296 1398 Vide
307 1357 398 1397 notem
411 1347 468 1417 ejus
484 1344 605 1417 (longior
617 1345 687 1398 enim
699 1358 739 1398 est
750 1365 829 1418 mam
841 1359 870 1398 ut
887 1346 940 1400 huc
957 1361 1038 1402 totam
1052 1350 1193 1403 transferre

150 1425 321 1480 commodum
336 1425 385 1497 sit)
399 1424 446 1477 ubi
461 1425 541 1478 multa
555 1439 581 1478 et
595 1425 722 1499 preclara
735 1425 886 1500 hujusmodi
902 1429 1021 1501 exempla
1033 1447 1064 1482 ex
1078 1429 1134 1483 aliia
1145 1449 1194 1484 au-

150 1507 268 1560 ctoribus
279 1503 393 1578 prolem
405 1505 512 1578 dignam
523 1523 585 1559 sane
598 1524 655 1579 quae
666 1503 747 1558 literis
760 1510 846 1560 aureis
861 1506 998 1562 scribatur.
1011 1507 1149 1575 Manilius,
1160 1510 1194 1576 V,

154 1589 217 1655 184,
229 1585 262 1638 de
273 1586 448 1639 venatoribus
459 1585 587 1659 loquens,

677 1669 801 1714 Ducuntur
810 1679 834 1713 et
843 1669 887 1730 ipsi

337 1737 445 1793 iletibus,
456 1749 478 1783 et
487 1737 599 1784 claudunt
607 1753 701 1800 campos
711 1737 835 1785 formidine
844 1739 935 1794 mortis,
948 1751 992 1786 etc.

152 1827 304 1894 Miraberis,
317 1845 366 1878 nec
376 1845 493 1897 unquam
503 1826 647 1898 intelliges,
659 1827 796 1901 quomodo
807 1843 943 1884 venatores
953 1830 1079 1886 claudant
1089 1849 1198 1902 campus

152 1907 294 1959 formidine
306 1908 403 1958 mortis.
416 1906 499 1976 Lege,
513 1905 641 1960 claudunt
651 1925 757 1982 campos
762 1908 910 1980 formidine
920 1909 1019 1981 pinne.
1032 1911 1078 1964 Est
1090 1910 1199 1963 imitatio

153 1983 245 2056 virgil.
260 1987 359 2054 Georg.
374 1987 421 2052 lii,
438 1985 505 2053 37²5
520 1983 566 2037 ubi
578 2005 651 2039 more
664 2007 712 2040 suo
725 2002 839 2062 nugetur
852 1989 970 2054 Seruius,
988 2008 1035 2043 seu
1051 1993 1200 2062 quicunque

155 2079 194 2118 est
207 2083 285 2136 quern
299 2064 348 2115 sub
360 2065 441 2116 Servii
454 2067 561 2118 nomine
573 2065 692 2136 legimus.
705 2069 807 2122 AEneid.
820 2070 880 2136 xil,
895 2070 959 2140 7505
972 2069 1070 2121 Lucan.
1084 2072 1128 2138 lv,
1140 2070 1200 2138 437;

155 2144 293 2218 Apuleius,
303 2143 442 2214 Apologia.
453 2143 548 2196 Pinnoe
559 2146 611 2199 boc
622 2147 702 2200 modo
714 2151 842 2222 scriptum
855 2163 911 2200 erat
922 2151 948 2198 in
961 2149 1032 2202 MSS.
1041 2150 1118 2222 pine,·
1132 2148 1201 2202 unde

156 2223 191 2275 ob
207 2221 405 2276 similitudinem
422 2222 522 2276 coaluit
537 2245 599 2279 cum
612 2227 779 2299 precedente
793 2229 867 2291 dine,·
882 2247 974 2280 versus
988 2227 1048 2280 dein
1064 2229 1201 2302 suppletus

104 2335 113 2362 r
156 2303 191 2356 ab
202 2302 334 2354 erudituio
346 2302 450 2376 aliquo,
463 2307 508 2376 qui
521 2321 631 2360 noverat
642 2307 801 2361 Ouidianum
813 2307 883 2360 istud
894 2309 959 2360 Met.
972 2307 1028 2376 XV,
1041 2307 1106 2360 153:

341 2401 362 2446 0
371 2417 444 2463 genna
453 2407 578 2449 attonitum
588 2403 668 2466 gelide
677 2403 802 2450 tormidine
811 2404 899 2449 mortis.

157 2489 281 2543 Praeclara
295 2492 323 2544 in
335 2490 388 2544 boc
399 2509 496 2562 genere
508 2495 638 2546 restitutio
651 2491 803 2546 Bentleiana
817 2491 871 2543 loci
882 2491 974 2563 virgil.
990 2490 1092 2548 AEneid.
1104 2489 1151 2544 lib.
1164 2491 1203 2556 X,

158 2591 193 2624 vs.
208 2589 273 2641 702,
285 2571 318 2624 de
328 2573 472 2626 Mimante:

528 2659 534 2666 “
635 2655 687 2698 Una
696 2666 767 2714 quem
777 2663 846 2697 nocte
855 2649 954 2698 Theano

342 2725 369 2769 ln
380 2721 454 2769 lucem
464 2725 567 2786 genitore
577 2726 663 2788 Amyco
673 2721 750 2781 dedit,
761 2733 785 2768 et
792 2722 844 2768 iace
853 2738 976 2788 praegnans

344 2793 427 2841 Cisseis
438 2796 517 2855 regina
527 2795 604 2840 Parim
614 2807 676 2840 creat
686 2810 692 2840 ι
704 2793 762 2840 urbe
772 2807 870 2858 paterna

345 2865 462 2922 Occubat;
472 2865 577 2928 ignarum
587 2867 691 2912 Murena
701 2863 771 2912 habet
782 2881 823 2912 ora
833 2865 953 2913 Mimanta.

160 2952 212 3004 Ubi
228 2971 278 3025 pro
298 2955 413 3008 rCisseis
431 2958 524 3029 regina
537 2957 622 3008 Parim
637 2969 746 3017 creat;·
767 2955 844 3030 legit,
863 2953 980 3010 «Cisseis
999 2957 1089 3026 regina
1106 2953 1206 3004 Parim:

161 3035 232 3087 Paris
246 3034 312 3087 urbe
325 3045 435 3106 paterna
450 3035 584 3101 Occubat,
598 3049 669 3090 etc·
684 3037 757 3089 Nihil
771 3039 857 3089 verius
875 3049 922 3088 aut
932 3035 1076 3105 elegantius
1090 3031 1143 3084 dici
1156 3049 1207 3102 po-

162 3117 219 3165 tnit.
232 3116 331 3167 iterum
341 3115 466 3168 Manilius
478 3118 522 3184 Ν,
535 3115 599 3184 180,
611 3115 645 3170 de
657 3119 688 3169 iis
701 3119 746 3190 qni
759 3115 808 3168 sub
820 3114 910 3166 Leone
922 3117 976 3166 nati
987 3127 1063 3166 suut:

347 3212 396 3256 iioc
405 3210 489 3268 habet,
500 3211 546 3259 hoc
556 3211 670 3266 studium,
681 3223 760 3274 postet
771 3225 855 3256 urnarc
864 3210 977 3271 superbos

348 3281 462 3341 Pellibus,
473 3297 496 3331 et
505 3295 584 3347 captas
594 3282 702 3329 domibus
711 3281 830 3343 prefigere
839 3279 940 3342 praedas,

349 3353 377 3399 Et
385 3369 469 3415 pecare
479 3367 544 3402 metu
553 3353 633 3410 siivas,
644 3364 667 3397 ct
676 3353 754 3398 rivere
764 3363 844 3411 rapto;

164 3437 210 3490 ubi
222 3439 335 3508 primum
346 3459 396 3511 pro
407 3447 527 3514 superbos
538 3439 679 3512 legendnm
692 3459 724 3492 ex
734 3436 919 3492 Gomblacenai
930 3437 1055 3511 superbis,
1068 3435 1141 3510 quod
1152 3454 1209 3490 ma-

166 3519 205 3590 gis
219 3523 353 3589 poeticum
370 3537 409 3576 est
419 3537 445 3576 ot
457 3522 637 3594 virgilianum.
654 3518 704 3571 Sed
716 3519 777 3590 quis
792 3517 854 3570 mihi
871 3515 1025 3592 explicabit,
1042 3516 1107 3588 quid
1119 3519 1152 3570 sit
1162 3535 1211 3590 pa-

165 3617 224 3652 eane
234 3599 310 3654 siloas
323 3616 407 3668 metu,
422 3623 502 3676 quum
514 3603 547 3653 de
557 3599 647 3672 phrasi
657 3596 735 3651 video
745 3595 911 3651 dubitantem
924 3615 1053 3651 summum
1065 3597 1212 3650 Bentleium

166 3679 201 3732 ed
210 3681 302 3733 Horat.
313 3685 367 3736 iirt.
377 3685 450 3735 Poet.
459 3701 484 3734 v.
494 3683 560 3752 197?
570 3679 758 3732 intellexissem
768 3679 789 3730 si
799 3676 906 3731 dixisset
918 3698 1013 3751 pacare
1025 3676 1210 3752 siivasjoculo,

167 3760 208 3814 rei
221 3763 328 3833 sapitur,
341 3762 382 3814 rel
397 3781 490 3828 romu,
502 3774 533 3812 ιιι
543 3759 655 3826 Statius,
666 3757 752 3810 Theb.
769 3761 813 3824 1V,
830 3759 880 3827 ²l3
896 3759 954 3832 (qui
964 3759 1039 3814 locus
1052 3779 1066 3813 a
1079 3757 1210 3830 Scaligero

168 3843 294 3913 citatur),
309 3842 341 3894 de
354 3839 479 3892 Atalanta
494 3839 676 3911 Parthenopaei
692 3851 789 3902 matre3
809 3838 884 3910 iege,
900 3851 926 3892 et
940 3857 1035 3912 pacare
1050 3836 1210 3894 arcesilaus.

168 3921 248 3976 Videt
259 3941 320 3976 arcu
330 3920 483 3992 absorptum
495 3940 512 3974 a
522 3919 687 3994 precedente
697 3937 741 3974 ure
752 3918 794 3972 vei
805 3938 870 3974 care.
881 3923 951 3973 Pone
962 3919 1060 3973 obiitus
1072 3933 1144 3972 erant
1154 3934 1213 3968 nro-

170 4017 247 4070 nere,
260 4003 287 4054 in
303 4001 386 4073 primo
400 3999 503 4058 Manilii
519 4020 607 4070 tenu,
623 4021 674 4074 pro
690 4001 748 4056 Hoc
761 4000 850 4067 habet,
866 4000 1055 4067 inermium,
1073 3995 1213 4070 legendnm
