2824 4488
205 277 269 345 386
451 277 486 337 P.
514 275 548 336 P.
574 273 726 339 STATll
751 271 992 336 SlLVriRUM

249 411 333 472 isset
344 401 386 470 ad
399 401 516 470 iliacas
527 398 627 493 (quid
639 400 728 466 enim
741 396 885 465 deterret
896 403 1088 484 amantesi)

248 517 411 609 Penelope
423 516 535 606 gavisa
547 512 683 594 domos,
697 514 724 578 si
737 533 855 603 passus
864 509 994 598 ¹Uliues.

247 632 371 712 Questa
384 641 435 692 est
446 622 585 716 AEgiale,
599 637 716 716 questa
729 637 780 687 est
790 620 943 689 Meliboea
955 621 1117 715 relinqui,

246 743 290 805 Et
301 761 506 832 quamquam
517 737 595 802 saevi
608 734 760 800 fecerunt
771 734 924 801 Maenade
937 733 1102 825 planctus.

247 855 316 917 Nec
327 852 439 915 minor
449 847 501 914 his
514 863 551 914 tu
563 869 662 912 nosse
675 843 794 926 fidem,
807 845 1006 938 firmamque
1017 847 1144 911 maritis
1208 857 1243 911 5ο

247 958 416 1027 Reddere:
432 961 479 1025 sic
491 972 581 1025 certe
593 957 736 1037 cineres,
749 955 972 1050 umbramque
983 958 1129 1048 priorem

245 1071 375 1154 Quaeris
387 1067 515 1148 adhuc;
531 1069 578 1132 sic
590 1066 765 1158 exsequias
777 1066 932 1158 amplexa
943 1069 1056 1132 canori

245 1178 419 1270 conjugis,
432 1181 582 1269 ingentes
594 1180 695 1244 iteras
707 1175 749 1242 de
761 1193 897 1268 pectore
908 1171 1077 1269 planctus,

245 1293 319 1355 Jam
329 1311 403 1354 mea
417 1313 424 1351 :
437 1288 617 1377 necpietas
629 1285 694 1350 alia
706 1286 847 1368 esttibi,
860 1309 1007 1379 curaque
1018 1299 1122 1352 natae:

246 1403 297 1468 Sic
309 1417 346 1465 ut
359 1413 466 1465 mater
477 1421 585 1479 amas,
600 1400 648 1462 sio
659 1417 834 1488 nunquam
847 1398 949 1465 corde
959 1397 1083 1466 recedit
1207 1409 1240 1464 55

245 1515 328 1578 Nata
341 1527 417 1592 tuo;
430 1507 598 1605 fixamque
610 1509 712 1573 animi
724 1507 952 1598 penetralibus
963 1511 1040 1575 imis

245 1626 368 1702 Nocte,
380 1617 502 1714 dieque
515 1635 628 1687 tenes:
641 1639 710 1684 non
723 1617 770 1682 sic
783 1616 963 1686 Trachinia
973 1618 1071 1686 nidos

200 1829 384 1894 scribendum,
395 1827 436 1882 air
444 1827 509 1895 μπιὶ
521 1829 616 1883 Μοῦσας
626 1827 697 1878 Ἀθα-
741 1845 823 1902 cyane
837 1849 938 1896 vernos,
954 1842 983 1880 ut
996 1827 1112 1900 plurimi.
1126 1827 1240 1897 Quinam

200 1906 428 1976 re'rar,exsensa.
741 1921 828 1960 autem
852 1907 880 1960 bi
898 1909 971 1960 aemi
995 1907 1144 1980 llalcyones
1165 1907 1241 1962 nidi?

235 1988 276 2057 rip.
297 1987 444 2054 Corruptus
464 2003 569 2052 versus,
589 1983 622 2035 de
643 2003 697 2055 quo
742 1985 1240 2058 Plin.llist.Nat.X‚3as.47,⁸iaciunt

199 2065 251 2118 viti.
265 2079 320 2116 not.
331 2063 397 2117 Cod.
407 2064 486 2116 Paris.
500 2082 516 2114 a
525 2081 605 2114 manu
614 2066 698 2136 prima
742 2079 828 2118 autem
839 2081 939 2138 septem
950 2065 1139 2118 aniebrumam
1149 2064 1240 2118 diebus

199 2143 329 2214 vulgatam
348 2141 456 2202 habaiu
475 2159 546 2193 nunc
561 2155 648 2194 autem
667 2161 698 2194 ex
742 2143 835 2210 nidos,
849 2158 875 2196 et
888 2143 997 2194 totidem
1012 2144 1183 2216 sequentibus
1193 2163 1241 2216 pa·

200 2220 384 2274 emendatione
397 2216 468 2270 aliud
478 2219 582 2284 innuit,
598 2217 644 2270 sed
655 2218 698 2270 vix
742 2224 842 2275 riant-
858 2222 933 2276 ovid.
941 2223 1005 2274 blei.
1015 2223 1065 2288 Xi,
1078 2223 1146 2292 745,
1158 2222 1191 2274 de
1200 2225 1242 2276 iis-

199 2301 384 2372 perspicuum
403 2299 430 2348 ni
446 2294 533 2362 fallor,
549 2298 603 2348 «Et
618 2315 698 2367 quam
742 2299 816 2352 dem:
827 2325 837 2348 ι
847 2301 948 2372 Perque
956 2300 1012 2352 dies
1019 2299 1148 2371 placidos,
1155 2299 1242 2352 hiber·

200 2395 258 2449 que
280 2379 358 2441 seri,
382 2387 432 2427 etc.
446 2399 457 2421 ι
480 2372 538 2440 vel,
563 2376 618 2425 -Et
638 2391 697 2446 quae
742 2396 777 2429 no
790 2392 923 2454 tempore,
938 2395 1038 2452 septem
1053 2378 1163 2431 incubat
1176 2379 1240 2431 Hal-

200 2475 287 2528 quam.
298 2478 310 2502 ι
330 2455 362 2505 Α.
742 2477 825 2532 cyane
837 2457 1013 2530 pendentibus
1024 2475 1126 2528 aequore
1136 2456 1214 2510 nidis.
1224 2481 1236 2508 ι

236 2535 279 2588 ⁵0.
299 2537 348 2586 Pro
354 2531 579 2605 fimum,Parm.
586 2529 696 2605 fictam3
740 2538 907 2605 Lactantius,
931 2553 1005 2591 retus
1029 2537 1181 2592 scholiastes
1204 2535 1241 2590 eti

200 2627 226 2666 et
246 2631 295 2685 pro
316 2611 446 2679 Reddere,
467 2611 571 2663 Dedere.
594 2642 628 2652 —
647 2617 695 2665 Pro
741 2615 804 2668 Stat.
816 2615 944 2668 Thebaid.
957 2615 1174 2682 lli,361,nres
1184 2633 1242 2666 ma·

200 2709 282 2757 nosse,
297 2689 338 2743 ed.
350 2710 389 2761 pr.
403 2707 484 2744 nosce.
497 2686 702 2745 mortanam.
741 2697 818 2762 rinae,
827 2715 882 2768 quae
890 2695 976 2747 hieme
984 2697 1010 2746 in
1019 2695 1084 2746 muri
1092 2693 1241 2762 nidificant,

199 2773 226 2823 in
248 2782 320 2821 textu
335 2767 498 2844 finitamque
516 2783 542 2820 et
563 2769 596 2821 ad
614 2788 695 2844 marg.
742 2788 768 2826 et
778 2775 867 2848 pullos
880 2776 979 2826 nutrire
991 2773 1116 2825 dicuntur
1130 2775 1175 2846 qui
1186 2770 1241 2825 dies

200 2845 697 2920 vtram;id'em,seq.venustiorem,
743 2868 844 2927 septem
870 2851 1114 2923 tranquillissimum
1139 2853 1241 2904 iaciunt

200 2929 272 2982 etad
284 2949 366 3001 marg.
379 2929 483 2981 Dedere.
742 2935 882 3004 pelagus.»
894 2931 959 2982 Vide
971 2945 997 2983 et
1008 2934 1100 3004 Hygia.
1114 2929 1177 2982 rab.
1190 2929 1240 2999 65,

236 3009 279 3061 53.
297 3008 403 3078 Vulgo:
425 3007 520 3060 iterasti
534 3019 652 3081 pectore:
672 3021 698 3062 et
742 3025 767 3063 et
776 3011 892 3064 Serrium
903 3007 938 3061 ad
947 3011 1019 3080 Virg.
1031 3011 1125 3078 Georg.
1138 3009 1164 3075 l,
1175 3008 1239 3079 399.

200 3087 236 3137 sie
251 3085 313 3136 edit.
327 3106 367 3157 pr.
385 3099 411 3136 et
426 3085 485 3137 cod.
502 3087 582 3139 Paris.
600 3089 646 3158 qui
664 3087 697 3140 ad
741 3091 803 3141 Non
816 3092 895 3161 igitur
913 3089 985 3142 verni
1002 3089 1148 3162 Halcyones
1166 3085 1241 3152 uidi;

200 3179 281 3233 rnarg.
293 3167 399 3235 reponit
410 3167 485 3218 iteras
496 3166 532 3216 in.
545 3168 595 3217 Pro
608 3167 697 3242 inpete·
741 3181 767 3221 et
779 3173 912 3236 classem,
925 3167 991 3220 nihil
1001 3167 1052 3220 boc
1063 3167 1097 3220 ad
1108 3185 1178 3234 rem,
1191 3169 1248 3220 nisi

200 3253 248 3306 ter,
264 3242 306 3294 ed.
322 3263 363 3315 pr.
381 3245 498 3318 inperiis.
514 3245 579 3298 Vide
592 3259 648 3296 not.
664 3244 697 3297 ad
741 3245 850 3320 probari
871 3257 961 3316 posset
980 3247 1132 3318 Halcyonen
1153 3261 1242 3299 ventos

199 3336 236 3371 rs.
252 3321 293 3372 52.
314 3321 345 3373 A.
741 3327 824 3398 magis
844 3345 922 3400 qnam
941 3325 1069 3379 brumales
1087 3326 1164 3380 nidos
1181 3325 1241 3377 dili-

235 3399 277 3466 54.
296 3399 347 3449 Pro
367 3413 447 3467 nate,
466 3403 558 3454 venet.
577 3413 650 3462 note,·
671 3415 697 3454 et
739 3423 801 3476 gere
810 3419 835 3460 et
843 3399 1068 3478 amplectisolere.
1077 3407 1241 3478 Lege,·non

201 3499 260 3532 mox
271 3481 341 3532 Nota
355 3497 404 3550 pro
416 3479 495 3532 Nata.
510 3509 546 3518 -
557 3479 621 3531 cod.
637 3483 695 3536 Par.
740 3485 777 3538 sie
792 3483 934 3536 'Trachinia
953 3484 1029 3536 nidos
1047 3481 1183 3557 ll'slcyone
1197 3502 1242 3536 ve·

199 3558 240 3612 ed.
253 3577 294 3630 pr.
308 3556 440 3628 vulgatam
453 3559 586 3612 exhibent.
606 3562 637 3612 Δ.
740 3582 799 3631 ros,
821 3577 894 3617 etc·
921 3565 978 3616 nidi
998 3577 1059 3616 sunt
1077 3563 1168 3636 pulli5
1188 3561 1239 3616 riti

234 3637 276 3692 55.
296 3641 345 3689 Pro
356 3649 395 3705 ut,
408 3637 490 3690 Parm.
499 3652 524 3690 et
534 3640 609 3692 Rom.
620 3653 696 3695 et.-
739 3641 831 3694 Claud.
841 3643 915 3694 rraef.
924 3641 997 3694 delli
1006 3639 1086 3694 Cone.
1097 3643 1168 3694 lion.
1177 3659 1201 3693 r.
1211 3639 1227 3694 5
1232 3661 1241 3703 3

198 3718 263 3771 cod.
276 3719 356 3769 Paris.
370 3715 410 3767 ed.
425 3735 464 3790 pr.
477 3731 509 3771 et.
529 3721 560 3772 A.
739 3723 829 3794 virgil.
849 3723 907 3775 AEn.
925 3723 989 3788 xli,
1010 3723 1079 3793 475,
1098 3736 1125 3774 et
1142 3723 1238 3792 Georg.

234 3797 275 3850 56.
295 3797 365 3849 Nata
381 3804 432 3846 ltro.
446 3797 526 3849 Forte
539 3797 695 3872 legendam,
739 3801 783 3867 iv,
802 3819 848 3872 ¹7³
862 3813 887 3852 et
898 3803 934 3852 ita
945 3803 1042 3876 passim
1054 3801 1127 3872 apud
1136 3815 1240 3874 poetas.

198 3877 252 3930 liic
264 3887 315 3929 bro.
327 3876 404 3928 conf.
417 3889 471 3927 not.
739 3881 796 3932 Hoc
808 3899 861 3931 non
878 3879 1040 3934 intellectam
1054 3882 1137 3933 errori
1150 3897 1241 3934 ansam

234 3959 274 4028 55.
293 3956 398 4011 Nausic
412 3953 551 4009 Trachinia
567 3957 639 4009 nidos
649 3957 695 4011 At·
739 3957 820 4010 dedit.
831 3956 910 4008 Vides
920 3959 973 4027 jam
985 3958 1158 4030 quamobrem
1172 3975 1241 4012 uerus
