2844 4484
203 281 267 362 584
362 278 496 344 NOTAE
521 277 570 340 ΙΝ
595 276 791 340 CARMEN
816 277 1081 344 SECUNDUM

199 407 303 459 invenio
317 407 368 456 nisi
382 404 415 456 de
428 403 543 455 dimemo
558 421 638 472 agro,
660 416 686 454 et
707 401 742 454 ad
762 417 861 456 certam
879 421 1030 456 mensuram
1047 405 1176 472 detineo,
1191 429 1246 482 quo

200 504 278 540 sensu
287 485 405 538 Juvenal.
416 485 468 537 Set.
479 486 528 550 Ν,
537 501 569 552 7,
580 485 697 554 «iugera
708 497 773 553 quot
782 485 868 535 vicina
878 485 950 552 loro,
961 503 1028 556 quas
1037 488 1130 539 emerit
1138 488 1223 556 redes,
1232 515 1243 537 ι

199 579 224 616 et
236 582 337 616 omnes.
351 566 448 635 Iugera
460 563 547 632 campi
565 574 592 612 et
609 560 668 632 aqrt'
677 564 773 635 jugera
793 561 891 632 ubique
910 579 1070 628 occurrunt;
1090 566 1138 618 sed
1148 570 1247 640 jugem

201 644 268 695 Circi
279 641 366 708 solus,
379 641 472 706 credo,
489 639 558 716 dixit
573 639 678 692 Statius.
691 639 780 711 Virgil.
793 639 890 711 Georg.
901 643 952 707 lll,
966 659 1034 708 ses,
1052 642 1085 695 de
1101 663 1171 717 equo
1184 664 1247 698 cur.

200 739 274 789 sore,
293 724 363 773 illic
377 720 419 772 vel
436 720 469 771 ad
485 720 542 770 Elei
554 733 653 786 metes,
672 733 698 771 et
709 722 822 772 maxima
833 723 920 792 campi
933 721 1043 775 Sudabit
1056 725 1181 794 spetia;=
1197 726 1246 778 ubi

198 814 275 872 potes
293 801 422 870 suspicari
440 799 579 869 Virgilium
593 800 729 870 scripsisse
744 801 858 852 maxim
873 801 935 852 circi
949 803 1034 874 spatia
1047 827 1056 855 .·
1071 817 1096 856 et
1108 803 1161 856 hoc
1177 823 1245 856 con-

199 882 303 933 lirmare
315 880 419 932 videtur
433 877 621 951 Philargyfius,
636 894 662 932 et
676 879 794 946 Servius,
809 883 855 950 qui
868 895 960 948 notat,
974 881 1087 955 adfines
1099 883 1170 936 circi.
1193 883 1245 937 Sed

198 974 334 1030 utcunque
348 957 400 1009 boe
415 959 464 1024 sit,
483 975 571 1029 quaero
586 975 620 1008 cn
634 975 707 1026 teque
722 956 791 1009 bene
804 957 928 1028 Virgilius
942 959 1038 1012 dixisse
1055 963 1174 1033 potuerit
1187 981 1246 1014 ma·

198 1042 270 1092 xima
282 1039 370 1110 campi
377 1042 472 1112 jugem
488 1057 538 1109 pro
555 1038 646 1108 spatia.
662 1037 754 1100 Certe,
768 1039 791 1090 si
805 1040 842 1089 ita
852 1039 974 1106 dixisset,
988 1059 1043 1092 non
1056 1060 1183 1094 cursorem
1197 1041 1246 1094 sed

199 1131 325 1172 aratorem
339 1137 436 1190 equum
447 1117 645 1187 descripsisset;
660 1131 690 1168 ut
702 1119 794 1169 Horat.
809 1137 890 1170 cerm.
905 1121 941 1184 ll,
958 1118 1004 1185 15,
1020 1137 1047 1170 1:
1063 1143 1075 1166 ι
1085 1123 1142 1172 Jam
1157 1139 1245 1192 penca

199 1217 287 1251 aratro
299 1201 391 1269 jugera
406 1200 482 1268 regine
496 1195 581 1248 Moles
596 1195 752 1267 relinquent.
765 1219 776 1242 ι
798 1196 870 1264 Quid
889 1197 990 1250 mults?
1007 1197 1118 1270 Scripsit
1131 1199 1244 1264 Statius,

199 1278 302 1331 duabus
314 1278 396 1329 literis
408 1277 530 1341 mutatis,
546 1275 687 1327 «Romulei
700 1275 784 1346 qualis
800 1296 849 1348 per
863 1297 970 1330 munera
983 1277 1088 1342 Cirei3·
1106 1278 1134 1332 id
1147 1293 1202 1345 est,
1215 1279 1243 1330 in

199 1359 347 1410 muneribus
356 1357 397 1409 vel
410 1355 479 1408 ludis
490 1356 651 1408 Circensibus.
666 1355 792 1421 Ovidius,
803 1358 907 1408 Fastor.
918 1361 955 1424 V,
970 1375 1033 1427 190,

384 1465 464 1510 Circus
474 1465 498 1509 in
507 1464 552 1509 boc
562 1464 607 1508 erit
616 1499 623 1520 ,
633 1462 777 1524 clamataque
786 1462 863 1524 palma
873 1462 967 1510 theatris
976 1480 983 1508 .·

415 1537 465 1582 lloc
475 1551 570 1598 quoque
579 1551 632 1580 cum
641 1535 703 1580 Circi
712 1549 808 1580 munere
818 1551 912 1581 carmen
922 1549 958 1582 eat
966 1553 975 1592 ς

198 1637 337 1702 Lucanus,
350 1635 397 1700 Ν,
410 1635 479 1703 708,
493 1633 595 1686 «veluti
607 1632 694 1684 fatnlis
706 1651 790 1684 arenae
801 1633 970 1700 Muneribus,
983 1651 1037 1684 non
1048 1635 1086 1683 ira
1097 1647 1172 1684 vetus
1184 1652 1244 1684 con-

200 1733 304 1767 currere
317 1717 388 1787 cogit
399 1714 563 1766 Productus:
577 1712 655 1764 odere
667 1730 780 1783 pares;e
793 1711 931 1764 Claudisn.
943 1713 974 1778 V,
987 1715 1013 1763 in
1026 1711 1112 1763 Rulin.
1126 1713 1164 1780 ll,
1175 1712 1242 1782 394:

385 1823 417 1866 Ut
426 1819 489 1876 lere,
500 1836 551 1883 quae
562 1831 652 1865 montes
661 1833 736 1879 nuper
745 1815 830 1862 dimisit
840 1818 927 1873 avitos,

386 1891 537 1953 Altorumque
548 1890 613 1938 exurl
623 1905 743 1935 nemorum
754 1888 876 1933 damnetur
885 1905 960 1935 srenae

385 1965 534 2017 Muneribus,
546 1973 658 2008 commota
669 1961 730 2015 ruit;

200 2062 339 2126 Manilius,
348 2063 396 2128 IV,
407 2061 471 2128 225,
485 2063 585 2112 «Nunc
597 2075 678 2132 caput
690 2064 716 2112 in
730 2074 841 2112 mortem
851 2059 970 2112 venduut
979 2075 1005 2112 et
1014 2079 1109 2113 munus
1121 2079 1204 2113 mene
1213 2082 1221 2122 ;
1229 2085 1241 2108 ι

119 2153 124 2168 “
200 2145 237 2192 its
249 2141 390 2210 legendum
403 2160 451 2211 pro
458 2141 559 2212 futtern
577 2142 650 2212 quod
667 2155 693 2192 et
709 2143 848 2213 occuparit
863 2143 986 2193 Heinsius
1003 2141 1037 2193 sd
1050 2141 1188 2194 Claudiani
1206 2141 1245 2192 lc·

200 2238 278 2282 cnm;
293 2220 338 2272 ubi
353 2222 432 2271 etiam
446 2239 496 2291 pro
509 2229 616 2272 cuonem
627 2217 691 2292 legit
701 2223 823 2272 Martem.
838 2221 879 2273 Sic
889 2240 996 2274 munero
1003 2239 1099 2294 puqnoe
1108 2221 1247 2292 Virgilius,

201 2299 304 2352 AEneid.
320 2299 365 2352 lib.
378 2301 441 2364 Vll,
454 2317 492 2351 vs.
506 2299 555 2365 542
569 2313 596 2352 et
609 2319 682 2372 seqq.

388 2383 463 2458 Atipue
474 2409 499 2440 en
510 2409 553 2456 per
562 2410 656 2457 campos
665 2411 726 2442 saevo
736 2397 791 2442 dum
800 2399 875 2444 Marte
886 2411 1012 2459 geruntur,

388 2467 494 2512 Promisti
504 2467 553 2511 Dee
561 2466 620 2512 facts
631 2478 726 2528 potens,
737 2467 777 2512 ubi
787 2469 899 2528 sunguine
909 2467 995 2514 bellum

388 2539 485 2595 imbuit,
495 2550 519 2583 et
526 2539 605 2599 primic
615 2541 730 2586 commisit
739 2555 834 2586 munero
845 2555 944 2602 pugnae;

203 2640 238 2689 ita
251 2635 405 2688 scribendus
417 2637 466 2687 iste
478 2634 567 2698 locus;
584 2635 680 2706 vulgo,
696 2653 769 2709 oequo
786 2638 873 2688 Marte
889 2650 915 2688 et
927 2636 1026 2707 futtern
1038 2657 1045 2684 :
1059 2633 1106 2686 sed
1117 2637 1246 2707 primurn,

203 2735 277 2791 oequo
289 2719 376 2768 Marte
387 2717 527 2769 manifesto
538 2715 634 2768 falsum
647 2730 701 2784 est,
717 2741 728 2763 ι
740 2735 821 2787 quum
836 2716 886 2768 soli
899 2717 1030 2768 interemti
1045 2730 1133 2768 essent
1147 2715 1220 2780 ltsli,
1234 2739 1245 2762 ι

204 2811 233 2848 ut
247 2811 322 2850 notat
332 2798 452 2859 Servius;
468 2812 494 2848 et
507 2795 566 2848 ideo
581 2798 768 2867 interpretatur
781 2820 793 2842 ι
806 2812 897 2867 aperta
911 2797 1096 2861 contentione,
1110 2793 1181 2847 bello
1193 2813 1249 2846 mn·

204 2878 300 2930 nifesto
310 2900 339 2929 :-
358 2877 431 2949 quod
444 2878 525 2929 Seruii
539 2877 620 2929 solius
635 2880 806 2946 auctoritate,
821 2892 845 2929 et
858 2880 914 2928 sine
926 2874 1051 2946 exemplis
1062 2875 1172 2945 hujusce
1186 2893 1247 2928 usus

164 2995 167 3002 ·
205 2960 277 3011 vocis
291 2977 395 3031 (equus,
408 2977 544 3029 nunquam
556 2957 674 3021 credero,
691 2977 772 3030 quum
791 2960 871 3010 sciam
883 2975 955 3029 oequo
967 2959 1053 3007 Mane
1068 2975 1123 3008 esse
1137 2955 1249 3028 equali,-

207 3053 236 3090 ut
250 3037 352 3090 AEneid.
365 3039 405 3104 X,
423 3037 487 3106 755,
507 3039 586 3089 «Jam
598 3038 684 3110 gravis
696 3036 818 3108 sequabat
831 3037 917 3089 luctus
928 3048 955 3088 et
971 3048 1065 3088 mutua
1079 3036 1185 3088 Mavors
1198 3036 1249 3085 Fu·

206 3136 277 3168 nera.
289 3142 300 3164 ι
317 3118 416 3170 Verum
428 3131 494 3188 puto
506 3136 585 3183 soeuo,
600 3131 630 3170 ut
640 3117 725 3182 infra,
738 3136 775 3169 vs.
789 3119 858 3183 608,
876 3139 888 3162 ι
898 3115 1044 3185 Relligione
1056 3117 1139 3178 sacr-i,
1155 3129 1181 3166 et
1192 3114 1250 3166 seri

205 3198 346 3248 formidine
360 3202 466 3250 Martis:
479 3221 489 3246 ιι
507 3201 592 3270 prirna
602 3198 674 3251 litera
683 3200 755 3254 vocis
764 3215 829 3250 struo
839 3195 949 3248 adbaesit
961 3195 1121 3266 precedenti
1132 3213 1249 3268 compos,-

205 3274 276 3326 unde
292 3294 341 3346 pro
353 3293 407 3330 oevo
423 3279 543 3330 fecerunt
554 3297 634 3350 ecquo.
650 3276 750 3328 Deinde
767 3295 816 3348 pro
827 3277 928 3347 funera
945 3275 1052 3326 obvium
1068 3288 1109 3327 est
1124 3293 1248 3334 munero,

208 3373 264 3426 quae
278 3357 406 3409 committi
418 3373 490 3411 reete
505 3358 631 3410 dicuntur
645 3372 669 3410 et
683 3360 791 3429 proprie
803 3377 880 3409 enon
894 3357 956 3408 item
965 3356 1072 3428 funera.
1087 3359 1172 3409 Versu
1187 3373 1251 3426 pro-

206 3434 274 3484 xime
289 3436 426 3504 sequenti,
441 3456 490 3509 pro
505 3437 576 3503 uun,
592 3436 687 3504 titulis,
701 3437 786 3507 adjeci
801 3438 1033 3508 conjunctionem,
1048 3437 1174 3488 omissam
1188 3451 1251 3507 pro-

206 3524 266 3582 pter
281 3529 394 3581 sequens
413 3525 423 3564 t
429 3536 438 3576 ‚·
459 3537 470 3562 o
483 3515 594 3586 pulcher
606 3518 681 3580 visu,
695 3530 721 3568 et
736 3515 816 3569 titulis
830 3533 973 3587 generosus
988 3515 1101 3578 avitis;=
1123 3512 1157 3565 de
1176 3516 1251 3584 cujus

206 3592 313 3643 ueritate
327 3610 422 3658 nemo,
436 3597 547 3666 opinor,
563 3594 705 3652 dubitabit.

243 3760 285 3812 29.
304 3745 352 3793 Pro
362 3743 477 3796 tunicam
488 3755 634 3818 potentem,
646 3749 795 3800 Bernartius
808 3749 906 3800 mavult
915 3759 1062 3819 patentem,
1077 3743 1130 3796 hoc
1143 3757 1197 3810 est,
1211 3759 1254 3796 tu·

207 3825 294 3876 nicam
310 3821 485 3888 laticlauium,-
501 3839 528 3876 et
540 3825 603 3877 huic
618 3828 730 3878 succinit
744 3827 879 3880 Cruceus:
895 3827 1035 3880 infeliciter
1055 3847 1061 3877 :
1082 3825 1253 3877 clarusfons

208 3903 261 3956 dici
273 3905 361 3976 potnit
372 3913 479 3976 pecteris,¹
495 3905 597 3958 sedhic
609 3925 663 3958 non
676 3907 757 3958 efficit
772 3909 886 3959 tunicam
894 3947 903 3974 ‚
919 3909 962 3958 cui
976 3907 1066 3960 clatus
1081 3905 1252 3967 assuebatur,

207 3994 356 4054 patentem,
376 4003 422 4037 seu
435 3983 516 4038 latam
526 4007 535 4048 ,-
556 3987 594 4037 sic
609 3984 789 4039 bullaecortea
808 3985 995 4058 prependebat
1013 3983 1090 4037 collis
1109 4000 1252 4055 puerorum
