2844 4484
207 333 270 421 ⁵72
456 332 492 394 Ρ.
518 331 553 392 r.
574 285 999 395 'srarrrsrnveeuu

248 457 341 525 Mille
353 455 454 525 urbes
466 456 552 520 Asiae
564 457 682 521 sortito
693 456 816 522 rexerit
826 477 932 537 enno,

249 569 433 660 Imperium
443 562 612 632 mulcente
623 579 712 656 toga.
726 564 804 631 Bibe
815 564 894 632 talio
905 567 1025 658 pronis⁴

247 675 392 744 Auribus
405 701 411 740 :
424 672 498 741 haec
510 690 638 742 certent
649 673 709 740 tibi
722 673 898 742 conciliare
910 677 1091 768 propinqui
1104 703 1116 742 :-

247 794 328 856 Haec
339 790 461 854 iterent
472 788 611 853 comites
622 801 807 878 praecepta,
820 810 985 882 senesque
997 791 1138 880 paterni⁶
1214 803 1249 856 60

292 901 435 991 Jamque
445 894 530 963 adeo
541 894 669 962 moliris
680 899 754 978 iter,
766 919 829 963 nec
840 895 955 964 deside
965 919 1070 988 passu

247 1013 300 1076 lre
310 1030 410 1101 paras
421 1034 429 1072 z
442 1005 596 1074 nondum
607 1005 727 1074 validae
740 1006 799 1074 tibi
811 1009 907 1099 signa
914 1005 1064 1101 juventae

245 1121 413 1210 Irrepsere
424 1118 533 1210 genis,
547 1133 580 1185 et
591 1116 702 1185 adhuc
713 1117 815 1186 decor
825 1120 955 1210 integer
966 1122 1039 1187 aevi.

246 1235 313 1298 Nec
324 1231 454 1321 genitor
461 1226 572 1323 juxta,
584 1229 659 1298 fatis
671 1254 819 1325 namque
831 1231 973 1299 haustus
984 1233 1113 1328 iniquis⁴

243 1341 372 1410 Occidit
381 1342 463 1410 beu!
476 1344 644 1434 geminum
653 1342 784 1435 prolem
793 1345 869 1411 sine
875 1343 1016 1437 praeside
1024 1344 1191 1440 linquens.
1207 1360 1245 1413 ts

244 1457 313 1521 Nec
324 1452 443 1521 saltem
454 1456 577 1522 teneris
589 1470 719 1522 ostrum
730 1454 860 1547 puerile
871 1454 1003 1523 lacerus

243 1566 358 1648 Exuit,
371 1562 564 1660 albentique
574 1563 734 1632 humeros
746 1564 878 1632 induxit
889 1569 1023 1634 amictu.

243 1681 352 1763 Quem
363 1699 433 1744 non
445 1681 629 1770 corrumpit
640 1675 748 1768 pubes
760 1676 903 1758 effrena,
916 1699 1079 1771 novaeque

243 1787 394 1855 Libertas
405 1805 584 1880 properata
595 1793 701 1881 togae?
712 1811 774 1855 ceu
784 1789 899 1855 nescis
910 1787 1010 1856 falcis·

242 1898 329 1966 Silva
340 1923 453 1967 comus
464 1898 565 1979 tollit,
578 1899 794 1994 fructumque
806 1895 1165 1991 exspiratinumbras.
1206 1931 1239 1983 7⁰

194 2123 331 2179 Achilleid.
351 2131 378 2195 l,
396 2132 512 2198 112311,
531 2131 598 2199 3483
620 2146 645 2184 et
663 2132 691 2201 l,
741 2135 877 2206 clamque
888 2130 955 2186 adeo
969 2132 1070 2188 moliris
1081 2131 1168 2197 iter,··
1183 2150 1237 2204 quo

193 2206 258 2272 4023
271 2208 434 2274 Priscianus,
447 2213 544 2282 Perieq.
556 2233 579 2262 v.
591 2212 653 2281 9⁵²·
667 2213 693 2266 Si
737 2212 803 2265 nibil
820 2216 922 2274 verius;
941 2213 1013 2264 conf.
1027 2212 1119 2283 virgil.
1134 2211 1236 2264 AEneid.

192 2285 307 2337 retineas
317 2299 446 2358 potentes,
461 2291 509 2339 erit
525 2290 691 2362 ambiguum
736 2291 768 2354 V,
789 2290 856 2358 864,
875 2303 901 2343 et
920 2293 994 2358 Vlll,
1014 2289 1082 2343 5852
1105 2291 1236 2360 clamque

193 2365 291 2435 quippe
300 2363 327 2417 ri
335 2367 406 2419 urbes
414 2377 530 2440 potentes
538 2369 606 2422 Asise
615 2371 692 2442 signi·
736 2367 803 2420 adeo
814 2371 911 2421 exierat
921 2371 1006 2440 portis
1016 2371 1147 2440 equitatus
1158 2387 1236 2438 aperb

191 2443 270 2497 ficare
279 2460 368 2517 potest
377 2470 388 2494 ι
396 2448 474 2501 urbes
485 2467 541 2520 que
551 2451 690 2521 imperium
735 2447 784 2510 tis;
795 2470 807 2494 ι
822 2446 869 2498 ubi
878 2447 995 2500 Servius:
1011 2471 1024 2494 a
1032 2447 1102 2499 Adeo
1114 2441 1234 2498 adorna·

192 2525 687 2597 etjurisdictionemhsbentinduam·
735 2538 792 2577 tum
804 2529 919 2597 pertinet
929 2537 1061 2578 tantum.»
1074 2525 1139 2576 Vide
1151 2536 1178 2576 et
1187 2524 1233 2577 Sil.

191 2603 231 2654 lta
244 2605 373 2677 Pompon.
387 2605 474 2672 Mela,
487 2609 516 2673 l,
536 2624 577 2678 17,
596 2607 690 2678 «quod
734 2603 818 2657 ltalic.
838 2606 901 2671 xit,
921 2606 989 2672 5343
1004 2608 1032 2671 l,
1047 2624 1088 2659 ao.
1107 2604 1234 2676 Exempla

191 2683 350 2752 Amazones,
362 2687 430 2738 Asite
441 2701 579 2758 potentes,
594 2705 690 2740 conse
734 2685 833 2755 ubique
849 2699 998 2736 occurrent.
1015 2683 1119 2738 Moliris
1134 2684 1183 2736 iter
1196 2697 1237 2736 est

191 2780 279 2816 orasse
289 2763 441 2818 dicuntur-‚u
452 2766 519 2819 Vide
528 2767 644 2820 Gronov.
655 2766 690 2820 ad
734 2781 765 2814 ex
777 2763 870 2833 virgil.
882 2764 984 2816 AEneid.
1000 2767 1051 2832 Vl,
1065 2765 1132 2834 477:
1149 2787 1161 2810 ι
1171 2763 1235 2815 lnde

189 2841 246 2894 Lir.
259 2845 360 2907 Xlllll,
375 2845 414 2897 16.
426 2845 538 2898 -Οοι1.
550 2848 631 2900 Paris.
646 2845 687 2898 ed.
734 2843 827 2896 datum
841 2845 950 2896 molitur
968 2846 1032 2896 iter:
1049 2847 1160 2915 jamque
1172 2861 1236 2896 srva

189 2939 231 2991 pr.
249 2934 379 2994 potentes,
399 2937 424 2976 et
442 2925 556 2977 Intravit
572 2944 623 2996 pro
640 2926 689 2977 In·
734 2921 842 2976 tenebat
861 2922 975 2986 Ultima,
995 2935 1045 2974 etc.
1056 2947 1069 2972 ι
1087 2925 1123 2974 ita
1143 2921 1235 2991 legeu-

191 3003 272 3053 tmn't.
291 3004 323 3054 A.
734 2999 813 3066 dum,
827 3019 882 3050 non
897 3001 1031 3060 temdum
1044 2999 1079 3053 de
1092 2999 1150 3054 solo
1164 3000 1234 3051 enim

226 3079 269 3133 58.
289 3081 391 3151 Vulgo,
410 3083 456 3134 tibi
474 3082 553 3146 talia,-
572 3081 646 3156 quod
662 3097 690 3136 et
733 3078 815 3130 AEnea
826 3077 954 3150 loquitur;
964 3081 1107 3144 utstatim,
1119 3077 1234 3130 «llicilli

189 3155 289 3210 babent
306 3159 368 3212 cod.
383 3161 463 3213 Poris.
478 3160 520 3214 ed.
535 3181 576 3233 pr.
591 3191 617 3201 -
638 3163 688 3212 Pro
734 3155 1232 3230 occunitTydeus,=nocitus-Coti.

187 3237 289 3310 pronis,
304 3239 447 3294 Parmensis
460 3243 566 3312 promis.
576 3240 686 3294 -coct
732 3238 789 3288 Par.
803 3236 844 3290 ed.
857 3256 896 3308 pr.
910 3235 972 3289 alio.
992 3238 1024 3288 A·

187 3313 269 3368 Paris.
283 3331 308 3368 et
324 3316 385 3371 edit.
401 3321 485 3390 princ.
498 3320 597 3390 pronis.
609 3319 686 3373 Conl.
768 3314 811 3368 65.
827 3317 877 3368 Pro
886 3316 936 3368 lreu
942 3317 1044 3382 ,Perm
1054 3317 1231 3385 et,lrequeuti

188 3407 245 3448 not.
265 3395 298 3447 A.
732 3411 840 3461 errore,
852 3393 884 3446 de
898 3412 951 3464 quo
961 3411 1054 3464 supre;
1066 3406 1109 3458 et,
1122 3411 1171 3461 pro
1179 3392 1233 3444 siae

223 3474 268 3526 61.
292 3475 406 3551 Jamque
429 3476 483 3528 alio
507 3473 606 3528 moliris
630 3475 686 3528 iter.
730 3473 849 3544 preside,
864 3471 953 3524 multae
967 3472 1040 3524 editt.
1055 3471 1232 3542 subproeside5

188 3555 253 3606 lluil
265 3567 318 3606 tam
326 3556 396 3608 cito?
405 3555 485 3608 modo
494 3555 688 3608 admonebatur
732 3555 802 3604 etita
814 3551 895 3604 edidit
905 3552 1055 3616 Geranios,
1066 3564 1091 3602 et
1102 3552 1231 3604 Crucens:

186 3632 305 3700 juvenis,
320 3648 350 3685 ut
362 3636 479 3706 paternis
493 3634 606 3704 vestigiis
621 3635 686 3686 insi-
731 3628 916 3683 malevorum
931 3633 1088 3702 scripturam
1100 3632 1233 3682 revocavit

189 3723 281 3775 steret,
292 3726 318 3764 et
326 3715 376 3764 iter
386 3713 419 3764 sd
429 3731 516 3764 veram
525 3711 635 3782 glorium
646 3731 687 3765 ea·
732 3729 763 3762 ex
774 3711 828 3764 MS.
841 3712 1001 3764 Bernartius.
1013 3708 1112 3760 Eodem
1125 3707 1232 3760 dirersi-

188 3803 323 3858 peteteret,
351 3793 483 3863 anmque
505 3791 556 3844 alio
580 3789 687 3844 molitur
732 3803 771 3844 tas
787 3789 860 3862 apud
876 3793 995 3862 Propert.
1012 3790 1064 3852 lll,
1083 3805 1107 3854 1,
1121 3787 1168 3840 ubi
1182 3807 1232 3858 pro

188 3869 258 3920 iter?
267 3893 278 3915 a
299 3867 366 3920 male
381 3869 497 3934 factum,
517 3888 533 3919 o
550 3867 686 3942 Crispino,
732 3871 926 3941 Polydamanta
938 3871 992 3924 sine
1003 3871 1098 3933 armis,
1110 3881 1140 3920 ut
1150 3867 1232 3919 edidit

187 3946 231 3998 vel
242 3966 288 4000 vos
301 3947 406 4018 potius,
419 3965 434 3998 o
446 3946 561 4014 librarii,
575 3951 620 4020 qui
632 3963 685 4000 tam
731 3948 928 4016 Brouklausius,
949 3947 1091 4020 legendum
1112 3965 1169 4000 esse
1185 3947 1230 3998 sub

190 4026 685 4099 negligenterexeoripsistisstatianum,
730 4031 824 4096 annu,
839 4027 866 4080 id
881 4042 936 4096 est,
952 4028 981 4080 in
994 4027 1089 4092 armo,
1103 4025 1166 4080 olim
1179 4023 1230 4076 do-
