2776 4484
363 321 495 384 nient
520 321 662 384 ratur
687 291 937 387 sttvreuu.
1108 348 1168 410 117

128 441 154 494 si
162 455 285 494 neutrum
294 443 413 515 placeat,
425 457 450 495 et
460 443 556 496 sinibil
565 443 721 496 mutandum
731 463 853 513 censeat,
862 465 915 500 non
925 446 1092 500 contendam.
1103 448 1170 502 vids

127 534 215 574 tamen
228 523 365 574 Heinsium
378 521 413 574 ad
425 521 502 574 ovid.
514 523 584 576 Fast.
600 525 643 591 IV,
657 521 723 591 233,
738 524 785 575 ubi
796 524 854 577 fuse
865 523 899 578 de
909 528 1114 578 commutatione
1124 527 1169 579 ri'r

128 611 193 652 tecto
202 613 227 652 et
238 601 320 675 tique.
331 605 429 653 Verum
439 617 506 672 puto
521 624 531 648 s
543 602 616 672 tigna
628 621 678 672 per
688 617 715 652 et
726 617 826 672 postes.
839 627 850 649 a
861 634 896 644 —
905 605 980 672 Erttt,
990 608 1018 657 ni
1027 605 1118 672 fallor,
1130 626 1170 658 ar-

127 678 176 730 bor
192 694 334 752 penetrans
350 700 400 752 per
411 683 496 752 ipsum
508 679 669 747 tricliuiunt,¹
681 695 707 734 et
718 680 780 733 inde
792 695 862 734 tecta
874 702 1013 753 superans,
1026 698 1057 737 ut
1069 685 1114 738 iila
1126 705 1169 738 ar-

126 759 186 826 bor,
199 779 214 812 e
228 780 281 832 qua
296 761 358 813 fecit
369 761 455 833 Ulyss.
468 759 613 811 thalamum
624 759 718 834 Odyss.
731 760 831 826 xxm,
849 779 898 832 ¹90
910 781 931 814 s.
942 765 1041 816 Tamen
1053 785 1076 816 r.
1088 779 1170 837 postas
1281 785 1283 794 ’

125 858 179 892 non
193 839 262 893 bene
276 842 400 893 convenit
413 839 476 892 huic
490 840 667 912 explicationi.
689 843 779 912 Itaque
795 843 823 893 in
840 842 967 913 impluvio
981 846 1082 898 stetisse
1096 845 1169 898 ride·

125 934 182 988 tur,
196 922 359 974 circumdata
371 919 489 994 undique
502 924 577 974 tectis
591 935 616 973 et
628 920 760 992 postibus.
772 923 849 975 Luna.
860 953 898 964 -
915 925 945 982 In
957 929 1072 996 margine
1083 928 1168 980 Parin.

124 1004 252 1076 scriptum
270 1017 325 1056 erat
341 1015 451 1066 secreta,
475 1002 548 1074 quod
566 1002 760 1074 praeferendum
775 1002 915 1056 ridebatur
932 1007 1040 1059 Heinsio
1058 1007 1168 1062 Advers.

123 1101 184 1155 pag.
198 1083 265 1151 546,
278 1103 333 1136 non
345 1086 408 1135 item
421 1081 485 1135 mibi
492 1103 500 1145 ;
515 1102 576 1162 nam
588 1085 724 1156 antiquam
736 1083 856 1137 arborem
868 1087 922 1138 sive
934 1083 967 1137 ab
979 1088 1043 1158 ipsis
1055 1085 1169 1154 adibus,

124 1165 176 1216 tire
192 1169 283 1236 potios
302 1184 316 1216 a
332 1164 442 1216 domino
461 1177 588 1216 serratam
605 1164 716 1230 dixeris,
736 1167 838 1236 integra
856 1168 905 1218 erit
922 1169 1060 1220 sententia.
1083 1168 1169 1241 Tiona

124 1247 203 1297 etiam
215 1247 359 1298 Burmann.
373 1247 504 1317 conjecit,
522 1245 568 1298 aed
582 1259 673 1318 postea
688 1246 807 1317 scripsit,
825 1259 915 1300 «tecta
929 1266 1009 1319 super
1026 1260 1169 1320 postesque

123 1321 194 1376 leves
208 1327 321 1396 emergis
333 1326 360 1377 in
375 1343 460 1377 auras.
472 1347 483 1370 r
499 1325 552 1376 Per
563 1326 680 1396 positum
690 1338 730 1377 est
738 1343 788 1395 pro
798 1327 878 1394 inter,
890 1325 987 1398 dequo
999 1345 1050 1380 usu
1061 1328 1169 1381 Macro-

124 1401 195 1469 bius,
210 1405 239 1456 in
251 1405 339 1458 Somn.
355 1405 424 1476 scip.
437 1408 473 1471 II,
487 1405 512 1458 8.
524 1403 594 1457 Male
607 1407 685 1458 etiarn
699 1405 812 1457 Scriver.
828 1410 941 1460 correxit
957 1431 969 1455 ι
979 1421 1050 1462 tecta
1062 1428 1124 1480 per,
1137 1422 1168 1461 ut

124 1497 214 1554 potes,
228 1484 275 1557 qu.
292 1499 364 1538 ete...
385 1488 467 1538 IIsttn.

160 1624 211 1692 62,
222 1624 266 1678 63.
279 1627 316 1678 Et
328 1645 397 1678 nune
407 1627 498 1702 iqnaro
504 1619 637 1699 forrum...
651 1626 735 1678 derret
745 1625 875 1691 Homod„
888 1639 939 1678 etc.
948 1627 1009 1678 Non
1017 1644 1085 1698 opus
1092 1639 1168 1680 estut

125 1703 237 1757 aliorum
252 1707 419 1776 conjecturas
434 1708 461 1758 in
477 1705 548 1758 huno
564 1706 655 1758 Iocum
669 1707 831 1757 refutemus:
851 1704 903 1757 boc
917 1723 967 1774 pro
983 1707 1070 1775 seipso
1089 1706 1169 1758 faciet

125 1781 234 1851 Statius,
248 1804 327 1857 quem
339 1785 420 1839 debes
431 1784 534 1838 erudito
544 1787 629 1838 amieo
641 1804 701 1838 meo
711 1785 807 1837 Joantti
818 1785 921 1837 Jortino
931 1783 999 1836 Coll.
1011 1785 1075 1838 Iesu
1087 1783 1164 1838 Cant.
1223 1835 1226 1844 ,

124 1859 214 1931 socio,
228 1867 324 1936 quiite
339 1867 466 1932 restituit,

275 1975 282 1986 ⁶
308 1972 336 2016 Iit
345 1970 407 2016 nnno'
416 1971 500 2032 ignara
509 1969 589 2017 forsan
598 1969 635 2017 rei
643 1968 731 2017 lubrica
740 1971 810 2028 Nais,

307 2040 351 2087 Vel
359 2055 406 2088 non
415 2041 527 2105 abruptos
536 2042 578 2088 tibi
589 2041 659 2088 debet
668 2042 808 2106 Hamadryas
817 2055 899 2088 anuos.

122 2133 195 2187 Nihil
211 2137 314 2189 verius:
330 2149 356 2188 et
369 2155 442 2188 nuno
458 2137 559 2209 (inquit
573 2135 700 2208 Statius),
716 2154 731 2188 ο
747 2136 836 2201 arbor,
855 2137 919 2188 Nais
938 2135 1025 2208 aliqua
1039 2136 1106 2188 forte
1125 2136 1165 2188 vel

123 2215 1166 2288 Hamadryatoonserratiouituoedebetcontinnationernvitaesute,qnamquam
1253 2230 1256 2236 '

5 2311 11 2328 ·
124 2307 153 2347 tn
163 2293 217 2348 boc
229 2300 336 2350 nescias.
346 2295 486 2349 Veteribus
499 2297 567 2348 enim
580 2315 735 2368 persuasum
748 2297 799 2348 fuit
810 2293 897 2367 quoti,

307 2407 360 2451 Nou
370 2405 419 2451 sine
430 2403 594 2468 Hamadryadis
603 2405 651 2451 Isto
661 2403 722 2450 ondit
731 2402 828 2449 arborea
838 2401 913 2460 trabs,

124 2511 152 2549 rrt
162 2497 280 2572 quuitur
287 2500 435 2568 Ausonius,
445 2499 519 2574 tdylt.
529 2503 561 2568 V,
572 2501 613 2572 75.
624 2502 686 2554 Non
697 2503 818 2572 abruptos
826 2517 921 2566 annos,
932 2497 959 2550 id
969 2511 1022 2564 est,
1031 2499 1167 2550 continua·

123 2591 179 2632 toas
193 2580 291 2652 dequo
303 2581 420 2634 Statiano
432 2580 559 2654 loquendi
568 2600 641 2634 more
654 2598 734 2652 supra
746 2581 830 2633 fusius
842 2579 895 2632 dixi
906 2577 941 2631 ad
952 2579 1055 2651 Equum
1066 2579 1165 2630 Domit.

121 2677 147 2708 r.
161 2659 204 2712 Ba.
217 2662 356 2728 -Debet,
368 2675 398 2713 ttt
410 2663 480 2713 inira
493 2681 517 2713 v.
531 2663 579 2733 87;
592 2661 669 2716 ovid.
684 2662 749 2713 Met.
761 2663 822 2726 VII,
834 2659 882 2726 483
896 2661 967 2728 Virg.
983 2659 1040 2710 AEn.
1055 2657 1100 2709 lib.
1115 2660 1165 2724 XI,

123 2753 193 2792 vert.
207 2738 238 2791 51
249 2761 258 2802 ;
269 2739 314 2792 stt.
326 2741 405 2794 Italic.
421 2740 467 2793 lib.
480 2743 542 2808 XII,
555 2759 621 2794 vers.
635 2740 700 2804 6333
715 2739 836 2792 Juvenal.
850 2751 900 2791 sat.
913 2739 985 2805 VIII,
998 2755 1065 2790 vers.
1078 2737 1128 2789 682

614 2849 716 2894 Primum
726 2843 814 2906 aliquid
824 2843 866 2900 da,

310 2919 376 2979 Quod
383 2922 468 2982 possim
477 2918 549 2967 titulit
557 2918 660 2966 incidere
671 2929 755 2984 prater
763 2917 878 2968 honoret,

308 2991 371 3051 Quos
379 2991 423 3040 tttu
432 2992 514 3040 damut
523 3003 546 3038 et
555 2991 662 3039 dubitans
671 2989 755 3052 quibus
764 2987 841 3034 omnia
851 2985 929 3031 debet.

122 3091 159 3142 Ita
172 3088 327 3160 legendum
339 3089 418 3162 vulgo
434 3089 549 3143 absurde
562 3090 654 3142 damus
667 3099 692 3140 et
704 3085 827 3139 dedimus.
840 3085 905 3136 Mire
916 3081 1079 3135 Gronoviurn
1090 3084 1166 3136 torsit

121 3168 163 3222 bio
175 3169 264 3236 iocus,
276 3169 413 3223 Observat.
425 3173 450 3238 I,
463 3169 479 3222 5
486 3209 495 3237 ,
506 3168 552 3222 ubi
564 3189 613 3241 pro
627 3169 718 3242 iqnaro
730 3169 841 3236 conjicit
853 3167 969 3229 itrtactoe,
982 3175 1009 3214 et
1020 3180 1070 3234 pro
1081 3164 1166 3216 demet

121 3268 214 3316 amos,
226 3261 319 3302 comet.
328 3251 410 3303 Vetus
422 3247 518 3316 editio,
529 3249 664 3301 Bernartio
676 3261 756 3312 teste,
767 3244 849 3298 babet
864 3245 967 3317 iqnaroe.
979 3243 1068 3294 Literae
1078 3261 1104 3293 m
1115 3243 1165 3295 etb

121 3339 173 3378 tarn
189 3327 289 3380 Latinis
308 3347 387 3400 quam
405 3330 502 3382 Grecis
521 3327 691 3400 scriptoribus
713 3339 842 3399 perpetuo
863 3335 1067 3376 commutantur.
1087 3323 1164 3374 Hunc

12 3397 16 3408 ¹
122 3405 208 3460 Iocum
218 3409 294 3461 Statii
306 3407 425 3462 similiter
437 3407 560 3462 emendat
571 3409 661 3461 Heius.
672 3406 706 3459 ad
717 3406 793 3460 Ovid.
805 3407 875 3458 Fast.
888 3407 933 3470 tv,
946 3404 1009 3468 231,
1022 3402 1064 3455 ed.
1074 3405 1162 3454 Burin.

120 3488 170 3540 niti
183 3487 255 3558 quod
267 3507 319 3560 pro
332 3488 370 3539 Et
383 3507 454 3540 auito
465 3488 528 3562 legit
541 3488 578 3540 At
591 3505 671 3539 nunc.
687 3489 782 3540 Verius
796 3485 921 3551 aiterum,
936 3497 964 3536 ut
976 3481 1121 3557 Epieedion
1136 3485 1163 3535 in

120 3567 221 3620 Patrem
234 3585 328 3634 suum,
342 3565 491 3652 vers3185=

303 3677 330 3722 Iit
339 3689 403 3721 nune
413 3690 441 3722 ex
449 3675 489 3722 iIIo
498 3676 575 3723 fortan
584 3689 654 3737 grege
664 3673 771 3736 gentibus
779 3671 836 3720 alter

302 3747 360 3793 Iura
369 3746 409 3794 dat
417 3749 483 3803 ton,
494 3747 553 3795 aiter
561 3747 688 3810 compescit
696 3744 785 3792 Iberos.

119 3843 259 3914 turilias,
269 3844 378 3908 ,AEneiu
398 3845 443 3898 lib.
458 3847 512 3911 XI,
528 3863 597 3899 vers.
612 3842 667 3898 50:
686 3845 741 3896 «Et
754 3859 825 3894 nune
839 3839 883 3892 iile
897 3837 1021 3912 quidem,
1035 3849 1085 3888 etr.
1096 3859 1108 3882 ι
1127 3865 1163 3876 -

118 3925 247 3976 IIenrsius
260 3927 288 3977 in
306 3925 396 3978 Critic.
413 3925 513 3977 Arnob.
525 3929 562 3990 II,
580 3943 603 3990 1,
617 3941 678 3996 pag.
692 3923 741 3990 46,
754 3941 814 3974 com
830 3916 1026 3986 Lindenbrogio
1043 3929 1164 3965 neeessa-

120 4005 183 4058 riam
198 4005 316 4074 putauit
334 4006 527 4058 correctionem
541 4005 651 4077 iynoroe,
666 4019 718 4074 qua
729 4013 817 4053 tamen
829 4017 922 4069 parurn
934 3995 1079 4066 proficitur.
1095 3991 1161 4043 Cum
