2784 4484
563 283 817 349 ranetam.
1011 271 1013 276 ’
1132 289 1207 382 xxxj

167 413 313 468 mum
322 427 412 488 qaum
421 411 450 464 in
458 411 512 464 isto
522 405 661 464 nuliutsit
669 429 780 475 susum
790 413 882 487 etipse
890 410 956 469 aiibi
966 414 1090 470 eamdem
1099 430 1208 472 seuten-

168 507 229 558 tiam
240 501 338 560 iisdem
351 499 411 556 fere
422 499 515 556 verbis
526 499 661 577 proferat,
673 502 776 558 AEneid.
790 507 854 573 XII,
867 507 934 576 496:

347 609 424 660 Multa
431 611 515 659 iorem
525 623 549 656 et
557 610 604 657 lati
613 623 708 660 metatus
717 612 811 660 fuderis
820 627 883 660 aras:

169 731 245 790 quem
257 711 350 769 iocum
362 711 493 768 exscribit
503 723 655 788 perpetuus
667 717 723 788 ejus
735 715 858 769 imitator
868 713 913 770 Sil.
927 713 1009 771 ltalic.
1022 699 1111 786 1an
1123 720 1173 790 87:

511 857 515 866 .
527 857 532 866 .
544 855 550 865 .
560 833 645 869 ,castas
653 821 737 884 polluti
745 823 839 870 fuderis
849 825 900 870 aria

346 894 462 940 raram.

170 1005 195 1049 ei
204 999 250 1064 Vi,
260 996 315 1064 692
327 1017 333 1045 ι

603 1101 607 1112 .
619 1103 622 1112 .
635 1101 641 1113 ,
651 1101 656 1111 .
665 1067 764 1130 pollutas
773 1069 865 1118 foderis
874 1085 924 1116 arm

349 1149 528 1214 Deceptumqae
538 1149 628 1194 lovem,

168 1251 231 1319 Quis
245 1259 302 1303 tam
316 1248 413 1321 inepte
429 1243 522 1300 fautor
534 1249 662 1300 Veterum
677 1247 853 1314 Lectionum,
873 1259 903 1302 ut
918 1266 975 1303 nou
992 1247 1045 1303 hoc
1059 1247 1209 1304 concedat?

166 1361 243 1398 nemo
256 1355 347 1411 certe,
362 1342 417 1396 nisi
430 1341 529 1415 siquis
542 1351 598 1396 tam
610 1339 697 1396 durus
711 1341 825 1417 reperiri
837 1353 933 1417 queat,
948 1355 979 1397 ut
990 1341 1108 1398 fateatur
1118 1361 1147 1398 se
1158 1359 1207 1399 ve-

167 1445 220 1490 tera
231 1447 257 1490 et
268 1432 336 1490 falsa
348 1451 435 1509 quam
446 1433 567 1487 recentia
579 1441 606 1486 et
617 1449 681 1486 vera
693 1430 787 1486 maile:
800 1437 879 1509 cujus
890 1435 1091 1490 sinister-itatem
1103 1453 1156 1511 pro
1165 1439 1208 1510 ju-

167 1527 235 1584 diu'o
246 1528 402 1604 suspicere,
419 1543 461 1580 ua
477 1535 549 1580 estet
564 1524 696 1582 indicium
714 1526 813 1580 mentis
829 1525 961 1596 infirma,
976 1538 1005 1581 ct
1018 1529 1140 1583 veritatis
1154 1545 1206 1580 uu-

167 1621 236 1676 miue
247 1639 347 1697 parum
358 1629 499 1676 contactae.
514 1623 668 1674 allevemur
679 1637 745 1673 saue
757 1620 803 1691 (ut
815 1616 861 1672 ille
872 1619 922 1688 ait,
934 1617 969 1673 ad
980 1621 1102 1688 Livium,
1114 1624 1207 1686 xxiv,

170 1716 215 1785 2⁵)
227 1717 335 1768 Veteres
348 1711 459 1776 librom
476 1714 512 1766 ita
528 1722 618 1766 tamen
634 1722 666 1768 ut
682 1708 795 1766 illorum
807 1712 972 1786 scripturam
983 1729 1126 1786 nunquam
1139 1729 1208 1787 prte-

169 1817 272 1860 vertam
284 1808 308 1860 ei
320 1825 401 1880 quam
415 1808 491 1881 ipsos
504 1816 629 1860 auctores
641 1803 783 1880 reliquisse
798 1803 927 1862 credibile
938 1815 987 1861 est.
1000 1830 1011 1855 ι
1026 1805 1144 1876 Quando
1156 1809 1208 1882 igi-

170 1911 214 1952 tur·
227 1899 255 1952 in
270 1903 379 1953 Textum
393 1897 510 1953 etimitto
521 1899 736 1974 Parthenopeque
751 1917 803 1975 pro
817 1901 905 1972 Major
919 1915 945 1954 et
961 1901 1036 1954 inde:
1053 1901 1082 1953 Si
1095 1902 1208 1972 conjunx

167 2009 216 2066 μυ
227 1990 305 2063 &lna
317 2011 388 2052 ωιας
404 1995 502 2065 Meque
518 1992 620 2045 tauteus
632 2011 763 2066 moresque
776 2009 828 2066 pro
841 1993 928 2066 Atque
943 1995 991 2046 tibi
1002 2012 1151 2066 moresque
1166 1993 1207 2044 ia-

169 2087 249 2139 criaait
261 2105 313 2162 pro
328 2085 429 2152 οιιιὶιέ,Ι
441 2088 570 2140 decoravit
580 2103 632 2162 pro
642 2090 773 2158 peraravit
780 2109 789 2148 ,·
801 2097 828 2142 et
839 2098 949 2142 centum
961 2085 1013 2142 alia
1025 2087 1146 2163 ejusdem
1159 2106 1205 2141 au-

169 2177 246 2235 dada
255 2191 280 2234 et
289 2181 428 2244 veritatis;
439 2181 523 2251 scitu,
533 2183 640 2250 Lector,
652 2199 696 2235 me
704 2180 773 2238 adeo
783 2199 838 2235 non
848 2189 942 2256 petere
951 2183 1073 2250 veniam,
1084 2191 1116 2235 ut
1125 2182 1206 2234 ctiam

168 2271 212 2326 riti
224 2275 367 2349 imputem.
380 2277 470 2348 Atque
481 2274 589 2328 utinam
602 2275 662 2349 pari
676 2272 840 2328 certitudine
852 2276 944 2350 (pane
960 2274 1165 2344 Mathematica)
1178 2276 1206 2327 in

166 2369 257 2424 oeteris
269 2366 432 2424 difficilibus
443 2365 509 2424 locis
522 2370 624 2424 versam
635 2370 802 2444 potuissem!
815 2370 907 2424 omnia
919 2387 976 2423 nno
987 2369 1085 2424 ordine
1095 2367 1208 2423 habuis-

166 2479 237 2528 σω,
253 2463 375 2520 Catienis
389 2459 463 2517 mille
479 2462 604 2518 ducentis
620 2459 838 2518 reclamantibus.
851 2461 927 2532 Quid
943 2465 1015 2518 enim
1029 2460 1112 2518 refert
1125 2481 1141 2515 a
1153 2481 1206 2538 qua

166 2567 240 2630 parte
256 2558 365 2626 omitt,
380 2554 464 2610 modo
479 2556 601 2625 venerit,
616 2556 735 2610 veritas?
752 2552 847 2610 eadem
861 2566 903 2610 est
918 2559 991 2623 nea,
1010 2557 1067 2610 aive
1082 2573 1097 2606 a
1117 2573 1162 2608 me
1179 2565 1207 2608 et

167 2650 287 2716 (luaeu,
298 2650 355 2702 sive
366 2647 401 2702 ab
413 2648 524 2703 lleiuaio
536 2658 562 2702 et
572 2648 711 2702 Gmuovio
723 2647 752 2701 in
763 2644 854 2702 lucem
866 2645 1038 2722 proferatur;
1051 2647 1104 2700 nisi
1115 2644 1208 2700 nobis·

170 2741 292 2815 metipsis
302 2751 357 2794 tam
367 2738 479 2816 maligui
490 2751 517 2816 et
528 2740 615 2816 iniqui
624 2739 729 2814 judices
741 2757 800 2795 ease
811 2738 956 2810 volumus,
972 2751 1003 2794 ut
1014 2737 1090 2813 quod
1100 2737 1136 2793 ab
1146 2736 1207 2792 aliis

168 2830 324 2910 profectum
336 2853 383 2910 pro
392 2853 459 2892 vero
472 2834 563 2890 atatim
575 2831 815 2910 amplectentum
829 2833 871 2902 id,
885 2835 949 2908 quia
961 2842 1153 2898 nostramet,
1166 2833 1206 2884 in-

166 2937 209 2982 ter
219 2925 304 2982 dubia
319 2929 488 3002 rejiciamus:
504 2946 565 3003 quas
578 2926 690 3003 quidem
706 2925 859 2983 diffidentia
875 2925 1008 3001 ajudicio
1021 2935 1048 2979 et
1058 2941 1126 2979 vero
1142 2943 1206 2999 pro-

165 3018 238 3076 fectu
247 3040 324 3097 aque
335 3019 416 3097 louge
425 3031 530 3076 remota
543 3032 598 3089 eat,
608 3039 640 3076 ac
650 3023 809 3096 oppositum
821 3024 881 3094 eius
891 3021 1015 3088 enovata.
1028 3022 1089 3073 llaec
1099 3035 1207 3094 semper

166 3113 214 3169 tibi
226 3113 382 3192 applaudit,
394 3127 437 3186 et,
449 3113 513 3171 licet
524 3112 644 3184 fallatur,
659 3133 719 3168 rem
730 3113 801 3169 bene
813 3125 917 3190 gestam
929 3124 1065 3170 autumat:
1079 3110 1124 3166 itta
1138 3131 1206 3168 sem-

164 3226 214 3283 per
231 3207 332 3284 pendet
349 3219 376 3264 et
394 3207 508 3266 fluctuat
522 3208 604 3262 etiam
621 3209 649 3262 in
667 3208 754 3272 veris;
773 3218 847 3262 certe
863 3217 953 3261 autem
973 3216 1028 3260 tam
1046 3217 1141 3281 peccat
1159 3208 1206 3280 qui

162 3297 232 3354 nihil
249 3299 347 3370 aedit,
360 3319 443 3376 quam
458 3301 506 3376 qui
523 3300 633 3355 omnia:
651 3311 677 3356 et
694 3300 717 3354 si
734 3297 770 3353 ab
782 3297 914 3354 alterutro
928 3300 1016 3374 perire
1030 3315 1139 3352 necesso
1154 3299 1205 3364 sit,

163 3389 270 3447 felicior
279 3392 389 3449 videtur
400 3412 460 3450 sors
471 3395 551 3469 copia
562 3411 646 3469 quam
657 3390 730 3448 fame
740 3393 925 3468 pereuntium.
937 3391 989 3448 Sed
1001 3389 1119 3446 mediam
1132 3391 1205 3444 viam

164 3485 262 3542 insistit
269 3485 421 3562 judicium
433 3505 525 3563 neque
534 3484 607 3542 ultra
614 3490 718 3541 Verum
730 3484 914 3562 progreditur,
925 3503 1015 3559 neque
1027 3485 1094 3538 citra
1105 3480 1206 3536 deficit.

204 3688 258 3743 lica
273 3701 367 3746 tamen
383 3690 455 3745 mihi
474 3691 503 3744 iu
522 3686 574 3743 hac
589 3698 666 3764 parte
684 3684 877 3762 conjecturali,
895 3702 956 3760 quae
974 3686 1073 3758 cuique
1092 3683 1207 3736 maxime

165 3775 346 3854 adhucdum,
360 3801 473 3860 semper
487 3777 605 3836 indulsi:
621 3779 669 3834 sed
683 3778 850 3854 ubicumque
867 3789 925 3833 erat
937 3776 1101 3833 dubitationi
1115 3773 1207 3836 locus,

164 3874 351 3946 Conieduram
363 3876 400 3932 ad
412 3879 499 3931 imam
512 3874 640 3949 paginam
651 3870 812 3947 pierumque
824 3871 945 3926 detrusi:
960 3869 1034 3924 uude
1046 3879 1121 3941 petas
1133 3863 1208 3922 iicet,
