2782 4486
209 295 275 362 626
457 293 493 360 Ρ.
520 253 999 355 assuetissimum

253 420 521 513 Mygdoniosque
533 416 663 499 colunt,
677 432 790 484 etnon
802 439 863 482 suu
873 417 992 485 funere
1003 416 1150 511 plorant.
1200 438 1252 504 245

250 531 338 620 Quid
352 530 494 598 referam
505 530 673 621 expositos
686 543 816 596 servato
828 527 976 619 pondere
987 539 1117 600 mores?

251 650 334 732 Quae
347 647 470 738 pietas?
482 665 584 733 quam
596 639 661 707 vile
673 639 822 706 lucrum?
834 662 909 733 qnae
921 665 1002 708 cura
1014 642 1175 734 pudoris?

251 760 403 843 Quantus
416 775 511 819 amor
522 751 622 818 recti?
634 773 835 842 rursusque,
848 749 907 816 ubi
919 748 1018 818 dulce
1030 756 1168 836 remitti,

250 869 363 934 Gratia
375 861 578 959 qusedictis?
590 863 702 928 animo
715 885 817 954 quem
829 859 923 931 nulle
934 871 1110 932 senectus?

249 981 309 1044 His
321 975 380 1043 tibi
392 998 455 1067 pro
467 975 607 1053 meritis,
619 973 746 1039 famam
757 970 941 1066 laudesque
952 974 1114 1066 benignus
1198 991 1249 1044 250

250 1088 354 1156 lndex
365 1111 445 1155 cura
457 1091 581 1166 Deum,
593 1082 755 1178 nulloque
768 1107 786 1150 e
797 1083 937 1151 vulnere
949 1087 1061 1154 tristes

247 1198 418 1266 Concessit
430 1222 436 1261 :
449 1196 591 1288 reperis,
606 1197 746 1285 genitor,
759 1215 828 1261 non
840 1191 974 1284 indigus
987 1199 1062 1278 oevi,

248 1315 323 1376 Non
336 1309 476 1391 nimius;
489 1307 651 1399 trinisque
662 1304 777 1372 decem
791 1308 1022 1399 quinquennia
1033 1307 1148 1375 lustris

246 1427 265 1489 J
268 1437 370 1489 uncta
382 1420 493 1487 ferens
506 1441 513 1484 τ
526 1417 585 1486 sed
596 1442 651 1484 me
663 1418 769 1510 pietus
781 1441 976 1501 numerare,
989 1418 1153 1515 dolorque

246 1527 907 1622 Nonsinit:oPyliusaevitranscendere
919 1545 1043 1611 metas,
1195 1541 1244 1595 255

244 1648 286 1710 Et
298 1647 446 1710 Teucros
460 1664 592 1734 aequere
604 1663 715 1722 senes,
727 1665 748 1706 o
759 1639 858 1730 digne
871 1639 984 1708 videre

244 1760 301 1823 Me
314 1753 470 1822 similem!
485 1751 547 1819 Sed
560 1777 621 1820 nec
631 1751 689 1821 leti
701 1751 761 1818 tibi
769 1749 872 1844 janus
885 1751 1010 1820 tristis:

243 1867 375 1957 Quippe
387 1864 475 1930 leves
489 1885 612 1944 csusae3
625 1885 687 1929 nee
698 1863 809 1952 segnis
822 1863 898 1930 tabe
910 1860 1008 1931 senili

242 1981 358 2044 Exitus
371 1977 508 2043 instanti
520 1975 682 2066 praemisit
692 1971 843 2040 membra
856 1972 1026 2065 sepulcrm

243 2083 307 2152 Sed
320 2103 352 2151 te
363 2102 479 2176 torpor
490 2086 596 2167 inerS,
610 2099 643 2150 et
654 2107 745 2150 mors
759 2085 886 2150 imitatu
899 2087 1047 2177 quietem
1193 2096 1242 2149 260

242 2190 588 2285 Explicuit,fal's0que
600 2191 677 2260 tulit
689 2192 752 2260 sub
763 2197 904 2260 Tartara
915 2215 1046 2260 somno.

232 2411 292 2466 2500
311 2413 367 2464 His.
381 2409 446 2463 Cod.
459 2412 539 2478 Paris.
552 2410 594 2480 ed.
608 2413 693 2482 p'rine.
740 2411 850 2478 tristem,
870 2430 950 2482 quum
968 2410 1011 2463 ille
1028 2427 1136 2481 quoqne
1155 2409 1239 2462 modo

195 2493 262 2544 Istis.
282 2493 313 2542 Δ.
562 2489 569 2540 ἶ
628 2499 631 2506 ’
739 2492 843 2561 putavit
866 2489 1075 2562 conjungendam
1098 2505 1153 2539 esse
1174 2507 1238 2540 cum

232 2571 291 2623 251.
313 2567 415 2622 Vindex
426 2587 488 2620 cum
498 2567 581 2618 Deum
589 2607 597 2633 ,
611 2567 696 2620 nullo·
734 2569 856 2640 famam3
870 2587 925 2620 non
938 2589 1006 2641 opus
1020 2569 1080 2630 tuin
1092 2585 1154 2620 eece
1166 2571 1237 2620 enim

195 2647 381 2720 queevulnere
391 2647 487 2700 tristem
499 2647 632 2703 Concessit.
643 2647 696 2698 llo-
739 2667 845 2702 rerum:
866 2651 933 2702 «His
952 2649 999 2702 tibi
1017 2667 1065 2720 pro
1084 2641 1182 2700 meritis
1197 2649 1238 2699 fa-

194 2724 695 2783 mnnaetVenetaeditt.habentludex
738 2745 808 2778 mum
832 2726 979 2798 laudesque
1005 2726 1133 2795 benignus
1160 2723 1240 2777 lndex

194 2825 270 2866 ουτω·
283 2820 309 2858 et
320 2809 354 2857 ita
366 2809 429 2856 citat
438 2807 557 2857 Heinsius
570 2805 603 2856 ed
617 2805 692 2858 Ouid.
739 2825 804 2858 eura
824 2807 926 2871 Deum,
947 2805 1075 2876 nulloque
1096 2824 1110 2855 e
1130 2803 1239 2857 vulnere

193 2888 263 2938 Fest.
277 2887 322 2950 IV,
336 2886 401 2953 39&
416 2898 502 2944 recte,
517 2885 626 2936 Ovidius
640 2885 692 2937 ibi:
736 2887 823 2938 tristes
847 2888 1026 2948 Concessit3·
1052 2884 1152 2936 «ludex
1175 2903 1238 2936 cure

196 2966 363 3018 alliceretis
375 2964 445 3017 ludi:
458 2979 562 3016 nonest
575 2984 642 3037 opus
655 2967 694 3016 in·
737 2966 962 3018 Deumeoneessit
973 2964 1020 3016 tibi
1030 2965 1126 3016 famam
1135 2961 1238 3015 laudes-

193 3041 251 3096 dice
259 3062 336 3096 cause
346 3064 353 3105 ς
364 3067 375 3090 n
389 3043 434 3096 ubi
444 3041 526 3094 habes
536 3045 598 3096 setis
610 3062 693 3096 exem·
738 3043 937 3113 quebenignus‚
947 3058 973 3096 et
983 3045 1068 3095 tristes
1078 3042 1152 3094 nullo
1162 3041 1238 3094 evul-

192 3122 297 3192 plorum
316 3122 351 3174 ab
369 3124 477 3176 Heinsio
497 3137 690 3192 congestorum.
737 3139 829 3172 nere.»
847 3121 917 3173 Nihil
935 3121 1079 3193 simplicius
1094 3133 1140 3172 eut
1153 3123 1239 3174 usite-

192 3202 230 3251 lta
240 3202 319 3251 etism
329 3203 482 3252 Parmensis.
491 3201 592 3256 Deinde
602 3205 691 3254 neseio
736 3201 795 3250 tius.
807 3230 842 3238 -
853 3198 919 3251 Cod.
932 3201 1012 3252 Paris.
1026 3199 1089 3251 edit.
1102 3219 1145 3271 pr.
1154 3200 1237 3252 Iudex

193 3297 271 3350 quam
280 3283 508 3350 transpositionem
515 3279 692 3334 hemistichio—
736 3297 796 3332 σιω
810 3281 915 3330 deum..
930 3281 1035 3332 tristem.
1053 3279 1086 3330 A.

192 3376 251 3408 rutn
269 3359 296 3408 in
313 3357 417 3411 duobus
431 3359 472 3412 his
488 3359 605 3412 uersibus
619 3359 692 3430 fingit
773 3359 831 3428 257.
851 3360 915 3410 Leti.
931 3358 997 3410 Cod.
1010 3361 1069 3409 Per.
1082 3371 1108 3410 et
1120 3357 1184 3410 edit.
1196 3379 1236 3430 pr.

191 3437 353 3503 Gronovius,
371 3440 453 3490 Diatr.
466 3459 488 3490 c.
508 3439 554 3507 59,
572 3437 604 3490 ad
619 3438 690 3492 hune
735 3435 796 3488 loeti.
809 3439 840 3488 A.
850 3465 886 3476 -
895 3437 1007 3502 Caetera,
1016 3455 1101 3506 usque
1113 3435 1147 3488 ad
1158 3436 1237 3488 linem

191 3513 315 3569 modum:
329 3519 396 3568 «llis
408 3517 454 3568 tibi
464 3536 512 3587 pro
523 3519 620 3568 metitis
631 3517 690 3568 nul·
735 3515 879 3581 Silvarum,
898 3513 993 3568 desunt
1011 3517 1039 3566 in
1057 3518 1160 3587 optimo
1175 3515 1237 3568 cod.

189 3593 271 3664 loque
281 3613 295 3646 e
305 3593 412 3646 vulnere
426 3599 525 3646 tristem
534 3593 614 3646 ludex
626 3613 690 3648 eura
734 3595 807 3657 Per.;
817 3596 949 3647 variantes
958 3597 1037 3664 igitur
1045 3595 1175 3647 lectiones
1182 3613 1238 3648 uns

189 3675 275 3724 Deum
290 3675 387 3724 fumum
402 3672 545 3742 laudesque
562 3672 689 3742 benignas
733 3673 839 3726 domurn
852 3674 894 3726 ed.
907 3695 947 3746 pr.
961 3674 1148 3746 suppeditnbit.
1167 3679 1200 3727 Δ.

189 3753 334 3805 concessit.
343 3775 354 3797 n
362 3751 504 3822 Atquihaec
512 3767 565 3803 non
573 3765 690 3806 osteum·
770 3755 829 3806 258.
848 3755 898 3804 Pro
908 3755 976 3820 tabe,
988 3754 1065 3825 vulgo
1075 3753 1146 3818 lnbe5
1156 3757 1236 3807 etiem

188 3833 286 3902 positio
299 3830 429 3890 Statiana3
444 3849 493 3880 nec
507 3841 561 3880 tum
575 3847 688 3900 operose
734 3831 805 3902 apud
820 3830 861 3884 ed.
876 3849 917 3903 pr.
934 3832 998 3886 Vide
1012 3845 1068 3884 not.
1087 3833 1120 3884 A.
1135 3863 1171 3873 -
1185 3835 1235 3884 Pro

190 3909 319 3963 medicina
331 3906 430 3976 indiget
442 3904 485 3956 hie
502 3905 584 3958 loeus.
596 3909 687 3961 Virum
731 3912 827 3980 eequis,
840 3912 923 3964 Pann.
935 3930 1029 3986 seques.
1040 3942 1076 3954 -
1085 3913 1134 3966 ud.
1147 3914 1232 3984 princ.

189 4004 318 4040 summum
337 3987 439 4039 induxit
457 3988 484 4038 in
503 4004 619 4040 errorem
638 4007 687 4042 vex
731 3989 820 4062 sepitis.
839 3988 870 4041 A.
