2776 4484
392 299 519 362 sinui
545 300 685 364 ruini
710 301 960 367 situation.
1131 312 1192 376 ιιι
1233 289 1238 300 ’

155 427 326 498 depravatam
338 439 422 498 puto,
435 440 465 479 ut
478 426 511 478 da
525 445 556 478 ea
569 426 633 480 nibil
646 426 783 499 probabile
796 426 909 482 habeam
923 430 1023 498 dicere,
1037 433 1086 486 nisi
1100 436 1149 488 sub
1164 456 1193 490 ea

153 506 235 560 latere
247 505 389 577 epitheton
402 506 445 558 cni
457 504 548 560 colore.
563 505 660 559 'l'oturn
674 507 762 559 locum
776 511 813 560 sic
827 509 901 561 soleo
914 510 1014 582 legere:

339 603 457 666 Quicquid
466 615 489 650 ct
497 617 594 666 argento
604 582 710 662 Mentor,
721 605 756 651 rel
765 607 790 650 in
799 623 844 652 acre
854 607 971 672 Myronis,

339 678 447 724 Zeuxidis
455 679 567 724 autcario
576 693 659 724 manus
667 691 703 726 est
711 691 805 741 experta
814 678 902 726 colore.

154 769 193 820 De
206 767 330 819 zeuxidis
342 780 390 820 aut
401 769 506 819 minime
519 765 628 819 dubito:
643 770 715 819 vario
727 780 767 820 est
780 787 811 820 ex
824 788 896 822 mera
909 773 1059 842 conjectura
1073 777 1128 827 sine
1139 776 1195 830 lite·

155 865 242 899 rarum
261 846 439 911 adminiculo;
458 848 546 898 sensui
565 859 652 898 tamen
670 847 833 918 aptissimum
848 848 993 921 epitheton.
1006 881 1043 892 -
1059 855 1195 927 Nusquam

154 927 325 981 hinrhlandus
336 928 442 999 longior
453 929 516 995 tuit,
529 945 609 998 quam
621 926 654 978 ad
666 926 738 979 hunc
750 927 853 994 locum,
865 929 912 982 sed
923 933 1051 1001 speciosis
1063 952 1198 1006 urgarmen-

154 1010 187 1060 tis
197 1007 338 1074 adhibitis,
350 1025 399 1078 per
410 1006 502 1058 falsam
513 1008 742 1058 ratiocinationem
752 1006 786 1058 ad
798 1011 941 1061 sententias
953 1010 1083 1080 decurrit,
1096 1033 1154 1085 que
1164 1033 1197 1068 ne

155 1088 212 1140 aliis
222 1107 305 1141 notas
315 1089 478 1158 suspiciones
488 1088 621 1155 injiciant,
631 1099 754 1138 accurate
764 1089 832 1157 exigi
841 1087 954 1152 debent;
964 1109 1027 1143 nam
1036 1093 1128 1160 verba,
1141 1114 1197 1168 qun

69 1159 72 1168 ¹
154 1168 235 1238 vulgo
246 1181 274 1219 et
286 1169 315 1218 in
329 1167 442 1235 antiquis
454 1164 527 1215 libris
540 1163 673 1234 leguntur,
685 1163 758 1214 nullo
770 1163 851 1215 modo
864 1165 999 1234 laborare,
1011 1169 1076 1223 mihi
1091 1174 1197 1246 quidem

155 1265 310 1318 persuasum
328 1244 424 1297 habeo.
439 1243 575 1310 Primum,
595 1241 667 1314 quod
680 1244 803 1296 Heinsius
817 1244 941 1316 explicuit
958 1267 1007 1320 per
1021 1253 1196 1325 precipuum,

156 1328 207 1380 hoc
221 1346 300 1380 sensu
314 1323 477 1396 superfluum
487 1325 529 1374 vix
541 1324 604 1374 ferri
614 1335 716 1393 potest,
733 1341 893 1395 quamquam
909 1326 1053 1398 elegantius
1070 1333 1199 1386 referetur

155 1408 188 1460 ad
199 1411 288 1479 ipsum
301 1405 441 1468 artificem,
456 1416 484 1454 ut
493 1402 633 1468 scribatur,
642 1402 758 1472 primi...
771 1405 891 1475 Myronis
902 1425 933 1458 ex
945 1409 1063 1478 ejusdem
1074 1414 1122 1465 viri
1133 1433 1199 1466 cou-

152 1491 264 1558 jectura.
277 1487 320 1538 Sic
331 1484 481 1555 Propertius
493 1483 518 1547 l,
531 1497 556 1550 7,
570 1483 599 1546 3,
610 1481 696 1551 primo
707 1485 839 1535 contendis
849 1485 977 1552 Homero,
990 1489 1063 1559 quod
1075 1490 1118 1543 alii
1130 1493 1198 1546 male

155 1567 188 1620 de
198 1568 357 1640 antiquitate
369 1562 563 1615 intellexerunt.
573 1563 649 1612 Tunc
662 1575 749 1613 autem
761 1567 883 1633 proximo
895 1563 956 1617 loco
966 1571 1143 1638 requireretur
1155 1593 1200 1624 no·

156 1667 216 1702 rnen
228 1649 377 1720 proprium.
390 1647 480 1713 Quare
493 1644 616 1696 lieinsius
627 1642 710 1695 voluit
722 1655 767 1693 aut
778 1655 885 1716 arqetrto
896 1647 977 1716 primi
990 1649 1081 1719 Myos,
1095 1665 1125 1703 ut
1137 1652 1201 1706 alibi

153 1730 254 1801 primus
269 1728 297 1778 in
309 1737 376 1790 orte,
388 1737 434 1776 cut
442 1723 521 1794 prisci
531 1723 624 1792 Myos,
636 1735 667 1773 ut
677 1723 745 1773 infra
756 1723 800 1787 lv,
812 1722 844 1789 6,
857 1741 906 1793 29,
917 1734 988 1776 vetus
994 1725 1106 1796 Apelles.
1118 1730 1201 1802 Atqui

153 1809 230 1880 Myro
243 1809 380 1860 invenerat
393 1801 489 1855 multas
503 1821 586 1855 novas
604 1802 719 1866 formos,
737 1800 945 1875 exhibueratque
961 1803 1072 1857 athletas
1087 1821 1113 1859 et
1126 1808 1199 1862 illum

153 1887 354 1941 celeberrimum
367 1881 548 1950 discobolum,
562 1885 589 1934 in
604 1901 658 1955 quo
672 1875 827 1950 Quintilian.
842 1885 879 1948 ll,
894 1885 939 1949 13,
956 1901 1000 1936 10:
1019 1885 1199 1942 alaudabilem

153 1969 297 2018 novitatem
312 1977 338 2016 ct
355 1961 573 2027 difficulatem,-
593 1959 727 2032 praedicat.
743 1961 833 2028 Quare
852 1964 908 2031 ejus
927 1979 1007 2034 opera
1026 1978 1097 2017 recte
1110 1971 1200 2024 vocari

152 2057 278 2114 poterant
289 2043 386 2116 primo.
401 2043 468 2109 Quia
481 2059 544 2093 vero
555 2039 685 2109 intelligat
699 2037 796 2091 «rudia
811 2053 836 2092 et
848 2041 1000 2110 imperfecta
1016 2047 1196 2098 tentamina?-

153 2125 285 2194 Vopiscus
300 2121 389 2173 villam
402 2138 478 2172 suam
492 2120 605 2190 antiquis
622 2120 685 2171 artis
698 2120 875 2171 monumentis
888 2118 1036 2189 decoravit,
1049 2140 1137 2194 neque
1151 2125 1200 2176 ab·

154 2203 235 2258 surda
248 2201 339 2270 laude,
351 2215 381 2253 ut
392 2199 548 2254 Marklando
560 2200 708 2267 videbatur,
722 2199 819 2253 Statius
831 2219 890 2252 eum
905 2202 1030 2254 cumulat.
1043 2203 1124 2272 Quod
1137 2225 1199 2257 vero

152 2283 401 2337 Marklandovisum
409 2295 462 2346 est,
471 2281 572 2334 nullum
581 2281 668 2334 locum
676 2283 756 2334 fuisse
765 2281 916 2335 enormibus
924 2283 1035 2337 colossis
1042 2285 1200 2354 intraaedea,

153 2365 202 2418 sed
218 2368 335 2438 picturas
348 2363 509 2428 desiderari,
523 2365 550 2414 in
567 2366 725 2416 contrariam
739 2365 896 2416 sententiam
910 2378 1012 2417 vertere
1025 2363 1103 2433 licet,
1117 2385 1199 2438 quum

153 2449 316 2516 picturarum
329 2443 428 2495 mentio
441 2441 474 2493 ab
487 2440 536 2493 hac
548 2441 732 2513 descriptionis
743 2455 819 2513 parte
831 2461 939 2513 prorsus
952 2442 1102 2496 abhorreat.
1115 2447 1201 2498 Error·

153 2545 205 2578 mes
220 2523 311 2578 colossi
324 2533 499 2594 opponuntur
513 2521 637 2592 operibus
651 2519 812 2590 minoribus,
827 2541 885 2593 quse
901 2524 998 2595 Myron
1014 2524 1041 2574 in
1057 2543 1106 2576 tere
1123 2524 1201 2590 lusit,

153 2607 230 2658 sicuti
243 2603 388 2680 inqentibtu
399 2600 512 2668 colossis,
525 2601 571 2669 lV,
583 2600 614 2666 6,
627 2602 675 2669 45,
687 2619 765 2672 parva
776 2602 920 2674 qestomina
930 2620 1032 2654 mensa.
1044 2601 1104 2654 vid.
1118 2602 1151 2654 ad
1163 2606 1201 2669 ll,
1247 2630 1250 2641 ‹

158 2701 182 2751 r,
196 2685 256 2736 131.
265 2685 323 2736 Nec
334 2697 420 2735 tamen
432 2681 497 2733 tales
509 2679 627 2734 colossos
639 2681 784 2751 intelligas,
797 2681 888 2754 quales
898 2695 973 2734 erant
984 2680 1103 2734 llhodius
1115 2698 1141 2735 et
1150 2683 1200 2735 Τι-

156 2765 292 2828 rentinus,
305 2763 349 2816 aed
360 2777 457 2816 statuas
470 2761 612 2814 humanam
626 2779 776 2814 mensuram
788 2760 959 2827 excedentes,
974 2780 1040 2833 quas
1053 2763 1150 2815 multas
1161 2765 1201 2816 fe·

157 2857 232 2896 cerat
245 2843 336 2916 Myrm
351 2845 502 2897 nemetiam
516 2842 567 2896 hac
580 2862 608 2894 re
623 2841 764 2894 fallebatur
776 2839 960 2906 Marklandus,
977 2841 1023 2913 qui
1039 2840 1068 2892 id
1081 2857 1198 2912 negaret.

156 2922 277 2976 Verbum
290 2919 374 2975 dudm
384 2924 485 2976 nullum
497 2941 566 2975 curte
577 2921 749 2993 diligentiusve
761 2920 894 2973 defectum
906 2919 1020 2986 indicat,
1032 2919 1079 2972 sed
1090 2921 1123 2972 de
1136 2939 1199 2992 qua·

153 3021 261 3076 cunque
277 3007 339 3057 artis
352 3005 537 3057 exercitatione
551 3003 663 3068 dicitur;
679 3001 789 3074 experiri
806 3019 867 3052 vero
881 3019 913 3052 eo
928 3017 1022 3065 sensu,
1037 3017 1090 3071 quo
1106 3001 1201 3052 cudere

152 3101 233 3157 supra
244 3103 327 3137 carm.
339 3087 364 3150 l,
378 3083 427 3147 85,
440 3083 474 3136 de
486 3083 583 3136 artifice
594 3083 702 3154 proprie
715 3093 871 3151 usurpatur,
884 3096 1044 3152 quamquam
1055 3077 1083 3129 id
1095 3092 1200 3151 praeter·

152 3179 215 3216 eunt
229 3165 417 3236 lexicographi.
432 3165 474 3218 Sic
489 3166 567 3216 etiam
581 3162 693 3235 experiri
706 3163 835 3227 cannino,
849 3159 939 3229 Virgil.
955 3157 1046 3230 Eclog.
1059 3159 1092 3227 V,
1111 3159 1155 3227 15,
1173 3176 1199 3214 et

150 3242 212 3297 hinc
225 3247 338 3310 Statius,
351 3246 398 3310 IV,
410 3245 441 3311 6,
453 3245 503 3312 dds
521 3244 704 3316 rexperientia
716 3242 788 3294 docti
800 3238 936 3292 artificis.»
952 3241 1085 3307 Quocirca
1096 3259 1130 3294 ne
1143 3240 1198 3295 haec

152 3323 256 3394 quidem
272 3323 423 3378 emendatio
437 3325 551 3378 lleinsii:
570 3324 694 3376 senormi
709 3339 802 3376 munus
814 3319 948 3391 explorata
960 3318 1078 3388 colosso,
1088 3345 1100 3368 a
1117 3339 1197 3394 quens

150 3402 264 3457 Grrevius
273 3405 410 3477 probavit,
420 3406 567 3456 necessaria
579 3405 637 3456 luit.
647 3403 757 3456 Comma
766 3402 859 3472 posui,
872 3414 901 3454 ut
911 3398 1056 3468 debebam,
1067 3416 1127 3473 post
1137 3420 1196 3454 voc.

149 3499 274 3554 quantos,
286 3486 443 3538 continuata
455 3485 583 3536 oratione.
602 3485 684 3535 Hann.

186 3617 228 3672 53.
246 3620 301 3673 Nec
318 3619 421 3692 opinus.
437 3619 538 3670 Vocem
554 3637 601 3671 nec
617 3619 710 3690 opinus
727 3615 824 3670 Statius
839 3617 933 3688 saepius
946 3609 1081 3690 usurpavit
1094 3637 1143 3688 pro
1159 3629 1196 3669 tc-

148 3716 229 3764 mm,
241 3715 286 3753 aut
296 3699 461 3775 imprudens,
472 3711 517 3751 aut
527 3699 698 3772 improvidus3
709 3698 755 3752 sed
765 3697 817 3750 hoc
827 3697 887 3751 loco
897 3715 954 3748 eam
964 3697 1016 3750 viru
1027 3700 1053 3748 in
1064 3696 1196 3762 sehabet,

148 3792 178 3830 ut
195 3797 308 3833 errorem
325 3795 422 3854 postca
439 3779 600 3833 intellectum
619 3778 755 3850 significet.
772 3779 813 3830 Ne
828 3779 908 3849 igitur
922 3779 980 3848 quis
994 3790 1077 3830 mutet
1090 3795 1152 3828 nant
1168 3779 1195 3828 in

144 3861 209 3928 iam.
228 3861 309 3912 litun.

181 4001 225 4054 56.
243 4003 370 4076 Superare
383 4004 459 4058 novis
471 4015 571 4057 mroto
582 4001 685 4078 fiquris.
703 4003 905 4071 sSuheruntque
919 4001 996 4051 novis
1009 4009 1113 4049 asarota
1127 3994 1194 4064 figu—
1258 4025 1265 4036 ι

239 4093 267 4160 I.
1035 4087 1054 4148 8
