2784 4484
188 299 289 364 xxxiv
567 295 857 360 MARKLANDI

188 428 255 482 bent
268 443 351 502 ῳιιιω
363 421 479 478 aliorum
491 421 649 494 neptim.
664 425 697 478 Et
708 423 738 476 in
749 423 929 490 universum,
940 420 994 478 hoc
1006 427 1086 498 quasi
1096 443 1129 480 ex
1139 427 1234 486 Phoebi

188 519 296 597 tripode
307 516 431 572 effatum
451 533 528 572 sume
543 539 549 568 :
568 519 717 591 Nunquam
730 516 901 570 interituram
915 533 974 571 esse
990 534 1083 572 verm
1098 519 1235 576 Eruditio-

119 597 122 604 ⁵
188 630 267 675 nem,
283 610 372 665 donec
387 609 518 664 Gronovii
532 611 622 682 Opera
637 605 769 684 legentur.
859 660 864 668 ,

225 817 260 866 At
273 807 459 887 periculosum
473 818 531 864 emt
543 827 559 862 a
572 816 650 863 tanto
663 811 723 863 viro
737 807 888 862 dissentire.
902 812 964 863 Erat
978 808 1109 885 quidem:
1125 811 1191 880 sed,
1205 828 1234 869 ut

188 917 269 983 puto,
284 905 382 960 ducem
396 906 531 960 rationem
545 901 694 978 sequebar;
708 907 788 978 cujus
805 896 862 970 rei,
880 914 927 972 tu,
945 907 1050 974 lector,
1068 908 1235 962 constitutus

188 1019 216 1056 es
231 997 324 1075 judex.
341 1003 375 1054 Et
390 996 458 1073 quid
476 995 612 1052 facerem?
628 997 714 1066 Hinc,
730 1006 763 1050 ut
775 995 844 1050 mibi
861 994 1016 1066 videbatur,
1034 1000 1107 1052 stetit
1119 1000 1234 1064 veritas;

188 1091 277 1164 illinc,
288 1093 458 1148 Gronovius:
469 1108 541 1146 anne
553 1088 674 1144 difficilis
686 1088 798 1144 electio?
809 1092 948 1144 Gronovio
960 1101 1046 1160 certe,
1057 1094 1236 1167 quiantumvis

187 1205 306 1261 magno,
322 1189 410 1260 major
425 1185 533 1238 veritas.
552 1186 608 1237 Nec
623 1184 744 1258 cuipiam
760 1201 883 1259 unquam
899 1182 992 1237 fraudi
1007 1182 1089 1239 fuito
1103 1187 1235 1260 quopiam

187 1298 252 1334 enm
265 1281 371 1334 ratione
383 1277 561 1342 dissensisse3
575 1278 728 1353 presertim
740 1278 768 1330 in
781 1276 824 1332 his
837 1276 949 1344 studiis;
966 1279 994 1332 in
1011 1277 1111 1354 quibus
1125 1297 1181 1332 non
1199 1279 1234 1334 ad

187 1369 336 1426 formulam
345 1371 533 1445 astringimur,
546 1381 573 1423 et
584 1369 657 1424 idem
667 1372 712 1444 jus
724 1381 765 1424 est
773 1372 872 1426 Maeuio
885 1369 960 1446 qnod
969 1372 1056 1425 Titio:
1070 1369 1141 1425 obsit
1150 1369 1235 1425 modo

186 1461 259 1520 livor
268 1475 295 1518 et
306 1461 469 1538 petulantia,
481 1481 603 1538 quorum
614 1481 709 1517 causas
720 1462 818 1538 procul
830 1462 927 1518 habeo.
938 1465 1026 1518 Etiam
1036 1463 1141 1552 abipso
1152 1465 1236 1518 Hein-

187 1558 229 1612 sio
241 1558 390 1632 saepissime
402 1558 430 1610 io
442 1555 495 1610 hoc
506 1574 591 1631 opere
603 1555 750 1612 dissentio:
745 1563 815 1633 ·nec'
826 1568 919 1614 tamen
929 1567 1072 1671 propterea
1083 1555 1128 1612 rel
1140 1555 1174 1611 de
1186 1555 1235 1612 illo

187 1650 284 1724 pejus,
296 1647 340 1705 rel
352 1648 387 1706 de
399 1649 506 1725 meipso
518 1647 615 1704 melios
627 1651 792 1704 existimo:

224 1837 311 1893 Moles
320 1837 403 1913 hujus
412 1837 563 1893 voluminis
573 1839 693 1909 obstitit,
702 1857 758 1915 quo
770 1842 861 1895 minus
873 1839 983 1894 oderem
992 1837 1154 1914 praeclaram
1164 1837 1235 1893 hanc

187 1931 319 1984 Gronovii
340 1928 482 1984 Distriben
500 1932 595 2005 (cujus
616 1928 779 2006 exemplario
797 1935 855 2005 jam
873 1933 978 1985 rariora
997 1932 1088 2002 sunt),
1110 1943 1136 1984 et
1154 1928 1235 1985 simul

187 2021 348 2096 Papinianas
367 2022 510 2077 Lectiones
530 2023 591 2076 Jani
608 2023 730 2098 Casperii
748 2023 886 2090 Gevartii,
907 2020 1087 2076 cultissimum
1106 2039 1193 2096 opus,
1210 2035 1237 2076 et

187 2111 308 2167 Eruditis
322 2111 391 2168 benc
405 2123 524 2168 notnms
540 2124 568 2168 et
580 2112 643 2168 licet
655 2116 799 2168 Gevartius
816 2115 845 2168 in
859 2131 890 2168 rc
902 2113 997 2168 critica
1014 2111 1083 2167 nihil
1100 2112 1185 2167 fuerit
1200 2112 1235 2168 ad

188 2206 375 2274 Gronovium,
390 2203 504 2278 feliciter
515 2217 608 2262 tamen
620 2210 650 2262 in
664 2207 717 2264 hoc
729 2227 811 2284 opens
822 2219 945 2263 versatus
957 2218 1013 2276 cst,
1029 2219 1056 2261 et
1067 2208 1181 2262 Statium
1196 2205 1237 2262 lu·

187 2297 310 2354 colenter
322 2298 484 2374 explicavit,
497 2311 524 2356 et
537 2319 594 2356 non
608 2319 672 2356 raro
686 2297 863 2356 emendavit:
882 2313 913 2356 ut
929 2299 1045 2376 proinde
1060 2298 1177 2355 multum
1195 2298 1235 2354 illi

187 2389 304 2446 debeant
317 2394 470 2468 Papiniano
482 2395 586 2449 Literae.
599 2393 703 2448 Borthii
716 2392 959 2464 Editienemfitstii
969 2393 1095 2450 nondum
1106 2391 1179 2448 vidi:
1193 2411 1234 2447 se·

188 2495 265 2559 ptem
274 2495 366 2543 minen
375 2483 418 2539 vel
428 2498 490 2542 octo
499 2485 704 2542 emendationes
714 2488 790 2563 (que
801 2489 828 2540 in
841 2485 913 2541 Edit.
924 2489 1029 2542 varior.
1040 2485 1235 2557 occurrebant)

187 2596 287 2654 parvas
301 2578 431 2654 quidem,
445 2580 492 2635 sed
505 2580 688 2651 indubitatas,
700 2562 808 2635 admisi.
823 2583 995 2651 Bernartius,
1008 2579 1155 2651 Metellus,
1168 2585 1238 2636 Cru-

188 2690 267 2740 oeus,
279 2671 416 2749 quidquid
429 2673 607 2744 contulerint,
619 2677 676 2732 suis
688 2673 755 2731 locis
767 2677 973 2732 memorabitur.
986 2678 1019 2732 ui
1031 2695 1125 2732 omnes
1137 2678 1179 2749 (et
1190 2674 1236 2730 alii

115 2775 118 2783 '
187 2762 310 2840 aliquot)
326 2765 473 2822 ediderunt
487 2767 536 2823 has
550 2767 653 2844 Sylvas.
669 2773 754 2824 Janus
770 2770 930 2827 Parrhasius
944 2771 1087 2844 (monente
1097 2768 1236 2842 Barthio),

188 2861 346 2932 Argument.
358 2857 461 2916 Praefat.
472 2859 559 2918 inlib.
569 2866 589 2916 1.
601 2860 744 2918 Claudiani
754 2861 790 2918 de
799 2869 888 2939 Raptn
898 2865 1080 2940 Proserpina,
1091 2859 1236 2937 pollicetur

188 2954 389 3010 Commentario
406 2955 434 3008 in
453 2952 562 3030 Sylvas;
581 2953 657 3030 quod
673 2955 786 3012 etfacit
805 2945 954 3014 politianus
973 2959 1057 3033 Epist.
1075 2960 1126 3021 Vl,
1149 2973 1173 3021 ι,
1188 2953 1236 3008 ubi

188 3045 270 3099 etiam
279 3057 394 3103 testetur
403 3066 431 3103 se
440 3046 550 3124 publice
562 3046 718 3124 praelegisse
728 3049 779 3104 hos
790 3050 895 3105 Libros.
906 3055 961 3104 Jos.
972 3047 1097 3121 Scaliger.
1108 3047 1246 3120 Castigat.⁴

189 3136 218 3192 iu
232 3142 365 3213 Propertii
382 3139 429 3195 lib.
445 3146 485 3211 ll,
503 3161 565 3218 pag,
586 3142 654 3210 185,
669 3141 739 3197 Edit
754 3143 886 3197 Patisson.
904 3151 1036 3196 memorat
1055 3157 1084 3193 se
1098 3157 1238 3221 enarrasse

189 3237 261 3284 totos
274 3232 398 3306 quinque
410 3231 496 3288 libros
507 3234 650 3310 Sylvsmm
661 3235 800 3290 Ludevioo
811 3239 968 3302 Canonaeo,
979 3234 1072 3308 Equiti
1082 3221 1174 3306 Regio.
1185 3232 1236 3288 Sed

150 3333 155 3345 “
188 3321 318 3394 privatae,
334 3324 444 3397 opinor,
460 3323 503 3380 lise
518 3324 662 3400 Scaligeri,
678 3344 735 3379 noo
752 3322 884 3400 publice,
900 3338 947 3380 aut
962 3325 1070 3400 scriptis
1084 3324 1237 3378 commissa·

189 3408 389 3479 praelectione
400 3413 475 3489 quod
485 3427 576 3470 tamen
587 3417 701 3470 innuere
710 3416 820 3472 videtur
828 3417 963 3472 Barthins.
974 3415 1027 3471 Alii
1037 3433 1148 3491 quoque
1158 3413 1237 3468 multi

190 3502 279 3562 lucem
293 3519 320 3562 et
334 3510 477 3566 sanitatem
491 3509 558 3565 huic
569 3508 709 3587 Opusculo
724 3511 813 3567 obiter
824 3511 1014 3568 contulerunt:
1030 3525 1061 3566 ut
1072 3529 1139 3566 sane
1152 3508 1237 3565 dubi-

190 3606 258 3666 tcm,
273 3617 308 3654 an
319 3601 490 3658 interemois
503 3605 687 3680 Antiqnorum
696 3607 799 3682 Scripta
809 3603 881 3661 ullus
893 3607 927 3659 sit
937 3602 1058 3672 libellus,
1072 3606 1120 3680 qui
1130 3614 1171 3658 tot
1181 3622 1237 3658 mo·

190 3687 264 3744 dicas
279 3711 375 3748 menos
392 3707 517 3770 expertus
532 3699 579 3761 sit;
596 3698 700 3773 quippe
714 3699 744 3753 in
758 3702 893 3755 Contextu
909 3697 991 3773 hujus
1003 3696 1136 3751 Editionis
1151 3693 1248 3750 habes

192 3785 353 3842 certissimas
366 3788 576 3846 Emendationes
588 3792 711 3858 virorum
723 3791 757 3847 ad
769 3793 916 3847 minimum
929 3789 1107 3868 quadraginta
1121 3791 1148 3869 in
1164 3807 1193 3844 re
1206 3786 1236 3840 li-

191 3880 287 3934 teraria
307 3881 472 3956 Principum.
492 3889 549 3940 Nec
566 3897 677 3953 tamen,
697 3898 728 3940 ut
746 3885 813 3941 mihi
834 3885 950 3954 videtur,
969 3885 1112 3941 dimidiam
1131 3892 1235 3958 portem
