2850 4488
393 307 524 372 blBRl
548 309 733 391 QUARTl
757 311 1009 380 SlLVdRUM.
1154 320 1220 410 495

180 443 267 502 tanto,
284 435 334 486 nisi
346 433 419 506 qnod
431 453 482 488 vox
494 445 597 487 unbem
609 438 729 510 sequitur
743 455 821 492 versu
832 440 963 509 proximo.
975 442 1122 514 Dispicisnt
1135 451 1223 516 acuti,

181 511 244 584 qnid
257 513 441 584 reponendum
456 517 489 568 sit
505 531 556 585 pro
568 532 680 589 mopn05
692 517 728 569 ibi
740 519 809 570 enim
821 519 886 572 lstct
895 517 1056 594 depravatio.
1069 525 1135 579 Toto
1146 530 1223 581 nimis

179 591 258 663 longe
268 591 367 646 recedit
376 613 392 647 a
401 593 522 666 vulgum
534 597 645 669 propius
654 610 694 650 est
704 610 730 650 et
739 616 798 652 meo
806 599 908 671 jndicio
918 602 1017 668 verine,
1028 603 1182 678 elongoqne
1192 626 1223 660 ex

178 673 282 742 opmim
295 672 413 727 landum.
424 698 436 722 ι
450 677 534 728 Tacit.
548 675 644 729 Annal.
657 679 696 746 ll,
710 678 813 733 siessas
828 680 926 734 Gallias
941 683 1119 738 ministrandis
1133 689 1221 759 equis:

177 751 287 822 longum
298 751 516 826 impedimentum
527 774 636 828 agmen,
648 771 830 831 opportunum
842 759 877 812 sd
888 760 1014 830 insidias,
1025 763 1223 819 defensantibus

178 832 330 904 iniquum·
349 834 555 907 occupationum
566 855 661 913 opmeo
676 838 748 910 spnd
760 840 890 907 Plinium,
906 843 988 915 Epist.
1006 844 1043 912 ll,
1059 849 1085 900 8.
1098 845 1224 914 Ovidius,

178 909 241 963 Mer.
255 913 315 979 Vll,
329 914 398 983 624:

363 1021 407 1069 nic
416 1039 459 1071 nos
468 1023 592 1088 frugilegas
601 1025 761 1088 adspeximus,
772 1027 862 1090 agmine
871 1023 954 1090 longo,

365 1091 458 1141 Grande
468 1109 528 1143 onus
537 1097 620 1158 exigno
629 1095 737 1144 formicas
746 1112 788 1144 ore
798 1107 913 1160 gerentes.

178 1186 380 1242 Commntsntur
391 1190 432 1244 ho
444 1211 521 1246 voces
533 1195 603 1267 apud
617 1193 752 1263 cumdem,
766 1196 831 1249 Met.
843 1195 912 1262 XIV,
924 1193 991 1263 808,
1005 1197 1051 1255 ubi
1061 1217 1112 1272 pro
1119 1199 1223 1272 fienda·

178 1266 249 1319 mine
262 1285 373 1342 mcpno,
386 1270 441 1324 dno
454 1271 516 1326 libri
528 1271 631 1327 hebent
644 1275 731 1349 lonpo.

146 1428 149 1436 ¹
215 1455 256 1508 7⁰·
275 1439 412 1494 Exusscsse
426 1443 584 1515 triumphos,
599 1443 626 1496 id
640 1457 694 1511 est,
707 1445 853 1519 deprecari,
872 1445 975 1498 versiam
990 1453 1077 1516 petere
1090 1443 1126 1496 ob
1141 1446 1223 1498 victo·

176 1521 244 1570 riem
255 1519 424 1586 Thebanam
437 1526 497 1596 qnia
507 1525 634 1577 Hercules
645 1525 789 1578 'Ihebsnns
801 1526 860 1578 luit.
873 1527 948 1577 Hanc
959 1524 1068 1597 phrasin
1080 1527 1157 1579 unice
1166 1526 1224 1580 illu·

177 1609 240 1649 strnt
251 1599 328 1654 ovid.
342 1599 452 1655 Heroid.
466 1605 505 1668 ll,
523 1620 567 1675 77,
582 1602 629 1654 ubi
645 1602 743 1676 Phyllis
755 1601 957 1676 Demophoonti
970 1602 1048 1671 dicit,
1065 1603 1167 1670 «Quod
1181 1623 1223 1657 so-

175 1673 230 1728 lum
249 1693 371 1748 excuset,
386 1679 472 1733 solnm
487 1682 591 1734 miraris
605 1684 632 1732 in
648 1681 731 1746 illo„
749 1680 822 1756 quod
837 1681 921 1733 solum
938 1694 1014 1752 peter
1029 1695 1091 1734 tuns
1104 1682 1223 1737 'Ihesetts

177 1754 308 1830 culpabile
319 1757 407 1826 ducit,
420 1774 446 1812 ct
460 1760 496 1812 ob
511 1761 583 1833 qnod
595 1762 698 1813 veniam
709 1763 775 1834 petit
786 1759 839 1832 (sc.
854 1760 1025 1834 perfidiam),
1038 1775 1068 1814 tn
1081 1765 1184 1815 mireris
1196 1775 1223 1816 et

175 1833 293 1890 imiteris.
314 1869 351 1878 —
370 1837 461 1892 ferme
481 1837 616 1892 Thebanos
636 1851 738 1892 mutum
756 1857 886 1892 excusasse
903 1839 1054 1910 triumphos.
1073 1839 1223 1894 Alexander

175 1911 287 1988 Magnus
297 1917 400 1970 reniam
411 1916 447 1970 eh
458 1915 572 1970 Hercule
583 1917 674 1990 petiit,
686 1916 721 1970 ob
735 1929 827 1992 captus
839 1929 866 1969 et
879 1933 984 1970 eversos
997 1911 1102 1971 'lhebss
1116 1915 1223 1972 titul·

144 2041 153 2051 .
175 2005 236 2054 teor,
247 1993 344 2068 quibus
354 1995 484 2051 oriundus
494 2010 550 2052 erat
558 1995 647 2064 beros,
656 2016 799 2071 earumque
807 1996 958 2069 presidium
968 2009 995 2049 ct
1003 1995 1093 2051 decus.
1101 2001 1220 2054 Monte.

212 2151 254 2222 75.
274 2155 340 2210 Mox
350 2157 558 2226 Nasamoniaco,
571 2172 621 2212 stc.
634 2159 742 2232 Signum
752 2157 822 2213 istnd
834 2157 956 2212 Herculis
967 2171 1029 2230 post
1039 2157 1221 2212 Alexandrum

175 2231 283 2286 tandem
296 2233 330 2287 sd
343 2237 502 2292 Annibalem
517 2241 619 2292 senisse
633 2240 712 2292 etism
726 2237 855 2292 Martialis
870 2237 963 2306 trudit,
980 2236 1044 2292 dum
1058 2238 1092 2292 de
1107 2238 1158 2292 bec
1177 2258 1221 2292 ea·

174 2309 235 2364 dem
249 2326 337 2368 statua
351 2316 457 2388 scribit,
470 2317 521 2388 tx,
533 2335 612 2371 xciv:
630 2319 728 2372 clinno
741 2337 809 2391 puer
820 2316 855 2370 sd
867 2317 978 2390 Libycas
988 2321 1123 2389 juraverat
1137 2319 1221 2370 Anni-

174 2387 217 2442 bal
231 2409 321 2445 anus.»
337 2397 500 2451 Nasamones
514 2396 603 2472 Libye
614 2397 718 2472 populi.
737 2401 864 2451 Bursam

209 2567 253 2620 9¹.
271 2553 322 2606 Sed
339 2563 408 2608 casta
426 2557 568 2632 ipnarcque
586 2556 670 2630 culpe
687 2557 764 2608 Meos
780 2553 897 2621 domini,
915 2553 972 2621 cui,
991 2567 1041 2606 etc.
1060 2556 1153 2608 Pnteri
1171 2556 1220 2609 sli-

174 2629 283 2700 qnando
301 2633 412 2686 Statium
427 2635 565 2709 scripsisse
584 2635 660 2688 Mens
673 2635 758 2690 Nonii
775 2636 833 2699 cui,
852 2646 901 2686 etc.
921 2633 997 2705 qnia,
1010 2635 1038 2686 in
1052 2635 1220 2690 recensendis

172 2705 253 2780 hujus
267 2725 360 2765 statute
373 2715 589 2786 possessoribus,
603 2715 646 2768 vel
660 2727 731 2769 certo
748 2713 926 2786 descriptione
939 2713 982 2766 rel
997 2717 1112 2788 propriis
1128 2733 1220 2769 eorum

172 2791 326 2843 nominibus
343 2795 434 2845 ntitnr.
448 2796 580 2862 Primum,
593 2797 692 2868 inquit,
708 2794 821 2848 Pelloeus
834 2803 956 2867 repostos·
964 2792 1033 2846 hanc
1050 2795 1157 2860 bsbnit3
1173 2797 1220 2849 de·

170 2868 235 2922 inde
247 2889 291 2922 rex
301 2874 521 2942 Nasamoniam'ss,
534 2875 664 2938 Aunibol;
676 2889 738 2948 post
750 2879 807 2948 ejus
817 2873 912 2939 letum,
923 2873 1220 2946 ornabstSylloeconsi-

172 2950 215 3000 sia
223 2971 233 3012 ,·
248 2969 320 3006 nnnc
334 2971 392 3005 eam
408 2953 490 3008 hebet
503 2956 645 3025 Dominus,
660 2957 702 3009 cui
710 2954 779 3029 fides
790 2955 889 3027 prisco,
905 2968 956 3006 etc.
973 2955 1057 3006 Nimis
1071 2973 1138 3025 rago
1151 2968 1220 3009 esset

170 3025 227 3080 bec
246 3028 407 3105 descriptio,
424 3036 476 3087 nisi
494 3053 526 3088 ex
545 3035 704 3109 supradictis
723 3038 851 3088 sciremus
869 3051 1012 3107 quemnam
1030 3033 1154 3106 intelligis
1169 3053 1219 3107 per

171 3105 245 3162 huno
257 3111 416 3182 Dominum,
431 3133 511 3187 quern
524 3133 662 3187 nnnqncm
676 3117 809 3182 Nonium,
826 3113 873 3167 sed
891 3113 1028 3170 des’cees
1041 3113 1175 3186 appeller,
1189 3127 1219 3168 ut

172 3202 197 3236 v·
214 3188 244 3254 4,
257 3203 283 3242 st
299 3193 346 3258 ²³3
361 3207 386 3246 et
400 3196 437 3247 ite
450 3193 562 3249 Martini.
579 3198 630 3263 lx,
642 3211 714 3265 surr,
730 3197 777 3264 sl,
792 3207 890 3261 stus,
905 3211 928 3247 ι.
942 3195 1093 3266 Utcumque
1106 3195 1218 3262 sithoc,

171 3281 244 3320 *stu
254 3270 377 3342 Domini,
390 3289 447 3343 est,
461 3277 590 3331 dossinus.
602 3275 732 3330 Thebaid.
747 3279 774 3342 l,
789 3277 823 3330 85
831 3297 838 3327 s
1225 3282 1228 3288 '

498 3416 505 3429 .
515 3419 520 3430 .
531 3419 537 3430 .
548 3419 553 3430 .
562 3383 590 3430 da
599 3418 606 3440 ‚
616 3383 722 3430 Turturei
730 3381 812 3445 regina
820 3375 938 3435 barathri,

356 3449 426 3510 Quod
434 3454 525 3516 cupium
534 3453 616 3502 vidisse
626 3453 707 3512 neias;
716 3469 760 3500 nec
769 3452 834 3499 tarde
844 3461 957 3514 sequetur

356 3521 543 3585 ldsnsjureanm
549 3542 556 3581 ;
566 3525 637 3573 modo
646 3527 715 3589 digne
723 3525 779 3572 veni
786 3557 793 3581 ‚
801 3539 851 3570 mes
860 3523 960 3587 pipam
968 3534 1065 3594 mn:

130 3653 134 3660 ι
170 3635 242 3670 mens
250 3621 397 3694 juvenum,
414 3619 441 3673 id
459 3637 512 3692 est,
518 3625 637 3699 juvenes.
654 3625 793 3691 Horatius,
809 3621 897 3676 Germ.
909 3621 960 3688 lll,
973 3619 1004 3673 5:
1020 3621 1100 3672 «noc
1112 3633 1217 3673 caveret

170 3713 245 3750 mens
257 3697 368 3770 provide
377 3699 484 3772 Regulh
494 3728 506 3752 s
518 3704 546 3757 id
558 3719 611 3774 est,
623 3703 743 3778 llequlus.
757 3703 896 3758 Claudias.
907 3701 991 3756 Lsnd.
1004 3701 1121 3768 Serene,
1133 3721 1156 3752 v.
1171 3717 1216 3769 19,

173 3798 185 3821 ι
196 3777 272 3832 Anne
286 3779 361 3832 alind
374 3792 432 3835 toto
445 3783 553 3838 molitur
567 3785 690 3838 carminis
708 3799 768 3838 actu
784 3787 889 3840 hiconii
904 3801 979 3837 mens
996 3781 1048 3834 elta
1066 3780 1172 3834 senisi·
1187 3779 1214 3831 id

172 3870 223 3924 ⁰⁸¹2
236 3860 365 3912 Moe⁰²¹5¹⁴5
374 3879 464 3931 tem,
481 3865 616 3920 Homerus.
631 3865 780 3932 Ausonius,
794 3865 884 3937 Epigr.
901 3883 963 3936 129,
981 3859 1123 3914 «Medeam
1136 3857 1215 3910 vellet

171 3955 252 4009 quum
265 3941 374 4012 pingere
386 3944 551 3997 Timomachi
566 3963 677 4008 mensu
694 3944 787 4010 idest,
801 3941 1096 4014 TimomachumVirpil.
1110 3935 1212 3990 AEncid.

170 4019 243 4084 Vlll,
258 4039 325 4074 vers.
343 4021 409 4074 205:
