2844 4484
229 299 294 396 '5'64
424 313 558 379 noun
583 315 632 378 in
655 316 852 381 cannen
879 319 1074 397 sarnum

226 463 335 504 notante
351 460 376 499 et
390 444 521 518 probante
532 443 684 508 Gmnovio,
697 441 781 494 Diatr.
791 462 822 495 ·c.
838 444 887 510 48:
901 447 1048 498 verissime:
1062 448 1184 522 iutelligit
1196 472 1268 508 cem-

224 529 400 604 plorutr'onem
415 543 473 596 quse
493 522 526 574 sd
541 540 633 592 rogum
653 521 741 574 fiebat.
761 525 818 574 Nec
836 523 907 576 aliud
924 539 979 590 est,
999 528 1086 598 inquit
1102 529 1268 602 Gronovius,

227 627 305 683 ipram
318 604 391 681 quod
404 603 527 676 Virgilius
540 615 632 664 notat,
646 615 734 655 moesta
746 621 892 674 supremum
906 623 965 656 uoce
975 609 1074 661 ciemns
1084 607 1195 678 (voluit,
1209 618 1268 686 opi,

224 703 411 758 nor,-mc9na,·
423 687 459 735 ita
473 684 543 734 enirn
555 695 594 732 est
606 681 708 732 AEueid.
721 682 771 746 ΙΙΙ,
788 681 846 752 68).
864 681 915 734 sed
929 683 985 736 falli
995 686 1100 740 videtur
1111 692 1137 741 in
1150 692 1267 763 explica-

223 774 297 823 tione
309 768 362 819 loci
374 763 524 834 Virgiliani;
540 759 612 832 quod
625 773 655 811 ut
668 773 774 830 pateat,
789 761 925 814 sciendum
940 776 979 816 est
993 765 1035 836 (et
1051 771 1141 821 nescio
1156 789 1190 822 an
1204 773 1266 825 alibi

222 845 369 918 inveneris)
384 856 431 897 nes
448 844 529 893 fuisse
548 838 767 894 conclamationes
785 855 969 896 mortuorum:
988 849 1073 915 prima
1092 863 1163 916 erat,
1177 854 1266 904 stasim

216 943 284 1001 ,post
300 942 434 979 excessum
446 922 577 985 defuncti,
596 932 622 970 et
637 919 684 971 ubi
698 918 790 990 palam
804 921 904 986 fectum
918 933 966 983 est‚·
981 923 1015 976 de
1030 944 1082 998 qua
1098 927 1265 1000 Gronovius,

219 1012 272 1061 isto
286 1006 389 1077 capite,
404 1014 431 1053 et
446 998 546 1070 ubique
561 997 695 1068 exempla:
708 996 841 1063 secunda,
855 999 890 1049 ud
903 1019 1009 1072 repom
1025 1002 1058 1055 de
1071 1023 1123 1075 qua
1135 1005 1188 1060 buc
1203 1007 1264 1062 locu

218 1088 331 1139 Statius:
345 1083 436 1146 tertia,
451 1091 512 1150 post
525 1089 633 1148 peracta
649 1076 745 1128 tumuli
756 1077 884 1130 solennia.
897 1079 1000 1151 Colligo
1014 1080 1066 1133 hoc
1081 1103 1113 1136 cx
1124 1085 1214 1140 Servio
1229 1087 1264 1140 sd

221 1171 278 1222 AEn.
291 1167 341 1229 vt,
355 1162 401 1214 231
414 1183 420 1212 ι
436 1159 580 1229 sDixitque
592 1157 729 1208 novisima
742 1158 823 1208 verba.
837 1158 866 1210 ld
879 1173 933 1224 est,
949 1161 1034 1213 ilicet.-
1047 1181 1108 1216 nam
1123 1166 1182 1219 eale
1193 1169 1263 1221 dice-

215 1248 296 1298 batur
310 1255 372 1316 post
383 1238 477 1293 tumuli
488 1255 591 1310 quoque
601 1250 709 1308 peracta
723 1235 850 1289 solennia.
863 1261 874 1285 ι
889 1241 970 1309 lgitur
982 1242 1069 1309 istud,
1087 1265 1204 1318 «magna
1216 1269 1261 1302 su·

217 1341 337 1398 premunt
353 1320 570 1378 rocc·ciemus,·
592 1327 647 1366 erat
666 1316 747 1366 tertioe
764 1329 791 1366 et
806 1337 931 1388 supreme
950 1322 1184 1395 complorationis,
1204 1347 1260 1382 uun

217 1407 253 1458 ad
265 1422 365 1476 rapum.
379 1403 413 1452 Et
430 1398 482 1450 hoc
500 1408 573 1469 patet
586 1393 673 1465 verbis
687 1394 916 1466 precedentibus,
933 1423 945 1446 s
955 1401 1121 1477 animamque
1132 1409 1260 1479 &putem

218 1486 372 1542 Condimus.
384 1505 395 1527 ι

252 1648 312 1699 230.
333 1644 429 1696 Tantas
448 1636 592 1692 venerabile
609 1656 726 1690 memor
739 1640 813 1710 Sepit
830 1657 897 1709 opes.
913 1641 997 1694 Alium
1014 1643 1153 1697 lectionem
1173 1664 1257 1702 serrat

215 1727 375 1790 Parmensis,
388 1723 469 1796 spirat
480 1739 546 1792 opes.
560 1721 592 1772 Et
603 1719 672 1771 hanc
684 1721 785 1790 profert
797 1733 823 1771 ct
835 1723 993 1793 comprobat
1004 1726 1171 1779 Heinsiusad
1181 1730 1257 1782 Clam

215 1809 286 1861 dian.
302 1809 336 1857 lv
349 1807 429 1858 Cous.
442 1805 542 1854 Honor.
557 1820 580 1852 s.
594 1801 655 1870 591,
670 1815 696 1852 et
708 1799 743 1852 ad
754 1800 832 1854 ovid.
844 1800 952 1854 Metam.
964 1806 992 1871 l,
1004 1805 1054 1876 69,
1066 1807 1174 1879 abipso
1187 1829 1256 1864 mar.

213 1909 271 1943 mor
281 1889 345 1939 citet
357 1902 466 1950 numen,
481 1901 567 1933 errore
584 1883 726 1933 memoriae.
738 1883 857 1932 Romana
871 1883 944 1955 soepit
955 1902 1021 1954 opes.
1036 1887 1134 1938 Verum
1145 1904 1189 1943 est
1204 1892 1256 1962 spi-

213 1981 266 2029 rat,·
282 1967 333 2017 boc
352 1966 420 2016 enim
436 1965 574 2034 proprium
593 1963 709 2014 odoribus
727 1973 753 2013 et
771 1963 894 2015 ammatis
908 1963 1004 2035 quibus
1023 1968 1143 2020 Priscilla
1157 1989 1255 2044 corpus

212 2047 347 2098 differtum
361 2055 433 2108 erat,
448 2056 474 2093 et
485 2045 513 2094 in
525 2041 592 2094 solio
606 2056 652 2094 seu
665 2042 803 2114 reamabili
817 2061 946 2096 munnere
959 2064 1006 2097 seu
1022 2047 1146 2119 sepulcro
1162 2069 1255 2103 racon-

213 2124 304 2176 ditum.
318 2123 437 2186 Persius,
448 2123 501 2187 Vl,
517 2119 565 2173 35:

876 2221 897 2238 .-.
908 2228 913 2238 .
925 2229 930 2239 .
940 2207 1003 2240 usne

396 2261 452 2307 Ossa
462 2259 559 2306 inodora
569 2259 648 2315 dabit;
659 2275 700 2307 ssu
710 2263 796 2323 spirent
804 2261 910 2308 cinnama
920 2263 1030 2320 surdam,

394 2332 439 2377 Scn
448 2345 529 2376 ceraso
537 2343 635 2392 peccent
643 2333 717 2388 essia,
729 2333 818 2408 aescae
828 2345 929 2393 paratus.

209 2433 240 2486 Ti
254 2435 349 2507 spirare
364 2431 397 2484 de
413 2429 540 2482 odoribus
558 2444 584 2482 et
601 2433 742 2498 unguentis
756 2430 855 2502 ubique
870 2433 993 2484 occurrit.
1008 2431 1128 2503 Ejusdem
1145 2437 1251 2502 genesis

210 2513 372 2587 sepulturam
386 2510 480 2563 habuit
493 2512 621 2582 Poppaea,
635 2513 746 2562 Neronis
761 2514 826 2583 imp.
840 2529 922 2574 uxor3
935 2513 1172 2578 arcicanum,
1182 2533 1207 2567 c.
1218 2516 1251 2582 6,

212 2619 224 2642 ι
233 2597 335 2667 Corpus
350 2611 404 2645 non
419 2590 628 2662 ignitabulum,
640 2594 812 2644 utllomanus
825 2610 895 2654 rnos;
908 2591 968 2659 scd,
980 2611 1070 2665 regum
1083 2606 1251 2648 externorum

209 2674 401 2730 consuetudine
413 2672 549 2725 differtum
561 2670 687 2723 odoribus
702 2673 833 2740 conditur,
850 2672 1007 2745 tumuloque
1021 2673 1151 2726 luliarum
1167 2677 1250 2728 infer-

208 2771 283 2808 tur·
298 2755 388 2806 Liceat
400 2753 496 2805 addere
509 2751 719 2806 observationem
733 2753 810 2804 Plinii
825 2751 858 2805 de
869 2751 921 2804 boc
933 2753 1028 2805 lanes-e
1040 2755 1172 2826 Poppae,
1184 2758 1249 2809 Hist.

208 2835 270 2885 Nat.
283 2833 346 2898 ΧΗ,
362 2833 408 2899 18,
420 2831 467 2884 nbi
479 2831 513 2882 de
524 2831 619 2883 Arabia
632 2829 718 2882 Felice
728 2830 846 2902 loquitur
854 2853 860 2882 :
868 2851 887 2878 ·ι
898 2833 976 2884 Periti
988 2850 1075 2885 rerum
1088 2845 1250 2902 asseres-aut,

205 2931 262 2965 nou
277 2914 344 2965 ferre
361 2926 462 2964 tantum
479 2910 624 2982 (odorum)
640 2929 729 2963 annuo
746 2913 817 2978 fetu,
834 2925 961 2983 quantum
979 2913 1051 2964 Nero
1062 2913 1187 2985 princeps
1198 2931 1250 2965 nu·

205 2994 313 3044 sissimo
324 2995 442 3063 Poppae
452 3009 504 3042 suas
512 2989 556 3042 die
566 2992 779 3042 concremaverit.
790 3014 801 3036 a
815 2990 988 3044 Memorabile
996 3011 1059 3045 vero
1070 2992 1142 3065 quod
1153 2992 1188 3045 de
1198 2992 1249 3046 bac

207 3071 323 3122 Priscilla
338 3083 430 3124 narrat
446 3068 590 3136 Metellus,
606 3071 632 3122 iu
646 3070 716 3122 notis
733 3067 768 3120 ad
785 3068 856 3121 huuc
874 3069 975 3132 locum;
991 3089 1102 3142 nempe,
1116 3073 1248 3124 iuventam

206 3167 262 3201 esse
278 3150 306 3201 iu
322 3148 416 3201 eudem
430 3161 601 3200 monumento
618 3149 663 3200 rite
679 3150 771 3219 Appiae
788 3148 922 3201 conditam
941 3163 967 3201 et
981 3153 1107 3203 siccatam
1123 3149 1247 3202 membris

205 3228 312 3298 integris
324 3247 386 3280 aun.
405 3229 480 3300 1471,
494 3227 626 3282 subsisto
639 3231 682 3296 Ν,
695 3227 790 3280 Pontis.
803 3229 931 3280 Romano.

240 3386 299 3438 233.
319 3388 372 3440 Illo
385 3392 458 3442 Maia
469 3389 551 3442 titolo.
564 3391 603 3442 De
616 3391 724 3443 materis
736 3409 768 3442 ex
780 3409 830 3462 qua
844 3391 942 3463 effigies
955 3391 1076 3444 Priscilla
1088 3391 1246 3445 constabant

202 3465 246 3518 hir,
266 3470 318 3540 agit
336 3469 446 3523 Statius:
465 3471 537 3525 «hoc
555 3489 604 3523 tere
621 3472 717 3538 Ceres,
731 3471 785 3523 boc
798 3489 859 3526 sexo
874 3478 977 3538 Venus,
991 3471 1037 3525 illo
1053 3474 1126 3528 cloto
1141 3477 1242 3526 Maia.-

201 3546 282 3598 Vides
294 3567 372 3620 quam
384 3553 473 3622 inepte
488 3550 571 3604 tholus
584 3555 716 3606 inseratur
727 3556 794 3605 iuter
807 3567 878 3605 oesct
891 3573 994 3621 saxum,
1010 3555 1084 3626 quasi
1098 3553 1185 3606 titulus
1195 3571 1246 3606 ma·

201 3627 278 3678 teries
289 3640 356 3678 esset
368 3647 399 3680 ex
412 3647 464 3699 qua
477 3643 567 3682 statua²
580 3645 605 3681 et
618 3629 717 3700 effigies
728 3631 783 3682 fieri
795 3630 919 3684 solerent.
932 3633 1034 3686 Servius
1045 3631 1079 3683 ad
1092 3631 1183 3701 virgil.
1196 3631 1244 3698 IX,

201 3704 267 3771 408:
286 3705 463 3776 «Suspendive
475 3707 555 3761 titolo.
571 3709 668 3762 Tholas
679 3713 788 3782 proprie
801 3724 840 3764 est
854 3711 935 3764 veluti
948 3726 1051 3765 scutum
1062 3710 1156 3778 breve,
1170 3709 1244 3783 quod

200 3787 226 3836 in
239 3783 325 3836 medio
339 3797 408 3836 tecto
422 3798 476 3853 est,
490 3789 582 3860 inquo
597 3788 685 3841 trabes
699 3803 808 3854 coeunt;
824 3790 858 3842 ad
871 3791 944 3863 quod
954 3789 1025 3844 dona
1037 3789 1165 3860 suspendi
1177 3807 1243 3841 con·

199 3876 347 3916 sueverunt.
362 3861 413 3914 Alii
428 3863 530 3918 titolum
546 3867 641 3919 edium
658 3887 789 3923 sacrarum
801 3869 893 3922 dicunt
904 3890 987 3943 genus
1000 3869 1106 3923 lubrica
1116 3872 1202 3922 Vesta
1215 3881 1242 3920 et

198 3942 333 3995 Pantheon
341 3964 348 4005 ;
356 3966 367 3988 ι
377 3941 423 3994 ubi
434 3943 581 4014 exfabrieoe
589 3957 652 4013 vest,
663 3949 764 4017 scribo,
778 3946 873 4020 aquule
881 3961 917 4002 est
927 3951 1022 4016 Vestoe,
1033 3963 1060 4002 et
1070 3949 1208 4001 Pantheon
1216 3967 1241 4008 ς»

198 4019 233 4071 ita
251 4034 321 4072 certe
340 4023 473 4092 scripsisse
492 4023 592 4076 debuit.
611 4026 684 4076 lianc
703 4024 898 4079 distinctionem
916 4028 985 4082 tlsoli
1002 4043 1027 4081 et
1045 4027 1138 4098 saepti
1155 4039 1240 4078 serrat
