2824 4488
201 283 265 365 ira
452 283 486 345 r.
513 284 547 344 r.
573 283 723 346 suurn
750 248 991 347 srnvinuu

244 413 305 476 Cui
317 427 374 477 tua
387 433 455 476 non
467 407 610 476 humiles
623 408 715 476 dedit
727 409 933 500 indulgentia
946 434 1067 478 mores.
1192 431 1238 483 150

244 523 342 586 Hunc
354 517 521 612 siquidem
533 517 688 612 amplexu
701 542 835 611 semper
846 536 1023 586 revocante
1035 519 1172 590 tenebas

244 628 408 712 Blandus,
421 647 455 696 et
465 631 607 722 imperio
618 653 794 724 nunquam
806 649 901 723 pater
914 656 920 694 :
935 627 1037 723 hujus
1050 629 1168 699 honori

245 745 383 808 Pronior
395 748 465 833 ipse
477 743 578 808 etiam
590 739 754 832 gaudebat
764 739 882 808 cedere
896 741 1005 807 frater.

288 857 378 936 Quas
390 849 449 917 tibi
462 850 571 917 devoti
581 849 721 942 juvenes
733 873 795 943 pro
807 867 902 944 patre
913 865 1045 932 renato,

243 959 526 1042 Summeducum,
536 965 874 1056 grates,autquaepia
883 977 958 1030 vota
966 962 1174 1054 rependant?
1189 977 1235 1030 155

243 1076 295 1139 Tu
306 1077 317 1158 (
325 1095 383 1138 seu
396 1070 491 1138 tarda
503 1074 587 1153 situ,
601 1071 770 1164 rebusque
782 1071 944 1139 exhausta
956 1089 1109 1139 senectus

242 1185 372 1248 Erravit
383 1208 391 1264 ;
406 1203 465 1247 seu
471 1178 600 1246 blanda
612 1179 669 1246 diu
681 1184 831 1246 Fortuna
842 1204 1031 1271 regressum

241 1288 377 1376 Maluit)
388 1292 567 1356 attonitum
580 1307 612 1356 et
624 1291 758 1355 venturi
770 1287 920 1356 fulminis
933 1291 1019 1356 ictus

241 1405 456 1482 Horrentem,
470 1403 595 1467 tonitru
607 1416 738 1466 tantum
751 1397 886 1493 lenique
898 1397 1043 1493 procella

239 1517 424 1580 Contentus
432 1514 602 1578 monuisse
611 1533 740 1578 senem:
750 1532 922 1604 quumque
929 1507 1065 1577 horrida
1073 1531 1174 1600 supra
1188 1522 1233 1574 160

241 1627 403 1716 AEquora,
416 1645 574 1690 curarum
587 1623 697 1689 socius
709 1620 828 1713 procul
841 1619 925 1687 Itala
936 1643 1016 1687 rura

240 1737 436 1826 linqueret,
450 1731 504 1799 hic
516 1729 634 1799 molles
646 1733 806 1825 Campani
819 1729 925 1797 litoris
938 1754 1031 1812 orae,

237 1849 278 1909 Et
290 1842 485 1910 Diomedeas
498 1843 681 1912 concedere
690 1841 805 1935 jussus
818 1845 853 1909 in
866 1867 977 1922 arces,

238 1959 345 2046 Atque
357 1951 494 2045 hospes,
506 1977 576 2020 non
589 1954 683 2021 exsul
697 1971 777 2021 erat.
792 1959 861 2022 Nec
872 1954 971 2047 plura
983 1972 1132 2021 moratus

238 2062 439 2132 Romuleum
452 2087 580 2133 reseras
593 2067 732 2146 iterum,
745 2067 958 2146 Germanice,
971 2063 1093 2142 limen,
1188 2076 1233 2128 165

237 2179 502 2269 Moerentemque
514 2176 622 2260 loves,
636 2173 880 2268 inclinatosque
893 2189 1030 2266 penates

238 2287 353 2377 Erigis.
369 2285 466 2352 Haud
479 2289 621 2367 mirum,
633 2284 1007 2378 ductorplacidissime;
1021 2283 1157 2378 quando
1179 2359 1183 2362 ,

237 2401 317 2463 Haec
328 2413 379 2465 est
390 2420 466 2491 qua
478 2398 573 2464 victis
585 2399 754 2488 parcentia
767 2395 893 2463 foedera
904 2397 1023 2475 Cattis,

234 2513 384 2600 Quaeque
397 2531 496 2573 suum
509 2509 607 2575 Dacis
619 2505 723 2573 donat
736 2506 912 2575 clementia
924 2521 1091 2573 montem:
1185 2517 1231 2584 169

232 2623 316 2702 Quae
327 2617 429 2684 modo
441 2624 675 2688 Marcomanos
688 2637 766 2712 post
777 2617 914 2687 horrida
926 2617 1027 2696 bella,
1041 2641 1209 2710 vagosque

233 2729 446 2794 Sauromatas
459 2733 553 2797 Latio
566 2755 635 2797 non
647 2747 698 2797 est
710 2725 847 2821 dignata
858 2727 1045 2820 triumpho.

280 2840 424 2932 Jamque
436 2842 470 2906 in
484 2839 550 2908 fine
561 2840 652 2925 dies,
665 2858 698 2907 et
710 2838 913 2908 inexorabile
925 2861 1067 2931 pensum

235 2946 362 3014 Deficit.
377 2951 440 3016 Hic
451 2953 560 3016 moesti
573 2954 678 3042 pietas
690 2973 745 3014 me
757 2953 865 3041 poscit
875 2949 1007 3015 Etrusci

231 3057 351 3142 Qualia
363 3083 424 3125 nec
435 3057 553 3127 Siculae
564 3059 782 3128 moderantur
794 3063 943 3126 carmina
952 3079 1052 3149 rupes
1062 3107 1069 3134 ,

233 3171 301 3233 Nec
314 3165 452 3260 fatijam
464 3184 574 3235 certus
587 3167 835 3263 olor,saevique
847 3171 967 3235 marita
1184 3179 1232 3246 ¹75

232 3279 367 3344 Tereos.
380 3283 454 3344 Heu
467 3279 601 3372 quantis
613 3276 793 3345 lassantem
806 3276 942 3347 brachia
955 3274 1023 3344 vidi

223 3497 280 3550 150.
293 3500 343 3548 Pro
353 3499 413 3563 Cui,
424 3499 496 3570 quod
506 3499 622 3571 probum
632 3514 683 3566 est,
729 3501 794 3554 Cod.
813 3503 895 3553 Paris.
910 3500 950 3554 ed.
963 3499 1048 3571 princ.
1061 3497 1152 3548 Hunc.
1166 3495 1232 3547 Vide

186 3575 271 3628 multae
287 3575 361 3628 editt.
380 3576 480 3629 liabent
500 3581 683 3640 cum,·1¹arm.
729 3594 784 3633 not.
805 3583 836 3632 A.

186 3655 241 3707 Cui.
252 3683 286 3694 —-
296 3653 363 3706 Cod.
374 3655 455 3706 Paris.
469 3675 483 3707 a
496 3662 682 3729 manupretio,
767 3659 823 3725 164.
846 3661 919 3712 Erat.
940 3661 982 3712 Sic
998 3658 1061 3711 edit.
1074 3676 1114 3728 pr.
1130 3669 1158 3708 et
1169 3654 1231 3707 cod.

187 3735 245 3800 tui,
259 3753 274 3786 a
287 3733 416 3797 secunda,
431 3737 508 3796 Gum,·
521 3737 561 3788 ed.
573 3756 613 3808 pr.
626 3739 682 3788 Cui.
729 3740 809 3791 Paris.
822 3739 867 3809 qui
879 3757 893 3790 a
905 3738 1024 3791 secunda
1037 3755 1117 3789 manu
1127 3735 1232 3795 scribit,

185 3815 247 3866 Mox
259 3813 315 3866 hae
329 3830 356 3866 et
369 3814 427 3882 ille,
445 3814 552 3869 humilis
566 3835 615 3889 pro
632 3817 682 3868 liu-
728 3835 788 3870 eras
800 3818 862 3868 Mox
873 3815 944 3868 idem
957 3815 1018 3869 cod.
1032 3835 1079 3868 nec
1088 3815 1168 3886 plum
1181 3831 1232 3864 nro

185 3895 265 3948 miles.
286 3899 316 3948 Α.
729 3909 807 3963 ratur,
825 3910 850 3947 et
864 3894 899 3948 ad
912 3915 993 3969 marg.
1012 3895 1092 3966 longa
1107 3902 1230 3946 moretm.

225 3975 280 4027 151.
301 3979 350 4030 l'ro
361 3977 450 4040 Hunc,
462 3979 545 4030 l'arrn.
555 3979 683 4030 Naue-
729 3975 776 4028 ud.
789 3993 828 4047 pr.
841 3985 966 4032 moratur.
986 3979 1018 4027 A.
