2844 4484
408 301 538 406 urant
563 341 740 424 Qutnrr
766 342 1019 408 stnvnnuu.
1166 349 1225 412 601

377 466 459 522 Liber,
470 478 493 511 et
502 466 602 528 ingentis
611 468 699 528 quatiat
708 466 871 514 Demosthenis
879 483 950 514 arms.

192 570 334 640 Utcunque
348 579 435 618 tamen
449 562 513 616 mihi
527 563 713 616 adblandiatur
726 564 780 616 hec
797 569 952 636 conjectura
959 605 969 632 ,
986 563 1051 618 nihil
1067 569 1094 618 in
1109 583 1232 624 contextu

193 661 294 699 mutare
307 648 432 708 sustinui3
445 647 506 716 quia
519 643 594 697 aliter
607 644 793 696 eruditioribus
805 645 874 696 forte
889 647 970 698 visum
982 647 1039 696 erit.

231 789 289 841 131.
307 787 457 859 Nubigenae
469 787 574 860 clipeos.
586 789 644 840 Hoc
655 787 767 840 debetur
778 789 846 840 Dan.
860 789 983 856 Heinsio,
999 807 1081 860 quum
1093 803 1153 842 ante
1165 787 1235 864 lege-

193 880 266 918 retur
284 868 430 940 nnbiperos,
445 865 477 917 de
492 885 542 936 qua
557 867 716 919 rooe'miras
734 884 817 938 nugas
832 880 914 936 egunt
932 866 1056 918 Metellus
1075 881 1102 918 et
1119 869 1234 924 Cruceus

191 959 255 1016 post
267 947 428 1011 Domitium,
441 945 487 1016 qui
499 947 578 996 etiam
589 946 699 1016 conjicit
711 946 867 1018 nudipenum
879 943 988 1017 clipeos,
1006 970 1017 994 a
1028 947 1055 998 id
1067 960 1123 1014 eet,
1135 951 1235 1020 iuquit,

192 1025 327 1095 ingentes,
346 1024 437 1096 quales
455 1038 591 1096 gestarunt
610 1025 735 1077 Centauri
753 1026 920 1096 nubigenae.»
942 1025 1014 1078 Nihil
1032 1029 1118 1080 verius
1137 1029 1235 1080 Heiusii

195 1104 396 1167 emendatione;
412 1107 454 1156 cui
471 1103 573 1156 adludit
586 1107 749 1172 Parmensis,
764 1123 821 1176 qnoe
838 1104 919 1158 habet
937 1106 1085 1179 nubipercs:
1103 1108 1236 1180 nudipenoe

195 1184 273 1254 clipei
290 1198 351 1236 sunt
368 1183 464 1237 ancilia
478 1183 589 1250 ursuni,
608 1184 680 1256 lapsa
693 1183 791 1236 ancilia
805 1184 883 1252 coelo,
904 1199 932 1236 ut
946 1203 992 1238 eos
1007 1199 1084 1238 vocat
1097 1187 1237 1257 Virgilius,

195 1267 290 1316 citatus
303 1283 318 1316 a
329 1267 453 1318 Gerartio
464 1264 499 1316 ad
515 1265 586 1317 hunc
600 1265 703 1318 locum:
717 1268 753 1318 sie
768 1267 902 1338 nudipenoe
918 1287 1021 1334 omues,
1032 1268 1117 1321 Theb.
1130 1267 1235 1332 1,·365;

194 1346 332 1418 nubigenas
341 1346 474 1410 censam
485 1345 568 1398 Theb.
578 1347 612 1412 V,
624 1347 728 1413 263,e1
737 1348 808 1418 Virg.
820 1347 879 1397 AEn.
890 1348 963 1414 Vlll,
976 1350 1040 1418 293:
1057 1371 1067 1394 s
1077 1351 1118 1400 Tu
1128 1348 1237 1421 nubige-

195 1443 259 1490 nas,
273 1427 385 1490 invicte,
403 1425 577 1493 bimembres,
591 1439 664 1478 etc.»
681 1427 813 1498 nubipenoe
830 1427 963 1498 biforsnes,
979 1428 1074 1495 iidem,
1091 1426 1184 1479 Claud.
1203 1430 1238 1480 lll

195 1508 223 1557 in
235 1508 320 1558 Rufin.
332 1506 379 1558 lib.
393 1508 420 1572 l,
433 1507 493 1574 329.
507 1509 548 1560 Sic
562 1507 720 1580 Pltoebipena
731 1509 872 1582 Aupustns,
887 1507 976 1559 Sidon.
989 1509 1136 1579 Apollinar.
1150 1510 1237 1561 Carm.

195 1584 237 1652 Il,
256 1584 318 1648 125;
333 1587 494 1659 blunipcnc,
513 1585 576 1638 ibid.
591 1607 616 1639 r.
634 1587 702 1655 396;
720 1586 844 1660 eurigena
858 1585 893 1638 de
909 1588 1018 1653 Perseo,
1036 1589 1136 1640 Praeiat.
1151 1588 1236 1640 Carm.

164 1675 168 1683 .
195 1664 247 1730 Vl,
261 1687 273 1710 ι
283 1664 371 1730 Quum
382 1676 489 1716 matrem
503 1665 623 1738 impleret
634 1666 701 1717 lilius
713 1667 853 1736 aurigena;
865 1689 876 1712 ι
883 1667 1058 1746 flammipena
1065 1667 1127 1738 fur,
1139 1670 1238 1733 Cacus,

197 1743 281 1794 Carm.
299 1744 373 1803 xt11;
388 1745 528 1816 nubipenes
543 1744 656 1809 nimbos,
670 1744 845 1810 Prudentius,
861 1745 1005 1818 Hamartig.
1021 1765 1059 1797 vs.
1077 1745 1143 1811 486ς
1159 1747 1238 1816 Apul.

197 1819 230 1871 de
244 1821 363 1886 Mundo,
381 1822 450 1874 used
463 1821 554 1873 carlum
567 1825 670 1893 ipsum,
681 1823 814 1895 stellaeque
829 1821 973 1893 caeligenae,
986 1825 1124 1895 omnisque
1139 1823 1239 1876 siderea

198 1919 345 1972 compago,
360 1901 450 1954 AEther
467 1917 615 1964 vocaturn
637 1906 673 1955 ita
686 1901 843 1974 legendum
860 1903 940 1974 vulgo
954 1905 1095 1979 coeliperse,·
1115 1906 1152 1956 sic
1171 1906 1240 1955 venti

197 1984 345 2053 terrigenas,
357 1982 449 2034 eodem
462 1983 540 2035 libro.
554 1985 687 2056 Sequitur,
698 1986 846 2058 intactaque
858 1983 966 2038 cedibus
976 2005 1058 2036 anne.
1070 1983 1197 2036 Nondum
1209 2003 1240 2036 ex

198 2072 255 2111 toto
272 2079 333 2112 cum
348 2064 460 2115 sanitate
477 2075 503 2116 et
517 2063 646 2134 elegantia
661 2066 784 2116 convenit
797 2063 841 2115 hic
852 2082 951 2116 versus.
966 2063 1033 2116 Vide
1052 2065 1120 2114 euim
1139 2082 1240 2135 prsece-

197 2139 301 2192 dentia:
322 2143 470 2210 «Quirinus
484 2144 639 2195 monstrabit
658 2143 706 2195 tibi
726 2156 833 2216 quatere
847 2161 935 2210 arma,
955 2155 1047 2214 utpote
1062 2144 1107 2212 qui
1123 2144 1178 2211 jam
1192 2141 1240 2194 tibi

197 2224 345 2292 permiserit
363 2239 467 2295 gestare
485 2225 584 2296 clipeos
604 2239 631 2277 et
649 2243 719 2277 arma
738 2227 837 2277 intacta
857 2220 1002 2278 caedibus.»
1020 2225 1120 2277 Amore
1138 2223 1206 2276 hanc
1225 2243 1241 2275 a

198 2305 280 2356 Statio
290 2309 444 2376 pauperiem
453 2325 508 2358 non
518 2326 606 2373 suam,
617 2320 642 2359 et
652 2325 766 2378 repone,
779 2329 790 2352 u
800 2306 954 2378 Nubigenae
964 2306 1080 2378 clipeos,
1090 2308 1241 2376 intactaque

199 2380 313 2436 caedibus
324 2404 413 2448 seran
430 2405 462 2438 ex
473 2387 562 2456 Virgil.
576 2405 686 2458 nempe,
703 2385 805 2438 AEneid.
821 2389 859 2451 ll,
876 2387 942 2458 73⁴l²
962 2410 972 2432 ι
985 2385 1111 2438 Ardentes
1126 2383 1242 2455 clipeos,

199 2475 279 2532 atque
292 2483 344 2516 seru
362 2467 485 2518 micantia
505 2485 622 2530 cern03·
643 2485 694 2520 sera
712 2480 738 2518 et
751 2466 831 2536 clipei
848 2485 924 2538 paene
938 2465 1009 2518 idern
1024 2479 1085 2518 suut
1102 2464 1154 2516 hoe
1169 2465 1241 2516 Statii

199 2539 276 2605 loco,
290 2545 442 2609 Lucretius,
457 2547 497 2612 ll,
509 2544 576 2598 635:

384 2653 461 2710 Quum
471 2651 538 2711 pueri
547 2652 633 2697 circum
641 2667 742 2712 puerum
751 2651 846 2713 pernice
856 2650 940 2697 chores

281 2751 284 2764 .
383 2721 469 2765 Armati
479 2720 503 2765 in
513 2736 634 2769 numerum
644 2720 763 2782 pulsarent
772 2721 857 2766 aertbm
866 2737 926 2778 sera,

383 2793 418 2837 Ne
427 2793 538 2838 &turnus
548 2807 601 2837 eum
610 2791 674 2838 malis
683 2793 804 2838 mandaret
812 2792 911 2852 adeptus
919 2809 925 2845 ;

201 2886 234 2940 de
245 2885 383 2938 Curetibus
395 2885 528 2958 loquitur;
541 2886 595 2938 haec
608 2899 694 2938 autern
707 2903 758 2938 sera
771 2905 828 2957 quse
840 2887 877 2938 illi
888 2885 1047 2958 pulsabant,
1059 2884 1243 2956 clipeosdiser-

201 2969 247 3018 tim
258 2980 336 3018 vocat
347 2966 424 3021 Orid.
437 2968 507 3019 Fast.
520 2969 563 3032 tv,
578 2983 644 3037 209,
657 2967 690 3018 de
703 2967 814 3031 iisdem,

384 3074 440 3120 Pars
448 3072 533 3136 clipeos
543 3072 651 3130 sudibus,
661 3073 737 3136 galeas
747 3089 800 3136 pars
809 3072 886 3119 tundit
894 3074 987 3119 inanes:

418 3148 468 3192 Hoc
477 3147 573 3192 Curetes
581 3145 682 3201 habent,
693 3144 738 3190 hoc
746 3145 888 3208 Corybantes
897 3161 956 3208 opus
964 3161 971 3200 ;

201 3249 292 3300 Horat.
301 3247 387 3299 Carus.
398 3247 422 3312 l,
435 3245 480 3308 16,
491 3244 522 3296 8:
536 3263 612 3296 «non
623 3244 755 3310 acutafiic
764 3246 901 3314 geminant
913 3242 1077 3315 Corybantes
1087 3259 1149 3303 sessu
1161 3263 1171 3286 s
1183 3241 1244 3292 Dio·

201 3331 305 3397 medes,
317 3329 364 3381 lib.
374 3331 426 3394 lll,
436 3348 463 3400 p.
474 3328 541 3398 474:
557 3329 611 3380 elli
622 3347 738 3400 namque
748 3331 774 3379 in
785 3327 869 3380 insula
881 3330 958 3381 Creta
967 3328 1059 3378 Jorern
1071 3323 1243 3376 custodiendo

201 3428 235 3462 ne
247 3411 335 3481 vagitu
350 3429 377 3462 se
388 3407 514 3481 parvulus
526 3407 665 3478 proderet,
679 3407 753 3461 lusus
766 3410 913 3478 excogitato
924 3427 1019 3481 genere
1034 3402 1152 3475 clipeolis
1165 3405 1244 3456 eneis

201 3491 270 3540 inter
285 3506 312 3540 se
326 3499 529 3550 concurrentes,
546 3488 642 3538 tinnitu
657 3488 713 3537 aeris
729 3484 805 3552 illisi,
819 3484 947 3557 rythmica
964 3486 1042 3537 etiam
1056 3482 1132 3554 pedis
1148 3480 1244 3551 dactyli

202 3567 409 3636 compositione,
424 3565 541 3616 celavere
558 3584 651 3616 vocem
665 3564 779 3615 infantis.
793 3587 804 3610 ι
821 3565 902 3616 Recte
918 3566 997 3636 igitur
1009 3581 1059 3615 oere
1077 3579 1126 3632 pro
1139 3558 1244 3630 clipeis,-

201 3648 347 3716 praesertim
361 3665 424 3698 vero
440 3645 473 3697 de
487 3644 528 3696 his
542 3645 682 3709 ancilibus,
703 3663 760 3715 quse
777 3663 809 3696 ex
824 3663 873 3696 scre
888 3646 958 3697 iacta
976 3655 1064 3705 erant;
1081 3639 1151 3693 uude
1165 3641 1243 3691 Dion.

202 3725 335 3778 liulicaru.
350 3725 439 3795 Antiq.
454 3725 493 3790 ll,
508 3725 540 3791 8,
551 3732 674 3776 xantttttt
685 3721 770 3776 einen
782 3741 874 3776 srsecm
885 3723 984 3798 peltam
998 3735 1076 3774 uocat
1092 3739 1149 3773 eam
1166 3737 1244 3788 quarn

203 3805 303 3857 caelitus
315 3804 449 3876 delapsam
462 3804 577 3876 lingebat
588 3806 690 3869 Numa,
703 3803 737 3856 ad
748 3808 824 3875 cujus
836 3805 944 3876 figuram
954 3805 1061 3878 reliquae
1073 3803 1148 3855 factte
1161 3811 1243 3850 erant.

204 3889 323 3956 Propert.
338 3887 382 3951 tv,
396 3903 425 3952 2,
439 3886 469 3937 (ir
486 3898 512 3936 et
526 3903 582 3955 seq.
596 3883 682 3950 clare,

389 3991 417 4034 At
426 3989 479 4044 tibi,
490 3990 589 4034 Mamuri
597 4025 604 4046 ,
613 3989 693 4035 lormae
702 3985 795 4035 caelator
804 4005 867 4035 sente

419 4059 497 4107 Tellus
508 4061 607 4108 artifices
616 4077 645 4108 ue
655 4072 715 4108 terat
723 4061 781 4108 Osca
790 4065 889 4107 manus?
