<?xml version="1.0" encoding="UTF-8"?>
<!DOCTYPE html PUBLIC "-//W3C//DTD XHTML 1.0 Transitional//EN"
    "http://www.w3.org/TR/xhtml1/DTD/xhtml1-transitional.dtd">
<html xmlns="http://www.w3.org/1999/xhtml" xml:lang="en" lang="en">
 <head>
  <title>
</title>
<meta http-equiv="Content-Type" content="text/html;charset=utf-8" />
  <meta name='ocr-system' content='tesseract 3.04.00' />
  <meta name='ocr-capabilities' content='ocr_page ocr_carea ocr_par ocr_line ocrx_word'/>
</head>
<body>
  <div class='ocr_page' id='page_1' title='image "./quexstantomniao03lemagoog_0686.png"; bbox 0 0 2782 4486; ppageno 0'>
   <div class='ocr_carea' id='block_1_1' title="bbox 176 309 1043 396">
    <p class='ocr_par' dir='ltr' id='par_1_1' title="bbox 176 309 1043 396">
     <span class='ocr_line' id='line_1_1' title="bbox 176 309 1043 396; baseline -0.006 -17"><span class='ocrx_word' id='word_1_1' title='bbox 176 313 241 396; x_wconf 75' lang='lat'>654</span> <span class='ocrx_word' id='word_1_2' title='bbox 356 312 494 379; x_wconf 78' lang='lat' dir='ltr'>NOTAE</span> <span class='ocrx_word' id='word_1_3' title='bbox 518 311 568 376; x_wconf 85' lang='lat' dir='ltr'>IN</span> <span class='ocrx_word' id='word_1_4' title='bbox 591 311 789 376; x_wconf 73' lang='lat' dir='ltr'>cattuEN</span> <span class='ocrx_word' id='word_1_5' title='bbox 813 309 1043 376; x_wconf 84' lang='lat' dir='ltr'>TERTIUM</span> 
     </span>
    </p>
   </div>
   <div class='ocr_carea' id='block_1_2' title="bbox 176 435 1242 4087">
    <p class='ocr_par' dir='ltr' id='par_1_2' title="bbox 359 435 991 502">
     <span class='ocr_line' id='line_1_2' title="bbox 359 435 991 502; baseline -0.006 -16"><span class='ocrx_word' id='word_1_6' title='bbox 359 435 873 502; x_wconf 63' lang='lat' dir='ltr'>Graiarcfcrtsnlletll’bryffiuqnapuppe</span> <span class='ocrx_word' id='word_1_7' title='bbox 883 439 991 500; x_wconf 62' lang='lat' dir='ltr'>megine·</span> 
     </span>
    </p>

    <p class='ocr_par' dir='ltr' id='par_1_3' title="bbox 360 507 934 572">
     <span class='ocr_line' id='line_1_3' title="bbox 360 507 934 572; baseline -0.007 -14"><span class='ocrx_word' id='word_1_8' title='bbox 360 511 462 567; x_wconf 78' lang='lat' dir='ltr'><strong>Excidit,</strong></span> <span class='ocrx_word' id='word_1_9' title='bbox 473 523 497 557; x_wconf 92' lang='lat' dir='ltr'>ct</span> <span class='ocrx_word' id='word_1_10' title='bbox 505 509 589 557; x_wconf 82' lang='lat' dir='ltr'>mediis</span> <span class='ocrx_word' id='word_1_11' title='bbox 598 512 668 556; x_wconf 82' lang='lat' dir='ltr'>miser</span> <span class='ocrx_word' id='word_1_12' title='bbox 676 509 792 572; x_wconf 69' lang='lat' dir='ltr'>evigilarit</span> <span class='ocrx_word' id='word_1_13' title='bbox 801 511 824 554; x_wconf 90' lang='lat' dir='ltr'>in</span> <span class='ocrx_word' id='word_1_14' title='bbox 834 507 934 566; x_wconf 61' lang='lat' dir='ltr'>andiu)</span> 
     </span>
    </p>

    <p class='ocr_par' dir='ltr' id='par_1_4' title="bbox 361 579 943 644">
     <span class='ocr_line' id='line_1_4' title="bbox 361 579 943 644; baseline -0.009 -14"><span class='ocrx_word' id='word_1_15' title='bbox 361 585 439 630; x_wconf 77' lang='lat' dir='ltr'>Hoeon</span> <span class='ocrx_word' id='word_1_16' title='bbox 449 593 473 628; x_wconf 88' lang='lat' dir='ltr'>ct</span> <span class='ocrx_word' id='word_1_17' title='bbox 481 581 535 628; x_wconf 91' lang='lat' dir='ltr'>inde</span> <span class='ocrx_word' id='word_1_18' title='bbox 546 596 613 627; x_wconf 76' lang='lat' dir='ltr'>mum</span> <span class='ocrx_word' id='word_1_19' title='bbox 622 579 694 644; x_wconf 67' lang='lat' dir='ltr'>longo</span> <span class='ocrx_word' id='word_1_20' title='bbox 704 579 791 644; x_wconf 85' lang='lat' dir='ltr'>probat</span> <span class='ocrx_word' id='word_1_21' title='bbox 798 579 881 625; x_wconf 79' lang='lat' dir='ltr'><strong>ordine</strong></span> <span class='ocrx_word' id='word_1_22' title='bbox 890 581 943 626; x_wconf 70' lang='lat' dir='ltr'>rite</span> 
     </span>
    </p>

    <p class='ocr_par' dir='ltr' id='par_1_5' title="bbox 361 650 881 718">
     <span class='ocr_line' id='line_1_5' title="bbox 361 650 881 718; baseline -0.004 -17"><span class='ocrx_word' id='word_1_23' title='bbox 361 654 513 710; x_wconf 83' lang='lat' dir='ltr'>Moeouidcu,</span> <span class='ocrx_word' id='word_1_24' title='bbox 522 651 617 718; x_wconf 72' lang='lat' dir='ltr'>sliaequc</span> <span class='ocrx_word' id='word_1_25' title='bbox 627 652 677 698; x_wconf 79' lang='lat' dir='ltr'>aliis</span> <span class='ocrx_word' id='word_1_26' title='bbox 686 651 801 698; x_wconf 81' lang='lat' dir='ltr'>natalibus</span> <span class='ocrx_word' id='word_1_27' title='bbox 810 650 881 699; x_wconf 84' lang='lat' dir='ltr'>urbes</span> 
     </span>
    </p>

    <p class='ocr_par' dir='ltr' id='par_1_6' title="bbox 362 720 991 790">
     <span class='ocr_line' id='line_1_6' title="bbox 362 720 991 790; baseline -0.01 -15"><span class='ocrx_word' id='word_1_28' title='bbox 362 729 495 790; x_wconf 81' lang='lat' dir='ltr'>Diripiunt,</span> <span class='ocrx_word' id='word_1_29' title='bbox 505 739 641 789; x_wconf 73' lang='lat' dir='ltr'>cunettque</span> <span class='ocrx_word' id='word_1_30' title='bbox 650 725 766 787; x_wconf 79' lang='lat' dir='ltr'>probunt:</span> <span class='ocrx_word' id='word_1_31' title='bbox 778 740 827 770; x_wconf 90' lang='lat' dir='ltr'>uon</span> <span class='ocrx_word' id='word_1_32' title='bbox 836 725 944 770; x_wconf 87' lang='lat' dir='ltr'>omnibus</span> <span class='ocrx_word' id='word_1_33' title='bbox 952 720 991 770; x_wconf 84' lang='lat' dir='ltr'>ille</span> 
     </span>
    </p>

    <p class='ocr_par' dir='ltr' id='par_1_7' title="bbox 176 794 1242 4087">
     <span class='ocr_line' id='line_1_7' title="bbox 362 794 854 859; baseline -0.006 -15"><span class='ocrx_word' id='word_1_34' title='bbox 362 801 437 846; x_wconf 82' lang='lat' dir='ltr'>Verus</span> <span class='ocrx_word' id='word_1_35' title='bbox 445 815 452 855; x_wconf 86' lang='lat'>;</span> <span class='ocrx_word' id='word_1_36' title='bbox 461 797 504 845; x_wconf 81' lang='lat' dir='ltr'>alit</span> <span class='ocrx_word' id='word_1_37' title='bbox 511 801 585 844; x_wconf 79' lang='lat' dir='ltr'>victos</span> <span class='ocrx_word' id='word_1_38' title='bbox 594 796 701 843; x_wconf 75' lang='lat' dir='ltr'>immanis</span> <span class='ocrx_word' id='word_1_39' title='bbox 710 795 784 859; x_wconf 62' lang='lat' dir='ltr'>gloria</span> <span class='ocrx_word' id='word_1_40' title='bbox 794 794 854 842; x_wconf 77' lang='lat' dir='ltr'>iclxi.</span> 
     </span>
     <span class='ocr_line' id='line_1_8' title="bbox 177 893 1231 968; baseline -0.006 -14"><span class='ocrx_word' id='word_1_41' title='bbox 177 899 329 955; x_wconf 82' lang='lat' dir='ltr'>Admodum</span> <span class='ocrx_word' id='word_1_42' title='bbox 340 897 481 952; x_wconf 80' lang='lat' dir='ltr'>infeliciter</span> <span class='ocrx_word' id='word_1_43' title='bbox 491 895 535 948; x_wconf 88' lang='lat' dir='ltr'>hic</span> <span class='ocrx_word' id='word_1_44' title='bbox 547 915 603 949; x_wconf 88' lang='lat' dir='ltr'>rem</span> <span class='ocrx_word' id='word_1_45' title='bbox 614 898 696 968; x_wconf 73' lang='lat' dir='ltr'>gessit</span> <span class='ocrx_word' id='word_1_46' title='bbox 706 896 871 960; x_wconf 79' lang='lat' dir='ltr'>Gronovius,</span> <span class='ocrx_word' id='word_1_47' title='bbox 882 893 994 946; x_wconf 71' lang='lat' dir='ltr'>Distrib.</span> <span class='ocrx_word' id='word_1_48' title='bbox 1007 911 1067 968; x_wconf 79' lang='lat' dir='ltr'>cap.</span> <span class='ocrx_word' id='word_1_49' title='bbox 1078 893 1130 958; x_wconf 80' lang='lat'>55;</span> <span class='ocrx_word' id='word_1_50' title='bbox 1141 914 1173 948; x_wconf 82' lang='lat' dir='ltr'>ex</span> <span class='ocrx_word' id='word_1_51' title='bbox 1184 914 1231 948; x_wconf 83' lang='lat' dir='ltr'>sex</span> 
     </span>
     <span class='ocr_line' id='line_1_9' title="bbox 177 970 1229 1050; baseline -0.009 -17"><span class='ocrx_word' id='word_1_52' title='bbox 177 982 248 1034; x_wconf 87' lang='lat' dir='ltr'>enim</span> <span class='ocrx_word' id='word_1_53' title='bbox 259 977 301 1032; x_wconf 84' lang='lat' dir='ltr'>rel</span> <span class='ocrx_word' id='word_1_54' title='bbox 317 989 419 1050; x_wconf 85' lang='lat' dir='ltr'>septem</span> <span class='ocrx_word' id='word_1_55' title='bbox 433 976 594 1045; x_wconf 85' lang='lat' dir='ltr'>conjecturis</span> <span class='ocrx_word' id='word_1_56' title='bbox 611 992 677 1046; x_wconf 84' lang='lat' dir='ltr'>quas</span> <span class='ocrx_word' id='word_1_57' title='bbox 692 972 755 1026; x_wconf 88' lang='lat' dir='ltr'>hnic</span> <span class='ocrx_word' id='word_1_58' title='bbox 770 972 833 1025; x_wconf 91' lang='lat' dir='ltr'>loco</span> <span class='ocrx_word' id='word_1_59' title='bbox 849 971 938 1038; x_wconf 82' lang='lat' dir='ltr'>dedit,</span> <span class='ocrx_word' id='word_1_60' title='bbox 956 989 989 1024; x_wconf 90' lang='lat' dir='ltr'>ue</span> <span class='ocrx_word' id='word_1_61' title='bbox 1005 973 1033 1024; x_wconf 93' lang='lat' dir='ltr'>in</span> <span class='ocrx_word' id='word_1_62' title='bbox 1050 989 1106 1024; x_wconf 85' lang='lat' dir='ltr'>una</span> <span class='ocrx_word' id='word_1_63' title='bbox 1122 970 1229 1045; x_wconf 73' lang='lat' dir='ltr'>quid·</span> 
     </span>
     <span class='ocr_line' id='line_1_10' title="bbox 177 1052 1231 1126; baseline -0.009 -11"><span class='ocrx_word' id='word_1_64' title='bbox 177 1062 257 1116; x_wconf 85' lang='lat' dir='ltr'>stetit.</span> <span class='ocrx_word' id='word_1_65' title='bbox 266 1059 351 1112; x_wconf 85' lang='lat' dir='ltr'>Versu</span> <span class='ocrx_word' id='word_1_66' title='bbox 366 1054 483 1110; x_wconf 91' lang='lat' dir='ltr'>secundo</span> <span class='ocrx_word' id='word_1_67' title='bbox 495 1053 579 1106; x_wconf 84' lang='lat' dir='ltr'>voluit</span> <span class='ocrx_word' id='word_1_68' title='bbox 592 1055 621 1105; x_wconf 90' lang='lat' dir='ltr'>in</span> <span class='ocrx_word' id='word_1_69' title='bbox 632 1054 768 1126; x_wconf 69' lang='lat' dir='ltr'>amnique,</span> <span class='ocrx_word' id='word_1_70' title='bbox 781 1071 874 1105; x_wconf 79' lang='lat' dir='ltr'>rerum</span> <span class='ocrx_word' id='word_1_71' title='bbox 887 1066 944 1104; x_wconf 86' lang='lat' dir='ltr'>erut</span> <span class='ocrx_word' id='word_1_72' title='bbox 954 1052 1003 1104; x_wconf 78' lang='lat' dir='ltr'>ab:</span> <span class='ocrx_word' id='word_1_73' title='bbox 1017 1055 1097 1105; x_wconf 86' lang='lat' dir='ltr'>tertio</span> <span class='ocrx_word' id='word_1_74' title='bbox 1108 1053 1173 1125; x_wconf 74' lang='lat' dir='ltr'>legit</span> <span class='ocrx_word' id='word_1_75' title='bbox 1183 1052 1231 1105; x_wconf 85' lang='lat' dir='ltr'>ud·</span> 
     </span>
     <span class='ocr_line' id='line_1_11' title="bbox 176 1132 1230 1214; baseline -0.004 -24"><span class='ocrx_word' id='word_1_76' title='bbox 176 1143 285 1214; x_wconf 75' lang='lat' dir='ltr'>scripto5</span> <span class='ocrx_word' id='word_1_77' title='bbox 304 1156 359 1190; x_wconf 94' lang='lat' dir='ltr'>uon</span> <span class='ocrx_word' id='word_1_78' title='bbox 376 1155 445 1208; x_wconf 84' lang='lat' dir='ltr'>opus</span> <span class='ocrx_word' id='word_1_79' title='bbox 461 1147 531 1200; x_wconf 83' lang='lat' dir='ltr'>erat,</span> <span class='ocrx_word' id='word_1_80' title='bbox 548 1146 574 1186; x_wconf 87' lang='lat' dir='ltr'>et</span> <span class='ocrx_word' id='word_1_81' title='bbox 590 1134 738 1205; x_wconf 77' lang='lat' dir='ltr'>elegantius</span> <span class='ocrx_word' id='word_1_82' title='bbox 754 1133 869 1186; x_wconf 80' lang='lat' dir='ltr'>adscito.-</span> <span class='ocrx_word' id='word_1_83' title='bbox 889 1147 984 1204; x_wconf 73' lang='lat' dir='ltr'>quarto</span> <span class='ocrx_word' id='word_1_84' title='bbox 1001 1132 1058 1184; x_wconf 86' lang='lat' dir='ltr'>vult</span> <span class='ocrx_word' id='word_1_85' title='bbox 1073 1145 1164 1210; x_wconf 66' lang='lat' dir='ltr'>pratus</span> <span class='ocrx_word' id='word_1_86' title='bbox 1181 1152 1230 1206; x_wconf 88' lang='lat' dir='ltr'>pro</span> 
     </span>
     <span class='ocr_line' id='line_1_12' title="bbox 180 1213 1231 1289; baseline -0.008 -15"><span class='ocrx_word' id='word_1_87' title='bbox 180 1221 287 1282; x_wconf 74' lang='lat' dir='ltr'>Graius5</span> <span class='ocrx_word' id='word_1_88' title='bbox 308 1216 420 1289; x_wconf 85' lang='lat' dir='ltr'>probari</span> <span class='ocrx_word' id='word_1_89' title='bbox 439 1213 582 1285; x_wconf 80' lang='lat' dir='ltr'>legendnm</span> <span class='ocrx_word' id='word_1_90' title='bbox 600 1233 657 1268; x_wconf 84' lang='lat' dir='ltr'>esse</span> <span class='ocrx_word' id='word_1_91' title='bbox 677 1215 817 1287; x_wconf 73' lang='lat' dir='ltr'>Pluyqius.</span> <span class='ocrx_word' id='word_1_92' title='bbox 839 1216 899 1267; x_wconf 81' lang='lat' dir='ltr'>iarn</span> <span class='ocrx_word' id='word_1_93' title='bbox 919 1213 954 1264; x_wconf 85' lang='lat' dir='ltr'>ad</span> <span class='ocrx_word' id='word_1_94' title='bbox 974 1227 1077 1265; x_wconf 80' lang='lat' dir='ltr'>sextum</span> <span class='ocrx_word' id='word_1_95' title='bbox 1094 1217 1231 1278; x_wconf 81' lang='lat' dir='ltr'>venimus,</span> 
     </span>
     <span class='ocr_line' id='line_1_13' title="bbox 177 1295 1230 1367; baseline -0.009 -12"><span class='ocrx_word' id='word_1_96' title='bbox 177 1305 266 1355; x_wconf 77' lang='lat' dir='ltr'>Idoeon</span> <span class='ocrx_word' id='word_1_97' title='bbox 281 1311 306 1351; x_wconf 84' lang='lat' dir='ltr'>et</span> <span class='ocrx_word' id='word_1_98' title='bbox 323 1299 485 1362; x_wconf 78' lang='lat' dir='ltr'>ludentum,</span> <span class='ocrx_word' id='word_1_99' title='bbox 502 1307 554 1346; x_wconf 87' lang='lat' dir='ltr'>etc.</span> <span class='ocrx_word' id='word_1_100' title='bbox 572 1313 652 1367; x_wconf 83' lang='lat' dir='ltr'>quens</span> <span class='ocrx_word' id='word_1_101' title='bbox 668 1298 704 1346; x_wconf 83' lang='lat' dir='ltr'>ita</span> <span class='ocrx_word' id='word_1_102' title='bbox 719 1295 852 1366; x_wconf 81' lang='lat' dir='ltr'>explicat:</span> <span class='ocrx_word' id='word_1_103' title='bbox 872 1318 884 1341; x_wconf 83' lang='grc' dir='ltr'>ι</span> <span class='ocrx_word' id='word_1_104' title='bbox 894 1297 988 1358; x_wconf 89' lang='lat' dir='ltr'>Nunc,</span> <span class='ocrx_word' id='word_1_105' title='bbox 1004 1307 1035 1347; x_wconf 91' lang='lat' dir='ltr'>ut</span> <span class='ocrx_word' id='word_1_106' title='bbox 1050 1307 1142 1366; x_wconf 74' lang='lat' dir='ltr'>pateat</span> <span class='ocrx_word' id='word_1_107' title='bbox 1157 1313 1230 1347; x_wconf 86' lang='lat' dir='ltr'>mens</span> 
     </span>
     <span class='ocr_line' id='line_1_14' title="bbox 178 1373 1231 1447; baseline -0.008 -13"><span class='ocrx_word' id='word_1_108' title='bbox 178 1381 267 1446; x_wconf 86' lang='lat' dir='ltr'>Statii,</span> <span class='ocrx_word' id='word_1_109' title='bbox 279 1381 316 1430; x_wconf 88' lang='lat' dir='ltr'>sit</span> <span class='ocrx_word' id='word_1_110' title='bbox 325 1376 384 1442; x_wconf 88' lang='lat' dir='ltr'>ille,</span> <span class='ocrx_word' id='word_1_111' title='bbox 396 1377 525 1428; x_wconf 68' lang='lat' dir='ltr'>Masonem</span> <span class='ocrx_word' id='word_1_112' title='bbox 536 1393 550 1426; x_wconf 93' lang='lat' dir='ltr'>e</span> <span class='ocrx_word' id='word_1_113' title='bbox 561 1393 615 1447; x_wconf 93' lang='lat' dir='ltr'>quo</span> <span class='ocrx_word' id='word_1_114' title='bbox 626 1376 756 1427; x_wconf 81' lang='lat' dir='ltr'>Homerus</span> <span class='ocrx_word' id='word_1_115' title='bbox 766 1377 886 1446; x_wconf 70' lang='lat' dir='ltr'>genitus,</span> <span class='ocrx_word' id='word_1_116' title='bbox 898 1386 924 1428; x_wconf 86' lang='lat' dir='ltr'>ct</span> <span class='ocrx_word' id='word_1_117' title='bbox 935 1373 1005 1426; x_wconf 89' lang='lat' dir='ltr'>unde</span> <span class='ocrx_word' id='word_1_118' title='bbox 1018 1393 1033 1426; x_wconf 85' lang='lat' dir='ltr'>a</span> <span class='ocrx_word' id='word_1_119' title='bbox 1044 1375 1131 1446; x_wconf 81' lang='lat' dir='ltr'>poetis</span> <span class='ocrx_word' id='word_1_120' title='bbox 1141 1387 1231 1447; x_wconf 81' lang='lat' dir='ltr'>patro-</span> 
     </span>
     <span class='ocr_line' id='line_1_15' title="bbox 178 1455 1231 1536; baseline -0.009 -21"><span class='ocrx_word' id='word_1_121' title='bbox 178 1463 281 1536; x_wconf 75' lang='lat' dir='ltr'>nymica</span> <span class='ocrx_word' id='word_1_122' title='bbox 297 1456 477 1532; x_wconf 83' lang='lat' dir='ltr'>appellatione</span> <span class='ocrx_word' id='word_1_123' title='bbox 491 1457 634 1509; x_wconf 85' lang='lat' dir='ltr'>Moeonides</span> <span class='ocrx_word' id='word_1_124' title='bbox 645 1455 767 1524; x_wconf 80' lang='lat' dir='ltr'>vocatur,</span> <span class='ocrx_word' id='word_1_125' title='bbox 782 1476 854 1509; x_wconf 90' lang='lat' dir='ltr'>nunc</span> <span class='ocrx_word' id='word_1_126' title='bbox 867 1476 927 1511; x_wconf 87' lang='lat' dir='ltr'>sero</span> <span class='ocrx_word' id='word_1_127' title='bbox 940 1455 1063 1508; x_wconf 86' lang='lat' dir='ltr'>decidere</span> <span class='ocrx_word' id='word_1_128' title='bbox 1074 1470 1231 1508; x_wconf 84' lang='lat' dir='ltr'>coutrover-</span> 
     </span>
     <span class='ocr_line' id='line_1_16' title="bbox 178 1535 1231 1613; baseline -0.008 -17"><span class='ocrx_word' id='word_1_129' title='bbox 178 1547 260 1608; x_wconf 78' lang='lat' dir='ltr'>sium,</span> <span class='ocrx_word' id='word_1_130' title='bbox 280 1559 337 1613; x_wconf 74' lang='lat' dir='ltr'>quse</span> <span class='ocrx_word' id='word_1_131' title='bbox 356 1538 390 1591; x_wconf 86' lang='lat' dir='ltr'>de</span> <span class='ocrx_word' id='word_1_132' title='bbox 407 1536 539 1591; x_wconf 78' lang='lat' dir='ltr'>Moeonide</span> <span class='ocrx_word' id='word_1_133' title='bbox 559 1539 601 1590; x_wconf 90' lang='lat' dir='ltr'>sui</span> <span class='ocrx_word' id='word_1_134' title='bbox 619 1540 706 1610; x_wconf 85' lang='lat' dir='ltr'>patria</span> <span class='ocrx_word' id='word_1_135' title='bbox 724 1539 804 1589; x_wconf 85' lang='lat' dir='ltr'>luerit</span> <span class='ocrx_word' id='word_1_136' title='bbox 821 1550 862 1589; x_wconf 91' lang='lat' dir='ltr'>tot</span> <span class='ocrx_word' id='word_1_137' title='bbox 877 1540 947 1590; x_wconf 90' lang='lat' dir='ltr'>inter</span> <span class='ocrx_word' id='word_1_138' title='bbox 962 1536 1059 1600; x_wconf 68' lang='lat' dir='ltr'>urbes,</span> <span class='ocrx_word' id='word_1_139' title='bbox 1078 1550 1105 1588; x_wconf 88' lang='lat' dir='ltr'>et</span> <span class='ocrx_word' id='word_1_140' title='bbox 1121 1535 1163 1588; x_wconf 84' lang='lat' dir='ltr'>vel</span> <span class='ocrx_word' id='word_1_141' title='bbox 1180 1536 1231 1589; x_wconf 83' lang='lat' dir='ltr'>hoc</span> 
     </span>
     <span class='ocr_line' id='line_1_17' title="bbox 178 1616 1232 1692; baseline -0.007 -17"><span class='ocrx_word' id='word_1_142' title='bbox 178 1619 299 1692; x_wconf 80' lang='lat' dir='ltr'>exemplo</span> <span class='ocrx_word' id='word_1_143' title='bbox 310 1618 425 1691; x_wconf 76' lang='lat' dir='ltr'>probare</span> <span class='ocrx_word' id='word_1_144' title='bbox 435 1616 524 1668; x_wconf 87' lang='lat' dir='ltr'>Sellen</span> <span class='ocrx_word' id='word_1_145' title='bbox 535 1618 587 1687; x_wconf 89' lang='lat' dir='ltr'>ipsi</span> <span class='ocrx_word' id='word_1_146' title='bbox 597 1619 725 1692; x_wconf 65' lang='lat' dir='ltr'>patriam</span> <span class='ocrx_word' id='word_1_147' title='bbox 736 1619 837 1688; x_wconf 88' lang='lat' dir='ltr'>quippe</span> <span class='ocrx_word' id='word_1_148' title='bbox 848 1635 929 1688; x_wconf 87' lang='lat' dir='ltr'>quum</span> <span class='ocrx_word' id='word_1_149' title='bbox 940 1629 1030 1668; x_wconf 86' lang='lat' dir='ltr'>tantos</span> <span class='ocrx_word' id='word_1_150' title='bbox 1040 1629 1136 1687; x_wconf 85' lang='lat' dir='ltr'>poeta,</span> <span class='ocrx_word' id='word_1_151' title='bbox 1148 1634 1232 1688; x_wconf 84' lang='lat' dir='ltr'>quau-</span> 
     </span>
     <span class='ocr_line' id='line_1_18' title="bbox 178 1695 1232 1772; baseline -0.006 -18"><span class='ocrx_word' id='word_1_152' title='bbox 178 1714 221 1754; x_wconf 84' lang='lat' dir='ltr'>tus</span> <span class='ocrx_word' id='word_1_153' title='bbox 237 1701 364 1772; x_wconf 84' lang='lat' dir='ltr'>Papinius</span> <span class='ocrx_word' id='word_1_154' title='bbox 382 1712 458 1770; x_wconf 73' lang='lat' dir='ltr'>pater</span> <span class='ocrx_word' id='word_1_155' title='bbox 471 1698 586 1763; x_wconf 86' lang='lat' dir='ltr'>exstitit,</span> <span class='ocrx_word' id='word_1_156' title='bbox 604 1715 660 1749; x_wconf 92' lang='lat' dir='ltr'>non</span> <span class='ocrx_word' id='word_1_157' title='bbox 674 1695 708 1748; x_wconf 87' lang='lat' dir='ltr'>ab</span> <span class='ocrx_word' id='word_1_158' title='bbox 722 1695 775 1748; x_wconf 83' lang='lat' dir='ltr'>slis</span> <span class='ocrx_word' id='word_1_159' title='bbox 787 1696 903 1769; x_wconf 86' lang='lat' dir='ltr'>produci</span> <span class='ocrx_word' id='word_1_160' title='bbox 916 1711 1003 1764; x_wconf 82' lang='lat' dir='ltr'>terra,</span> <span class='ocrx_word' id='word_1_161' title='bbox 1017 1696 1068 1748; x_wconf 81' lang='lat' dir='ltr'>ulis</span> <span class='ocrx_word' id='word_1_162' title='bbox 1082 1695 1167 1762; x_wconf 88' lang='lat' dir='ltr'>urbe,</span> <span class='ocrx_word' id='word_1_163' title='bbox 1181 1695 1232 1748; x_wconf 84' lang='lat' dir='ltr'>alio</span> 
     </span>
     <span class='ocr_line' id='line_1_19' title="bbox 179 1775 1233 1854; baseline -0.006 -20"><span class='ocrx_word' id='word_1_164' title='bbox 179 1779 258 1846; x_wconf 82' lang='lat' dir='ltr'>etelo,</span> <span class='ocrx_word' id='word_1_165' title='bbox 274 1781 393 1854; x_wconf 88' lang='lat' dir='ltr'>potuerit</span> <span class='ocrx_word' id='word_1_166' title='bbox 410 1797 490 1849; x_wconf 87' lang='lat' dir='ltr'>quam</span> <span class='ocrx_word' id='word_1_167' title='bbox 507 1795 566 1849; x_wconf 84' lang='lat' dir='ltr'>quse</span> <span class='ocrx_word' id='word_1_168' title='bbox 583 1780 671 1850; x_wconf 89' lang='lat' dir='ltr'>ipsum</span> <span class='ocrx_word' id='word_1_169' title='bbox 687 1780 832 1830; x_wconf 81' lang='lat' dir='ltr'>Homerum</span> <span class='ocrx_word' id='word_1_170' title='bbox 850 1781 967 1830; x_wconf 88' lang='lat' dir='ltr'>omniurn</span> <span class='ocrx_word' id='word_1_171' title='bbox 983 1779 1134 1850; x_wconf 88' lang='lat' dir='ltr'>principem</span> <span class='ocrx_word' id='word_1_172' title='bbox 1151 1775 1233 1829; x_wconf 86' lang='lat' dir='ltr'>dedit.</span> 
     </span>
     <span class='ocr_line' id='line_1_20' title="bbox 179 1856 1235 1936; baseline -0.005 -22"><span class='ocrx_word' id='word_1_173' title='bbox 179 1863 269 1936; x_wconf 73' lang='lat' dir='ltr'>lonqo</span> <span class='ocrx_word' id='word_1_174' title='bbox 282 1859 373 1913; x_wconf 73' lang='lat' dir='ltr'>ordine</span> <span class='ocrx_word' id='word_1_175' title='bbox 384 1860 456 1918; x_wconf 81' lang='lat' dir='ltr'>uitoe,</span> <span class='ocrx_word' id='word_1_176' title='bbox 473 1870 528 1922; x_wconf 89' lang='lat' dir='ltr'>est,</span> <span class='ocrx_word' id='word_1_177' title='bbox 543 1870 605 1930; x_wconf 92' lang='lat' dir='ltr'>post</span> <span class='ocrx_word' id='word_1_178' title='bbox 618 1857 714 1909; x_wconf 78' lang='lat' dir='ltr'>multas</span> <span class='ocrx_word' id='word_1_179' title='bbox 726 1856 865 1908; x_wconf 89' lang='lat' dir='ltr'>hominum</span> <span class='ocrx_word' id='word_1_180' title='bbox 877 1870 975 1910; x_wconf 80' lang='lat' dir='ltr'>aetates.</span> <span class='ocrx_word' id='word_1_181' title='bbox 987 1880 998 1904; x_wconf 80' lang='grc' dir='ltr'>ι</span> <span class='ocrx_word' id='word_1_182' title='bbox 1012 1859 1073 1910; x_wconf 71' lang='lat' dir='ltr'>Huc</span> <span class='ocrx_word' id='word_1_183' title='bbox 1088 1858 1170 1930; x_wconf 69' lang='lat' dir='ltr'>igitur</span> <span class='ocrx_word' id='word_1_184' title='bbox 1179 1859 1235 1928; x_wconf 82' lang='lat' dir='ltr'>jam</span> 
     </span>
     <span class='ocr_line' id='line_1_21' title="bbox 179 1933 1232 2010; baseline -0.005 -18"><span class='ocrx_word' id='word_1_185' title='bbox 179 1942 351 1992; x_wconf 83' lang='lat' dir='ltr'>excutiamus.</span> <span class='ocrx_word' id='word_1_186' title='bbox 370 1935 468 1988; x_wconf 86' lang='lat' dir='ltr'>Sensus</span> <span class='ocrx_word' id='word_1_187' title='bbox 484 1949 540 1988; x_wconf 83' lang='lat' dir='ltr'>est:</span> <span class='ocrx_word' id='word_1_188' title='bbox 562 1937 702 1988; x_wconf 79' lang='lat' dir='ltr'>sGeminoe</span> <span class='ocrx_word' id='word_1_189' title='bbox 719 1933 800 1988; x_wconf 90' lang='lat' dir='ltr'>urbes</span> <span class='ocrx_word' id='word_1_190' title='bbox 818 1948 921 1988; x_wconf 82' lang='lat' dir='ltr'>certant</span> <span class='ocrx_word' id='word_1_191' title='bbox 938 1934 972 1988; x_wconf 88' lang='lat' dir='ltr'>de</span> <span class='ocrx_word' id='word_1_192' title='bbox 991 1938 1043 1988; x_wconf 83' lang='lat' dir='ltr'>tuis</span> <span class='ocrx_word' id='word_1_193' title='bbox 1061 1933 1232 2010; x_wconf 70' lang='lat' dir='ltr'>natalibus,-</span> 
     </span>
     <span class='ocr_line' id='line_1_22' title="bbox 180 2014 1235 2089; baseline -0.005 -18"><span class='ocrx_word' id='word_1_194' title='bbox 180 2021 295 2089; x_wconf 88' lang='lat' dir='ltr'>primum</span> <span class='ocrx_word' id='word_1_195' title='bbox 311 2017 337 2070; x_wconf 84' lang='lat' dir='ltr'><em>V</em></span> <span class='ocrx_word' id='word_1_196' title='bbox 335 2017 387 2068; x_wconf 82' lang='lat' dir='ltr'>eliu</span> <span class='ocrx_word' id='word_1_197' title='bbox 399 2014 496 2087; x_wconf 80' lang='lat' dir='ltr'>(supra</span> <span class='ocrx_word' id='word_1_198' title='bbox 510 2017 580 2068; x_wconf 83' lang='lat' dir='ltr'>enim</span> <span class='ocrx_word' id='word_1_199' title='bbox 597 2016 709 2086; x_wconf 81' lang='lat' dir='ltr'>probavi</span> <span class='ocrx_word' id='word_1_200' title='bbox 720 2015 811 2068; x_wconf 84' lang='lat' dir='ltr'>Sellen</span> <span class='ocrx_word' id='word_1_201' title='bbox 828 2034 882 2067; x_wconf 92' lang='lat' dir='ltr'>non</span> <span class='ocrx_word' id='word_1_202' title='bbox 898 2015 976 2068; x_wconf 85' lang='lat' dir='ltr'>sliam</span> <span class='ocrx_word' id='word_1_203' title='bbox 990 2033 1047 2068; x_wconf 83' lang='lat' dir='ltr'>esse</span> <span class='ocrx_word' id='word_1_204' title='bbox 1060 2034 1142 2088; x_wconf 88' lang='lat' dir='ltr'>posse</span> <span class='ocrx_word' id='word_1_205' title='bbox 1156 2033 1235 2089; x_wconf 81' lang='lat' dir='ltr'>quarn</span> 
     </span>
     <span class='ocr_line' id='line_1_23' title="bbox 182 2095 1236 2168; baseline -0.004 -18"><span class='ocrx_word' id='word_1_206' title='bbox 182 2097 300 2162; x_wconf 81' lang='lat' dir='ltr'>Veliam,</span> <span class='ocrx_word' id='word_1_207' title='bbox 316 2096 439 2146; x_wconf 69' lang='lat' dir='ltr'>Lucaniae</span> <span class='ocrx_word' id='word_1_208' title='bbox 449 2095 610 2167; x_wconf 89' lang='lat' dir='ltr'>oppidum),</span> <span class='ocrx_word' id='word_1_209' title='bbox 624 2097 668 2147; x_wconf 80' lang='lat' dir='ltr'>ubi</span> <span class='ocrx_word' id='word_1_210' title='bbox 679 2095 823 2148; x_wconf 80' lang='lat' dir='ltr'>Palinurus</span> <span class='ocrx_word' id='word_1_211' title='bbox 833 2113 924 2168; x_wconf 84' lang='lat' dir='ltr'>puppe</span> <span class='ocrx_word' id='word_1_212' title='bbox 936 2096 1048 2163; x_wconf 71' lang='lat' dir='ltr'>excellit,</span> <span class='ocrx_word' id='word_1_213' title='bbox 1061 2107 1087 2147; x_wconf 85' lang='lat' dir='ltr'>et</span> <span class='ocrx_word' id='word_1_214' title='bbox 1099 2095 1170 2148; x_wconf 88' lang='lat' dir='ltr'>unde</span> <span class='ocrx_word' id='word_1_215' title='bbox 1183 2095 1236 2164; x_wconf 81' lang='lat' dir='ltr'>(itn</span> 
     </span>
     <span class='ocr_line' id='line_1_24' title="bbox 180 2173 1237 2248; baseline 0 -20"><span class='ocrx_word' id='word_1_216' title='bbox 180 2179 250 2228; x_wconf 83' lang='lat' dir='ltr'>euim</span> <span class='ocrx_word' id='word_1_217' title='bbox 262 2175 326 2244; x_wconf 76' lang='lat' dir='ltr'>legit</span> <span class='ocrx_word' id='word_1_218' title='bbox 338 2173 490 2225; x_wconf 85' lang='lat' dir='ltr'>Gronovius</span> <span class='ocrx_word' id='word_1_219' title='bbox 501 2193 552 2244; x_wconf 87' lang='lat' dir='ltr'>pro</span> <span class='ocrx_word' id='word_1_220' title='bbox 566 2173 637 2244; x_wconf 85' lang='lat' dir='ltr'>inde)</span> <span class='ocrx_word' id='word_1_221' title='bbox 649 2175 737 2226; x_wconf 77' lang='lat' dir='ltr'>Moeon</span> <span class='ocrx_word' id='word_1_222' title='bbox 746 2175 839 2246; x_wconf 80' lang='lat' dir='ltr'>probet</span> <span class='ocrx_word' id='word_1_223' title='bbox 848 2193 923 2226; x_wconf 80' lang='lat' dir='ltr'>suum</span> <span class='ocrx_word' id='word_1_224' title='bbox 932 2175 1092 2228; x_wconf 70' lang='lat' dir='ltr'>Maeoniden.</span> <span class='ocrx_word' id='word_1_225' title='bbox 1104 2173 1156 2228; x_wconf 89' lang='lat' dir='ltr'>Sed</span> <span class='ocrx_word' id='word_1_226' title='bbox 1166 2193 1237 2248; x_wconf 86' lang='lat' dir='ltr'>quo·</span> 
     </span>
     <span class='ocr_line' id='line_1_25' title="bbox 179 2251 1237 2324; baseline 0.001 -19"><span class='ocrx_word' id='word_1_227' title='bbox 179 2253 261 2310; x_wconf 81' lang='lat' dir='ltr'>modo</span> <span class='ocrx_word' id='word_1_228' title='bbox 276 2253 332 2304; x_wconf 85' lang='lat' dir='ltr'>fieri</span> <span class='ocrx_word' id='word_1_229' title='bbox 347 2264 453 2321; x_wconf 85' lang='lat' dir='ltr'>potest,</span> <span class='ocrx_word' id='word_1_230' title='bbox 468 2264 498 2302; x_wconf 89' lang='lat' dir='ltr'>ut</span> <span class='ocrx_word' id='word_1_231' title='bbox 511 2255 600 2305; x_wconf 83' lang='lat' dir='ltr'>Moeon</span> <span class='ocrx_word' id='word_1_232' title='bbox 615 2269 662 2303; x_wconf 90' lang='lat' dir='ltr'>seu</span> <span class='ocrx_word' id='word_1_233' title='bbox 675 2252 826 2322; x_wconf 81' lang='lat' dir='ltr'>Smymoeus</span> <span class='ocrx_word' id='word_1_234' title='bbox 839 2251 937 2324; x_wconf 86' lang='lat' dir='ltr'>probet</span> <span class='ocrx_word' id='word_1_235' title='bbox 951 2271 1028 2306; x_wconf 85' lang='lat' dir='ltr'>suum</span> <span class='ocrx_word' id='word_1_236' title='bbox 1041 2253 1192 2306; x_wconf 77' lang='lat' dir='ltr'>Maeoniden</span> <span class='ocrx_word' id='word_1_237' title='bbox 1205 2273 1237 2306; x_wconf 81' lang='lat' dir='ltr'>cx</span> 
     </span>
     <span class='ocr_line' id='line_1_26' title="bbox 182 2329 1237 2405; baseline 0 -19"><span class='ocrx_word' id='word_1_238' title='bbox 182 2333 210 2388; x_wconf 86' lang='lat' dir='ltr'><em>V</em></span> <span class='ocrx_word' id='word_1_239' title='bbox 206 2331 272 2399; x_wconf 84' lang='lat' dir='ltr'>elin,</span> <span class='ocrx_word' id='word_1_240' title='bbox 285 2329 366 2384; x_wconf 76' lang='lat' dir='ltr'>italie</span> <span class='ocrx_word' id='word_1_241' title='bbox 377 2329 462 2381; x_wconf 79' lang='lat' dir='ltr'>urbe?</span> <span class='ocrx_word' id='word_1_242' title='bbox 476 2329 529 2381; x_wconf 89' lang='lat' dir='ltr'>hoc</span> <span class='ocrx_word' id='word_1_243' title='bbox 541 2331 629 2399; x_wconf 86' lang='lat' dir='ltr'>prims</span> <span class='ocrx_word' id='word_1_244' title='bbox 643 2329 731 2381; x_wconf 77' lang='lat' dir='ltr'>fronte</span> <span class='ocrx_word' id='word_1_245' title='bbox 744 2331 795 2383; x_wconf 87' lang='lat' dir='ltr'>sibi</span> <span class='ocrx_word' id='word_1_246' title='bbox 807 2335 858 2405; x_wconf 89' lang='lat' dir='ltr'>ipsi</span> <span class='ocrx_word' id='word_1_247' title='bbox 870 2330 1043 2400; x_wconf 79' lang='lat' dir='ltr'>contradicit,</span> <span class='ocrx_word' id='word_1_248' title='bbox 1057 2347 1084 2385; x_wconf 89' lang='lat' dir='ltr'>et</span> <span class='ocrx_word' id='word_1_249' title='bbox 1095 2352 1172 2405; x_wconf 75' lang='lat' dir='ltr'>uque</span> <span class='ocrx_word' id='word_1_250' title='bbox 1185 2333 1237 2386; x_wconf 83' lang='lat' dir='ltr'>ab·</span> 
     </span>
     <span class='ocr_line' id='line_1_27' title="bbox 176 2405 1238 2481; baseline -0.003 -16"><span class='ocrx_word' id='word_1_251' title='bbox 176 2405 292 2470; x_wconf 75' lang='lat' dir='ltr'>&#39;surdum</span> <span class='ocrx_word' id='word_1_252' title='bbox 306 2423 346 2464; x_wconf 86' lang='lat' dir='ltr'>est</span> <span class='ocrx_word' id='word_1_253' title='bbox 362 2429 393 2462; x_wconf 82' lang='lat' dir='ltr'>oc</span> <span class='ocrx_word' id='word_1_254' title='bbox 411 2410 433 2462; x_wconf 88' lang='lat' dir='ltr'>si</span> <span class='ocrx_word' id='word_1_255' title='bbox 449 2407 522 2460; x_wconf 83' lang='lat' dir='ltr'>dicas</span> <span class='ocrx_word' id='word_1_256' title='bbox 537 2406 703 2460; x_wconf 83' lang='lat' dir='ltr'>Nicandrum</span> <span class='ocrx_word' id='word_1_257' title='bbox 719 2410 912 2481; x_wconf 77' lang='lat' dir='ltr'>Colophonium</span> <span class='ocrx_word' id='word_1_258' title='bbox 926 2425 1019 2464; x_wconf 89' lang='lat' dir='ltr'>natum</span> <span class='ocrx_word' id='word_1_259' title='bbox 1033 2429 1088 2464; x_wconf 81' lang='lat' dir='ltr'>csse</span> <span class='ocrx_word' id='word_1_260' title='bbox 1100 2411 1238 2480; x_wconf 78' lang='lat' dir='ltr'>londini,</span> 
     </span>
     <span class='ocr_line' id='line_1_28' title="bbox 180 2487 1237 2562; baseline -0.005 -14"><span class='ocrx_word' id='word_1_261' title='bbox 180 2493 320 2548; x_wconf 71' lang='lat' dir='ltr'>Britannis</span> <span class='ocrx_word' id='word_1_262' title='bbox 332 2487 467 2543; x_wconf 68' lang='lat' dir='ltr'>arhcvet</span> <span class='ocrx_word' id='word_1_263' title='bbox 477 2490 499 2540; x_wconf 88' lang='lat' dir='ltr'>si</span> <span class='ocrx_word' id='word_1_264' title='bbox 510 2490 600 2540; x_wconf 79' lang='lat' dir='ltr'>Moeon</span> <span class='ocrx_word' id='word_1_265' title='bbox 611 2507 672 2542; x_wconf 89' lang='lat' dir='ltr'>cnm</span> <span class='ocrx_word' id='word_1_266' title='bbox 684 2488 820 2540; x_wconf 83' lang='lat' dir='ltr'>Gronorio</span> <span class='ocrx_word' id='word_1_267' title='bbox 836 2492 951 2562; x_wconf 86' lang='lat' dir='ltr'>accipias</span> <span class='ocrx_word' id='word_1_268' title='bbox 963 2509 1013 2561; x_wconf 86' lang='lat' dir='ltr'>pro</span> <span class='ocrx_word' id='word_1_269' title='bbox 1023 2501 1095 2562; x_wconf 81' lang='lat' dir='ltr'>putre</span> <span class='ocrx_word' id='word_1_270' title='bbox 1106 2489 1237 2558; x_wconf 83' lang='lat' dir='ltr'>Homeri,</span> 
     </span>
     <span class='ocr_line' id='line_1_29' title="bbox 182 2567 1237 2643; baseline -0.002 -19"><span class='ocrx_word' id='word_1_271' title='bbox 182 2591 271 2643; x_wconf 74' lang='lat' dir='ltr'>quaem</span> <span class='ocrx_word' id='word_1_272' title='bbox 285 2571 349 2643; x_wconf 86' lang='lat' dir='ltr'>qnid</span> <span class='ocrx_word' id='word_1_273' title='bbox 363 2569 403 2623; x_wconf 89' lang='lat' dir='ltr'>illi</span> <span class='ocrx_word' id='word_1_274' title='bbox 416 2589 478 2622; x_wconf 88' lang='lat' dir='ltr'>cum</span> <span class='ocrx_word' id='word_1_275' title='bbox 494 2569 620 2622; x_wconf 68' lang='lat' dir='ltr'>secante</span> <span class='ocrx_word' id='word_1_276' title='bbox 632 2567 713 2637; x_wconf 84' lang='lat' dir='ltr'>urbe,</span> <span class='ocrx_word' id='word_1_277' title='bbox 730 2583 776 2622; x_wconf 80' lang='lat' dir='ltr'>sut</span> <span class='ocrx_word' id='word_1_278' title='bbox 789 2589 844 2642; x_wconf 88' lang='lat' dir='ltr'>quo</span> <span class='ocrx_word' id='word_1_279' title='bbox 859 2589 938 2623; x_wconf 87' lang='lat' dir='ltr'>sensu</span> <span class='ocrx_word' id='word_1_280' title='bbox 953 2571 1001 2623; x_wconf 88' lang='lat' dir='ltr'>ille</span> <span class='ocrx_word' id='word_1_281' title='bbox 1012 2571 1064 2624; x_wconf 85' lang='lat' dir='ltr'>diei</span> <span class='ocrx_word' id='word_1_282' title='bbox 1074 2573 1159 2642; x_wconf 78' lang='lat' dir='ltr'>possit</span> <span class='ocrx_word' id='word_1_283' title='bbox 1171 2591 1237 2643; x_wconf 91' lang='lat' dir='ltr'>pro-</span> 
     </span>
     <span class='ocr_line' id='line_1_30' title="bbox 181 2649 1238 2725; baseline -0.005 -15"><span class='ocrx_word' id='word_1_284' title='bbox 181 2654 246 2710; x_wconf 86' lang='lat' dir='ltr'>bare</span> <span class='ocrx_word' id='word_1_285' title='bbox 258 2653 340 2706; x_wconf 85' lang='lat' dir='ltr'>filium</span> <span class='ocrx_word' id='word_1_286' title='bbox 355 2669 433 2705; x_wconf 86' lang='lat' dir='ltr'>suum</span> <span class='ocrx_word' id='word_1_287' title='bbox 445 2649 595 2703; x_wconf 78' lang='lat' dir='ltr'>Mneuiden</span> <span class='ocrx_word' id='word_1_288' title='bbox 608 2663 696 2702; x_wconf 86' lang='lat' dir='ltr'>ortum</span> <span class='ocrx_word' id='word_1_289' title='bbox 706 2669 763 2704; x_wconf 87' lang='lat' dir='ltr'>esse</span> <span class='ocrx_word' id='word_1_290' title='bbox 775 2670 806 2703; x_wconf 82' lang='lat' dir='ltr'>ex</span> <span class='ocrx_word' id='word_1_291' title='bbox 818 2651 915 2705; x_wconf 80' lang='lat' dir='ltr'>Velia?</span> <span class='ocrx_word' id='word_1_292' title='bbox 923 2653 1002 2704; x_wconf 81' lang='lat' dir='ltr'>Mitto</span> <span class='ocrx_word' id='word_1_293' title='bbox 1013 2651 1087 2725; x_wconf 89' lang='lat' dir='ltr'>quod</span> <span class='ocrx_word' id='word_1_294' title='bbox 1096 2653 1176 2705; x_wconf 83' lang='lat' dir='ltr'>verbu</span> <span class='ocrx_word' id='word_1_295' title='bbox 1191 2651 1238 2705; x_wconf 87' lang='lat' dir='ltr'>illu</span> 
     </span>
     <span class='ocr_line' id='line_1_31' title="bbox 183 2731 1237 2808; baseline -0.002 -22"><span class='ocrx_word' id='word_1_296' title='bbox 183 2734 262 2808; x_wconf 72' lang='lat' dir='ltr'>lonqo</span> <span class='ocrx_word' id='word_1_297' title='bbox 277 2733 366 2785; x_wconf 86' lang='lat' dir='ltr'>ordine</span> <span class='ocrx_word' id='word_1_298' title='bbox 380 2732 439 2784; x_wconf 86' lang='lat' dir='ltr'>vitoe</span> <span class='ocrx_word' id='word_1_299' title='bbox 453 2731 548 2785; x_wconf 84' lang='lat' dir='ltr'>falsum</span> <span class='ocrx_word' id='word_1_300' title='bbox 563 2733 716 2799; x_wconf 82' lang='lat' dir='ltr'>continent,</span> <span class='ocrx_word' id='word_1_301' title='bbox 731 2733 782 2784; x_wconf 88' lang='lat' dir='ltr'>nisi</span> <span class='ocrx_word' id='word_1_302' title='bbox 797 2731 908 2803; x_wconf 85' lang='lat' dir='ltr'>probari</span> <span class='ocrx_word' id='word_1_303' title='bbox 924 2735 1009 2803; x_wconf 88' lang='lat' dir='ltr'>possit</span> <span class='ocrx_word' id='word_1_304' title='bbox 1024 2733 1174 2786; x_wconf 83' lang='lat' dir='ltr'>Moeoniden</span> <span class='ocrx_word' id='word_1_305' title='bbox 1191 2751 1237 2785; x_wconf 85' lang='lat' dir='ltr'>scu</span> 
     </span>
     <span class='ocr_line' id='line_1_32' title="bbox 182 2812 1237 2884; baseline -0.003 -18"><span class='ocrx_word' id='word_1_306' title='bbox 182 2816 326 2866; x_wconf 86' lang='lat' dir='ltr'>Homerum</span> <span class='ocrx_word' id='word_1_307' title='bbox 348 2831 379 2865; x_wconf 82' lang='lat' dir='ltr'>ex</span> <span class='ocrx_word' id='word_1_308' title='bbox 397 2814 511 2864; x_wconf 83' lang='lat' dir='ltr'>maxima</span> <span class='ocrx_word' id='word_1_309' title='bbox 528 2825 604 2883; x_wconf 82' lang='lat' dir='ltr'>parte</span> <span class='ocrx_word' id='word_1_310' title='bbox 623 2825 818 2868; x_wconf 83' lang='lat' dir='ltr'>commoratum</span> <span class='ocrx_word' id='word_1_311' title='bbox 837 2829 895 2866; x_wconf 85' lang='lat' dir='ltr'>esse</span> <span class='ocrx_word' id='word_1_312' title='bbox 914 2812 1013 2874; x_wconf 67' lang='lat' dir='ltr'>Velio,⁸</span> <span class='ocrx_word' id='word_1_313' title='bbox 1034 2814 1147 2884; x_wconf 85' lang='lat' dir='ltr'>pessime</span> <span class='ocrx_word' id='word_1_314' title='bbox 1166 2814 1237 2864; x_wconf 88' lang='lat' dir='ltr'>euim</span> 
     </span>
     <span class='ocr_line' id='line_1_33' title="bbox 182 2889 1236 2964; baseline -0.003 -18"><span class='ocrx_word' id='word_1_315' title='bbox 182 2893 332 2946; x_wconf 79' lang='lat' dir='ltr'>Gronovius</span> <span class='ocrx_word' id='word_1_316' title='bbox 347 2895 535 2963; x_wconf 86' lang='lat' dir='ltr'>iuterpretatur</span> <span class='ocrx_word' id='word_1_317' title='bbox 546 2889 601 2944; x_wconf 69' lang='lat' dir='ltr'>luc</span> <span class='ocrx_word' id='word_1_318' title='bbox 611 2891 706 2958; x_wconf 85' lang='lat' dir='ltr'>verba,</span> <span class='ocrx_word' id='word_1_319' title='bbox 716 2903 775 2964; x_wconf 83' lang='lat' dir='ltr'>post</span> <span class='ocrx_word' id='word_1_320' title='bbox 783 2890 882 2946; x_wconf 79' lang='lat' dir='ltr'>multus</span> <span class='ocrx_word' id='word_1_321' title='bbox 891 2893 1029 2944; x_wconf 76' lang='lat' dir='ltr'>hominum</span> <span class='ocrx_word' id='word_1_322' title='bbox 1041 2903 1142 2954; x_wconf 57' lang='lat' dir='ltr'>etatem</span> <span class='ocrx_word' id='word_1_323' title='bbox 1154 2911 1236 2964; x_wconf 88' lang='lat' dir='ltr'>quum</span> 
     </span>
     <span class='ocr_line' id='line_1_34' title="bbox 183 2969 1238 3046; baseline -0.001 -21"><span class='ocrx_word' id='word_1_324' title='bbox 183 2992 262 3026; x_wconf 87' lang='lat' dir='ltr'>nomo</span> <span class='ocrx_word' id='word_1_325' title='bbox 277 2991 394 3046; x_wconf 83' lang='lat' dir='ltr'>uuquam</span> <span class='ocrx_word' id='word_1_326' title='bbox 408 2975 436 3024; x_wconf 92' lang='lat' dir='ltr'>in</span> <span class='ocrx_word' id='word_1_327' title='bbox 449 2969 501 3024; x_wconf 89' lang='lat' dir='ltr'>hoc</span> <span class='ocrx_word' id='word_1_328' title='bbox 516 2989 595 3024; x_wconf 86' lang='lat' dir='ltr'>sensu</span> <span class='ocrx_word' id='word_1_329' title='bbox 610 2990 642 3023; x_wconf 88' lang='lat' dir='ltr'>ea</span> <span class='ocrx_word' id='word_1_330' title='bbox 656 2973 805 3043; x_wconf 73' lang='lat' dir='ltr'>usurparit,</span> <span class='ocrx_word' id='word_1_331' title='bbox 822 2985 849 3024; x_wconf 85' lang='lat' dir='ltr'>et</span> <span class='ocrx_word' id='word_1_332' title='bbox 862 2975 885 3025; x_wconf 88' lang='lat' dir='ltr'>si</span> <span class='ocrx_word' id='word_1_333' title='bbox 898 2974 961 3026; x_wconf 77' lang='lat' dir='ltr'>ferri</span> <span class='ocrx_word' id='word_1_334' title='bbox 974 2987 1066 3044; x_wconf 84' lang='lat' dir='ltr'>posset</span> <span class='ocrx_word' id='word_1_335' title='bbox 1082 2971 1139 3025; x_wconf 71' lang='lat' dir='ltr'>hac</span> <span class='ocrx_word' id='word_1_336' title='bbox 1156 2974 1238 3025; x_wconf 81' lang='lat' dir='ltr'>inter-</span> 
     </span>
     <span class='ocr_line' id='line_1_35' title="bbox 184 3048 1238 3127; baseline 0.001 -23"><span class='ocrx_word' id='word_1_337' title='bbox 184 3055 313 3127; x_wconf 86' lang='lat' dir='ltr'>pretatio,</span> <span class='ocrx_word' id='word_1_338' title='bbox 332 3051 500 3106; x_wconf 77' lang='lat' dir='ltr'>abundarent</span> <span class='ocrx_word' id='word_1_339' title='bbox 515 3064 603 3102; x_wconf 89' lang='lat' dir='ltr'>tamen</span> <span class='ocrx_word' id='word_1_340' title='bbox 617 3048 674 3102; x_wconf 75' lang='lat' dir='ltr'>hacc</span> <span class='ocrx_word' id='word_1_341' title='bbox 689 3051 785 3118; x_wconf 80' lang='lat' dir='ltr'>verba,</span> <span class='ocrx_word' id='word_1_342' title='bbox 799 3070 883 3124; x_wconf 88' lang='lat' dir='ltr'>quum</span> <span class='ocrx_word' id='word_1_343' title='bbox 897 3053 958 3105; x_wconf 79' lang='lat' dir='ltr'>satis</span> <span class='ocrx_word' id='word_1_344' title='bbox 975 3065 1044 3106; x_wconf 84' lang='lat' dir='ltr'>esset</span> <span class='ocrx_word' id='word_1_345' title='bbox 1059 3051 1172 3118; x_wconf 81' lang='lat' dir='ltr'>dixisse,</span> <span class='ocrx_word' id='word_1_346' title='bbox 1190 3077 1202 3100; x_wconf 80' lang='grc' dir='ltr'>ι</span> <span class='ocrx_word' id='word_1_347' title='bbox 1212 3066 1238 3105; x_wconf 83' lang='lat' dir='ltr'>et</span> 
     </span>
     <span class='ocr_line' id='line_1_36' title="bbox 184 3129 1237 3207; baseline 0 -21"><span class='ocrx_word' id='word_1_348' title='bbox 184 3131 255 3186; x_wconf 89' lang='lat' dir='ltr'>unde</span> <span class='ocrx_word' id='word_1_349' title='bbox 271 3134 358 3185; x_wconf 80' lang='lat' dir='ltr'>Maeon</span> <span class='ocrx_word' id='word_1_350' title='bbox 375 3129 473 3203; x_wconf 85' lang='lat' dir='ltr'>prohat</span> <span class='ocrx_word' id='word_1_351' title='bbox 489 3148 567 3183; x_wconf 87' lang='lat' dir='ltr'>suum</span> <span class='ocrx_word' id='word_1_352' title='bbox 582 3129 770 3194; x_wconf 78' lang='lat' dir='ltr'>Maeoniden;=</span> <span class='ocrx_word' id='word_1_353' title='bbox 791 3134 847 3184; x_wconf 89' lang='lat' dir='ltr'>sine</span> <span class='ocrx_word' id='word_1_354' title='bbox 863 3133 935 3198; x_wconf 83' lang='lat' dir='ltr'>istis,</span> <span class='ocrx_word' id='word_1_355' title='bbox 953 3130 1034 3207; x_wconf 69' lang='lat' dir='ltr'>lonpo</span> <span class='ocrx_word' id='word_1_356' title='bbox 1052 3133 1143 3186; x_wconf 83' lang='lat' dir='ltr'>ordino</span> <span class='ocrx_word' id='word_1_357' title='bbox 1161 3135 1237 3196; x_wconf 82' lang='lat' dir='ltr'>uitoe,</span> 
     </span>
     <span class='ocr_line' id='line_1_37' title="bbox 185 3207 1239 3283; baseline 0.002 -20"><span class='ocrx_word' id='word_1_358' title='bbox 185 3230 243 3283; x_wconf 80' lang='lat' dir='ltr'>quae</span> <span class='ocrx_word' id='word_1_359' title='bbox 259 3214 395 3264; x_wconf 76' lang='lat' dir='ltr'>sententie</span> <span class='ocrx_word' id='word_1_360' title='bbox 412 3224 439 3263; x_wconf 90' lang='lat' dir='ltr'>et</span> <span class='ocrx_word' id='word_1_361' title='bbox 455 3211 544 3263; x_wconf 90' lang='lat' dir='ltr'>sensui</span> <span class='ocrx_word' id='word_1_362' title='bbox 561 3209 627 3262; x_wconf 87' lang='lat' dir='ltr'>nihil</span> <span class='ocrx_word' id='word_1_363' title='bbox 643 3207 753 3264; x_wconf 86' lang='lat' dir='ltr'>addunt.</span> <span class='ocrx_word' id='word_1_364' title='bbox 770 3212 806 3263; x_wconf 80' lang='lat' dir='ltr'>At</span> <span class='ocrx_word' id='word_1_365' title='bbox 822 3210 886 3282; x_wconf 86' lang='lat' dir='ltr'>qnid</span> <span class='ocrx_word' id='word_1_366' title='bbox 902 3213 925 3264; x_wconf 91' lang='lat' dir='ltr'>si</span> <span class='ocrx_word' id='word_1_367' title='bbox 940 3223 995 3264; x_wconf 85' lang='lat' dir='ltr'>tota</span> <span class='ocrx_word' id='word_1_368' title='bbox 1011 3211 1068 3264; x_wconf 79' lang='lat' dir='ltr'>haeo</span> <span class='ocrx_word' id='word_1_369' title='bbox 1084 3211 1119 3264; x_wconf 88' lang='lat' dir='ltr'>de</span> <span class='ocrx_word' id='word_1_370' title='bbox 1134 3215 1239 3266; x_wconf 68' lang='grc' dir='ltr'><strong>Μίτυν</strong></span> 
     </span>
     <span class='ocr_line' id='line_1_38' title="bbox 184 3288 1239 3364; baseline 0.002 -22"><span class='ocrx_word' id='word_1_371' title='bbox 184 3291 325 3364; x_wconf 81' lang='lat' dir='ltr'>explicatio</span> <span class='ocrx_word' id='word_1_372' title='bbox 344 3290 448 3344; x_wconf 88' lang='lat' dir='ltr'>nullum</span> <span class='ocrx_word' id='word_1_373' title='bbox 465 3289 565 3343; x_wconf 84' lang='lat' dir='ltr'>habent</span> <span class='ocrx_word' id='word_1_374' title='bbox 583 3288 805 3344; x_wconf 81' lang='lat' dir='ltr'>fundamentum?</span> <span class='ocrx_word' id='word_1_375' title='bbox 822 3291 855 3344; x_wconf 84' lang='lat' dir='ltr'>Et</span> <span class='ocrx_word' id='word_1_376' title='bbox 872 3292 987 3344; x_wconf 80' lang='lat' dir='ltr'>sancita</span> <span class='ocrx_word' id='word_1_377' title='bbox 1004 3305 1052 3344; x_wconf 83' lang='lat' dir='ltr'>est.</span> <span class='ocrx_word' id='word_1_378' title='bbox 1069 3293 1140 3364; x_wconf 74' lang='lat' dir='ltr'>Lege</span> <span class='ocrx_word' id='word_1_379' title='bbox 1156 3291 1239 3344; x_wconf 88' lang='lat' dir='ltr'>modo</span> 
     </span>
     <span class='ocr_line' id='line_1_39' title="bbox 184 3368 1239 3443; baseline 0.001 -20"><span class='ocrx_word' id='word_1_380' title='bbox 184 3370 254 3423; x_wconf 80' lang='lat' dir='ltr'>hunc</span> <span class='ocrx_word' id='word_1_381' title='bbox 264 3373 374 3424; x_wconf 85' lang='lat' dir='ltr'>Domitii</span> <span class='ocrx_word' id='word_1_382' title='bbox 383 3385 489 3424; x_wconf 86' lang='lat' dir='ltr'>uotam:</span> <span class='ocrx_word' id='word_1_383' title='bbox 503 3373 619 3424; x_wconf 78' lang='lat' dir='ltr'>·Mc0n.</span> <span class='ocrx_word' id='word_1_384' title='bbox 630 3368 776 3424; x_wconf 83' lang='lat' dir='ltr'>Mendosut</span> <span class='ocrx_word' id='word_1_385' title='bbox 788 3371 872 3424; x_wconf 80' lang='lat' dir='ltr'>codex</span> <span class='ocrx_word' id='word_1_386' title='bbox 883 3370 964 3424; x_wconf 81' lang='lat' dir='ltr'>habet</span> <span class='ocrx_word' id='word_1_387' title='bbox 973 3373 1078 3443; x_wconf 69' lang='lat' dir='ltr'>dlcy&#39;or:</span> <span class='ocrx_word' id='word_1_388' title='bbox 1088 3389 1139 3426; x_wconf 87' lang='lat' dir='ltr'>nos</span> <span class='ocrx_word' id='word_1_389' title='bbox 1148 3374 1239 3426; x_wconf 67' lang='lat' dir='ltr'>steo-</span> 
     </span>
     <span class='ocr_line' id='line_1_40' title="bbox 185 3450 1241 3524; baseline 0.001 -21"><span class='ocrx_word' id='word_1_390' title='bbox 185 3451 313 3522; x_wconf 73' lang='lat' dir='ltr'>legimus,</span> <span class='ocrx_word' id='word_1_391' title='bbox 331 3450 405 3524; x_wconf 89' lang='lat' dir='ltr'>quod</span> <span class='ocrx_word' id='word_1_392' title='bbox 420 3454 562 3523; x_wconf 87' lang='lat' dir='ltr'>insequens</span> <span class='ocrx_word' id='word_1_393' title='bbox 575 3470 666 3504; x_wconf 83' lang='lat' dir='ltr'>versus</span> <span class='ocrx_word' id='word_1_394' title='bbox 681 3451 787 3524; x_wconf 89' lang='lat' dir='ltr'>probat.</span> <span class='ocrx_word' id='word_1_395' title='bbox 799 3477 810 3501; x_wconf 76' lang='grc' dir='ltr'>ι</span> <span class='ocrx_word' id='word_1_396' title='bbox 823 3451 904 3506; x_wconf 87' lang='lat' dir='ltr'>Vides</span> <span class='ocrx_word' id='word_1_397' title='bbox 915 3469 1007 3504; x_wconf 77' lang='lat' dir='ltr'>vocem</span> <span class='ocrx_word' id='word_1_398' title='bbox 1022 3452 1113 3504; x_wconf 80' lang='lat' dir='ltr'>Moeon</span> <span class='ocrx_word' id='word_1_399' title='bbox 1129 3453 1241 3504; x_wconf 76' lang='lat' dir='ltr'>Domini</span> 
     </span>
     <span class='ocr_line' id='line_1_41' title="bbox 185 3532 1240 3606; baseline 0 -21"><span class='ocrx_word' id='word_1_400' title='bbox 185 3533 339 3606; x_wconf 72' lang='lat' dir='ltr'>figmentum</span> <span class='ocrx_word' id='word_1_401' title='bbox 352 3553 424 3602; x_wconf 85' lang='lat' dir='ltr'>esse,</span> <span class='ocrx_word' id='word_1_402' title='bbox 437 3552 485 3605; x_wconf 89' lang='lat' dir='ltr'>pro</span> <span class='ocrx_word' id='word_1_403' title='bbox 498 3533 599 3606; x_wconf 78' lang='lat' dir='ltr'>Major3</span> <span class='ocrx_word' id='word_1_404' title='bbox 612 3551 693 3605; x_wconf 82' lang='lat' dir='ltr'>quom</span> <span class='ocrx_word' id='word_1_405' title='bbox 705 3536 784 3586; x_wconf 81' lang='lat' dir='ltr'>etism</span> <span class='ocrx_word' id='word_1_406' title='bbox 796 3532 874 3605; x_wconf 82' lang='lat' dir='ltr'>plane</span> <span class='ocrx_word' id='word_1_407' title='bbox 886 3533 970 3587; x_wconf 87' lang='lat' dir='ltr'>hahet</span> <span class='ocrx_word' id='word_1_408' title='bbox 980 3535 1142 3598; x_wconf 82' lang='lat' dir='ltr'>Parmensis,</span> <span class='ocrx_word' id='word_1_409' title='bbox 1156 3535 1240 3585; x_wconf 75' lang='lat' dir='ltr'>«Mc-</span> 
     </span>
     <span class='ocr_line' id='line_1_42' title="bbox 177 3611 1241 3688; baseline 0.001 -23"><span class='ocrx_word' id='word_1_410' title='bbox 177 3617 225 3687; x_wconf 78' lang='lat' dir='ltr'>jor</span> <span class='ocrx_word' id='word_1_411' title='bbox 236 3626 262 3666; x_wconf 90' lang='lat' dir='ltr'>et</span> <span class='ocrx_word' id='word_1_412' title='bbox 273 3612 335 3665; x_wconf 89' lang='lat' dir='ltr'>inde</span> <span class='ocrx_word' id='word_1_413' title='bbox 349 3631 435 3666; x_wconf 89' lang='lat' dir='ltr'>suum.</span> <span class='ocrx_word' id='word_1_414' title='bbox 448 3639 458 3662; x_wconf 80' lang='grc' dir='ltr'>ι</span> <span class='ocrx_word' id='word_1_415' title='bbox 473 3612 541 3681; x_wconf 88' lang='lat' dir='ltr'>Sed,</span> <span class='ocrx_word' id='word_1_416' title='bbox 554 3611 627 3688; x_wconf 89' lang='lat' dir='ltr'>quod</span> <span class='ocrx_word' id='word_1_417' title='bbox 639 3616 747 3685; x_wconf 83' lang='lat' dir='ltr'>majoris</span> <span class='ocrx_word' id='word_1_418' title='bbox 760 3630 800 3669; x_wconf 85' lang='lat' dir='ltr'>cst</span> <span class='ocrx_word' id='word_1_419' title='bbox 811 3616 954 3682; x_wconf 85' lang='lat' dir='ltr'>momenti,</span> <span class='ocrx_word' id='word_1_420' title='bbox 967 3613 1042 3668; x_wconf 83' lang='lat' dir='ltr'>deest</span> <span class='ocrx_word' id='word_1_421' title='bbox 1054 3613 1165 3668; x_wconf 76' lang='lat' dir='ltr'>alterum</span> <span class='ocrx_word' id='word_1_422' title='bbox 1177 3633 1241 3667; x_wconf 85' lang='lat' dir='ltr'>sen-</span> 
     </span>
     <span class='ocr_line' id='line_1_43' title="bbox 186 3691 1240 3760; baseline 0.002 -14"><span class='ocrx_word' id='word_1_423' title='bbox 186 3696 273 3748; x_wconf 83' lang='lat' dir='ltr'>tentiae</span> <span class='ocrx_word' id='word_1_424' title='bbox 287 3693 444 3748; x_wconf 85' lang='lat' dir='ltr'>membrum.</span> <span class='ocrx_word' id='word_1_425' title='bbox 457 3693 524 3748; x_wconf 88' lang='lat' dir='ltr'>Vide</span> <span class='ocrx_word' id='word_1_426' title='bbox 541 3696 627 3747; x_wconf 89' lang='lat' dir='ltr'>enim:</span> <span class='ocrx_word' id='word_1_427' title='bbox 647 3695 764 3750; x_wconf 82' lang='lat' dir='ltr'>Gemincc</span> <span class='ocrx_word' id='word_1_428' title='bbox 782 3707 853 3750; x_wconf 82' lang='lat' dir='ltr'>tcrroe</span> <span class='ocrx_word' id='word_1_429' title='bbox 868 3705 980 3760; x_wconf 68' lang='lat' dir='ltr'>certant,</span> <span class='ocrx_word' id='word_1_430' title='bbox 1002 3695 1090 3758; x_wconf 80' lang='lat' dir='ltr'>Velio,</span> <span class='ocrx_word' id='word_1_431' title='bbox 1110 3691 1240 3750; x_wconf 78' lang='lat' dir='ltr'>etaltera</span> 
     </span>
     <span class='ocr_line' id='line_1_44' title="bbox 188 3772 1242 3847; baseline -0.002 -23"><span class='ocrx_word' id='word_1_432' title='bbox 188 3774 326 3845; x_wconf 68' lang='lat' dir='ltr'>quapiam.</span> <span class='ocrx_word' id='word_1_433' title='bbox 339 3772 421 3844; x_wconf 81' lang='lat' dir='ltr'>Atqui</span> <span class='ocrx_word' id='word_1_434' title='bbox 435 3772 512 3826; x_wconf 86' lang='lat' dir='ltr'>Velia</span> <span class='ocrx_word' id='word_1_435' title='bbox 523 3785 626 3825; x_wconf 85' lang='lat' dir='ltr'>tantum</span> <span class='ocrx_word' id='word_1_436' title='bbox 638 3789 775 3847; x_wconf 86' lang='lat' dir='ltr'>comparet</span> <span class='ocrx_word' id='word_1_437' title='bbox 787 3797 793 3826; x_wconf 94' lang='lat'><strong>:</strong></span> <span class='ocrx_word' id='word_1_438' title='bbox 808 3775 853 3828; x_wconf 91' lang='lat' dir='ltr'>ubi</span> <span class='ocrx_word' id='word_1_439' title='bbox 866 3787 905 3826; x_wconf 85' lang='lat' dir='ltr'>cst</span> <span class='ocrx_word' id='word_1_440' title='bbox 917 3773 1014 3840; x_wconf 72' lang='lat' dir='ltr'>ultera,</span> <span class='ocrx_word' id='word_1_441' title='bbox 1026 3772 1083 3825; x_wconf 87' lang='lat' dir='ltr'>scil.</span> <span class='ocrx_word' id='word_1_442' title='bbox 1095 3772 1242 3845; x_wconf 81' lang='lat' dir='ltr'>Neapolis?</span> 
     </span>
     <span class='ocr_line' id='line_1_45' title="bbox 187 3851 1238 3927; baseline -0.002 -22"><span class='ocrx_word' id='word_1_443' title='bbox 187 3855 246 3906; x_wconf 83' lang='lat' dir='ltr'>latu</span> <span class='ocrx_word' id='word_1_444' title='bbox 262 3873 315 3906; x_wconf 91' lang='lat' dir='ltr'>non</span> <span class='ocrx_word' id='word_1_445' title='bbox 334 3852 401 3906; x_wconf 89' lang='lat' dir='ltr'>adeo</span> <span class='ocrx_word' id='word_1_446' title='bbox 416 3851 532 3905; x_wconf 84' lang='lat' dir='ltr'>difficilis</span> <span class='ocrx_word' id='word_1_447' title='bbox 548 3866 588 3904; x_wconf 90' lang='lat' dir='ltr'>est</span> <span class='ocrx_word' id='word_1_448' title='bbox 601 3853 688 3906; x_wconf 81' lang='lat' dir='ltr'>editus</span> <span class='ocrx_word' id='word_1_449' title='bbox 705 3856 739 3908; x_wconf 86' lang='lat' dir='ltr'>ud</span> <span class='ocrx_word' id='word_1_450' title='bbox 753 3855 833 3927; x_wconf 88' lang='lat' dir='ltr'>hujus</span> <span class='ocrx_word' id='word_1_451' title='bbox 847 3853 899 3906; x_wconf 92' lang='lat' dir='ltr'>loci</span> <span class='ocrx_word' id='word_1_452' title='bbox 914 3873 1039 3919; x_wconf 86' lang='lat' dir='ltr'>sensum,</span> <span class='ocrx_word' id='word_1_453' title='bbox 1056 3854 1103 3924; x_wconf 89' lang='lat' dir='ltr'>qui</span> <span class='ocrx_word' id='word_1_454' title='bbox 1118 3851 1164 3904; x_wconf 91' lang='lat' dir='ltr'>hic</span> <span class='ocrx_word' id='word_1_455' title='bbox 1181 3867 1238 3906; x_wconf 86' lang='lat' dir='ltr'>est:</span> 
     </span>
     <span class='ocr_line' id='line_1_46' title="bbox 191 3930 1238 4003; baseline 0 -20"><span class='ocrx_word' id='word_1_456' title='bbox 191 3935 278 3986; x_wconf 77' lang='lat' dir='ltr'>sDuae</span> <span class='ocrx_word' id='word_1_457' title='bbox 294 3947 368 3985; x_wconf 82' lang='lat' dir='ltr'>terrae</span> <span class='ocrx_word' id='word_1_458' title='bbox 385 3944 487 3985; x_wconf 82' lang='lat' dir='ltr'>certant</span> <span class='ocrx_word' id='word_1_459' title='bbox 502 3930 537 3986; x_wconf 85' lang='lat' dir='ltr'>de</span> <span class='ocrx_word' id='word_1_460' title='bbox 553 3930 657 3986; x_wconf 87' lang='lat' dir='ltr'>honore</span> <span class='ocrx_word' id='word_1_461' title='bbox 674 3935 801 3988; x_wconf 83' lang='lat' dir='ltr'>natalium</span> <span class='ocrx_word' id='word_1_462' title='bbox 819 3947 941 3998; x_wconf 64' lang='lat' dir='ltr'>tuorum</span> <span class='ocrx_word' id='word_1_463' title='bbox 958 3934 986 3987; x_wconf 85' lang='lat' dir='ltr'><em>V</em></span> <span class='ocrx_word' id='word_1_464' title='bbox 983 3933 1036 3988; x_wconf 81' lang='lat' dir='ltr'>elin</span> <span class='ocrx_word' id='word_1_465' title='bbox 1051 3946 1076 3984; x_wconf 88' lang='lat' dir='ltr'>et</span> <span class='ocrx_word' id='word_1_466' title='bbox 1090 3931 1238 4003; x_wconf 79' lang='lat' dir='ltr'>Neapolis:</span> 
     </span>
     <span class='ocr_line' id='line_1_47' title="bbox 190 4011 1238 4087; baseline -0.004 -22"><span class='ocrx_word' id='word_1_467' title='bbox 190 4011 265 4065; x_wconf 80' lang='lat' dir='ltr'>Velio</span> <span class='ocrx_word' id='word_1_468' title='bbox 280 4012 344 4066; x_wconf 88' lang='lat' dir='ltr'>dicit</span> <span class='ocrx_word' id='word_1_469' title='bbox 357 4027 383 4066; x_wconf 87' lang='lat' dir='ltr'>te</span> <span class='ocrx_word' id='word_1_470' title='bbox 397 4031 473 4066; x_wconf 84' lang='lat' dir='ltr'>suum</span> <span class='ocrx_word' id='word_1_471' title='bbox 486 4032 544 4067; x_wconf 85' lang='lat' dir='ltr'>csse</span> <span class='ocrx_word' id='word_1_472' title='bbox 558 4013 591 4068; x_wconf 87' lang='lat' dir='ltr'>de</span> <span class='ocrx_word' id='word_1_473' title='bbox 603 4029 682 4086; x_wconf 66' lang='lat' dir='ltr'>gente</span> <span class='ocrx_word' id='word_1_474' title='bbox 690 4037 698 4078; x_wconf 90' lang='lat'>;</span> <span class='ocrx_word' id='word_1_475' title='bbox 711 4014 838 4086; x_wconf 84' lang='lat' dir='ltr'>Neapolis</span> <span class='ocrx_word' id='word_1_476' title='bbox 850 4012 1071 4087; x_wconf 65' lang='lat' dir='ltr'>probamentum</span> <span class='ocrx_word' id='word_1_477' title='bbox 1084 4031 1141 4066; x_wconf 84' lang='lat' dir='ltr'>esse</span> <span class='ocrx_word' id='word_1_478' title='bbox 1156 4011 1238 4080; x_wconf 69' lang='lat' dir='ltr'>longo</span> 
     </span>
    </p>
   </div>
   <div class='ocr_carea' id='block_1_3' title="bbox 0 0 1409 4486">
    <p class='ocr_par' dir='ltr' id='par_1_8' title="bbox 0 0 1409 4486">
     <span class='ocr_line' id='line_1_48' title="bbox 0 0 1409 4486; baseline 0 0"><span class='ocrx_word' id='word_1_479' title='bbox 0 0 1409 4486; x_wconf 95' lang='lat' dir='ltr'> </span> 
     </span>
    </p>
   </div>
  </div>
 </body>
</html>
