2804 4490
366 317 495 411 LIBRI
519 315 724 382 SECUNDI
750 317 999 385 SILVARUM.
1138 324 1198 411 195

157 450 290 517 Qussnsm
304 440 349 494 hic
366 443 500 513 oppositio
510 443 581 494 iuter
593 453 713 496 curvatus
728 441 844 494 membra
856 455 882 495 et
896 441 988 497 Gmius
999 449 1111 498 amicus?
1123 461 1150 500 et
1160 462 1201 502 ta·

155 545 220 580 men
236 524 391 596 requiritur.
408 523 491 593 Lege,
505 521 584 574 «Sive
602 523 730 576 catenatis
748 523 861 576 nudatus
877 523 1025 577 membru·
1041 530 1100 580 Jam
1114 530 1201 598 vides,

157 608 212 660 sive
224 605 327 668 nudus,
340 621 388 655 seu
400 601 481 653 Graio
493 619 563 654 more
573 602 691 656 amictus.
708 604 798 674 Virgil.
811 605 906 676 Georg.
918 607 954 672 n,
967 604 1030 658 531:
1047 609 1201 681 sCorpora-
1249 667 1264 682 ·

158 705 211 757 que
223 685 324 755 agresti
336 681 437 734 nudant
448 679 569 753 praedura
579 681 698 752 palestra
705 704 734 746 μ
747 681 848 735 AEneid
858 685 906 748 ΠΙ,
919 683 983 736 281:
998 687 1145 741 «Exercent
1152 709 1201 762 ps-

157 766 222 817 triss
234 762 298 817 oleo
310 759 418 814 labente
429 759 562 834 palustrae
574 759 675 814 Nudati
687 763 786 826 socii;·
801 760 877 815 Ovid.
890 763 996 818 Heroid.
1009 765 1081 834 XVI,
1094 767 1157 840 1491

347 859 415 906 More
424 869 468 904 tuae
478 858 551 920 gentis
560 857 632 906 nitida
642 858 697 904 dum
707 858 769 906 nuda
778 859 882 921 palaestra

378 927 462 983 Ludis,
473 939 497 976 st
507 943 530 974 es
539 928 608 975 nudis
617 927 702 976 femina
711 931 779 976 mitta
788 931 851 978 viris.

157 1020 222 1076 lude
233 1017 322 1075 nudas
332 1015 465 1093 palaestras
474 1018 584 1082 Noster,
596 1015 715 1082 silvini,
728 1029 753 1069 t:
764 1035 821 1072 orsa
830 1019 983 1088 Menandri,
995 1034 1025 1074 ut
1037 1021 1108 1093 apud
1120 1024 1204 1080 Auso.

159 1101 250 1170 nim,
264 1103 386 1174 Protrep.
400 1117 426 1170 V:
440 1097 484 1163 46.

196 1245 255 1297 ns.
277 1241 399 1314 nequet
413 1255 482 1291 rosea
495 1235 590 1290 lasciva
603 1237 698 1290 Thalia
710 1258 813 1292 corona.
828 1239 887 1293 Scio
903 1241 1038 1314 quomodo
1051 1242 1107 1296 lraec
1120 1245 1204 1319 expli-

160 1339 201 1378 c„
214 1321 382 1386 Gronovius,
396 1317 534 1370 Observat.
546 1319 591 1382 tv,
607 1334 653 1385 αι,
667 1319 743 1388 cujus
756 1318 836 1371 verba
849 1318 906 1372 haec
919 1337 982 1378 sunt
995 1345 1001 1374 ι
1019 1326 1136 1397 sFrangi
1149 1325 1207 1380 vult

161 1407 259 1458 “inem
270 1412 447 1466 exstructum,
457 1414 539 1470 quum
549 1399 752 1470 superimposita
762 1417 861 1454 corona
869 1399 1036 1472 deprimitur,
1046 1419 1072 1458 et
1081 1409 1120 1460 sic
1129 1410 1204 1481 quasi

160 1484 315 1538 destruitur.
328 1477 468 1550 Virgilius,
482 1488 559 1528 tonsa
573 1495 650 1529 coma
663 1495 754 1553 pressa
768 1496 883 1530 corona:
896 1494 927 1533 ut
937 1481 1059 1556 frangere
1071 1499 1142 1541 toros
1153 1505 1204 1561 pro

160 1563 320 1635 deprimere.
330 1584 342 1608 n
354 1559 415 1610 lisso
424 1560 462 1609 vir
472 1575 598 1609 summus.
609 1555 661 1609 Sed
671 1554 723 1610 alio
734 1575 814 1610 sensu
823 1556 920 1612 dicitur
925 1559 1052 1636 sranpere
1061 1575 1140 1632 toros,
1152 1566 1204 1619 alio

156 1643 282 1718 fuvere
294 1641 392 1692 crinem
397 1659 407 1699 ,·
419 1656 450 1689 ex
459 1635 562 1708 Virgilii
573 1635 634 1688 loco
647 1631 727 1688 citat'o
737 1655 825 1688 veram
835 1652 897 1690 ante
907 1639 1000 1694 oculos
1008 1641 1102 1696 habuit
1113 1644 1206 1698 lectio-

161 1743 234 1788 nem,
252 1739 334 1795 quam
350 1717 420 1772 hanc
436 1735 493 1770 csse
507 1729 629 1769 autumo:
647 1719 821 1790 «crinemque
835 1716 961 1771 decorum
975 1723 1114 1778 pressisset
1128 1744 1206 1780 rosea

162 1801 259 1856 lasciva
271 1798 368 1852 Thalia
381 1816 515 1858 coronw
530 1797 642 1862 Noster,
656 1795 716 1849 Silv.
727 1798 751 1864 1,
768 1815 797 1848 a:
816 1799 927 1852 «Minoa
941 1801 1040 1852 crinem
1053 1805 1149 1875 premit
1161 1805 1205 1858 ille

162 1901 270 1935 corona,
282 1905 293 1927 .
306 1879 386 1931 Vides
399 1877 491 1929 eadem
502 1875 596 1945 rerba,
611 1877 693 1944 infra,
706 1875 795 1928 Silvar.
807 1877 839 1946 V,
850 1877 880 1930 3:
897 1881 973 1932 aileu
987 1881 1059 1952 qnod
1073 1902 1115 1935 me
1127 1887 1205 1938 mixta

163 1980 275 2035 quemn,
292 1977 347 2012 non
360 1957 454 2029 pressit
466 1955 533 2008 oliva
543 1960 549 2006 !
559 1981 570 2004 n
581 1956 704 2028 Virgilius
721 1953 831 2028 (praeter
844 1957 934 2010 locum
946 1979 961 2011 a
975 1961 1107 2015 Gronovio
1120 1964 1205 2018 addu-

162 2043 249 2114 ctum)
263 2036 366 2094 AEneid.
379 2039 424 2104 Ν,
441 2037 502 2108 147;
521 2037 600 2108 ulpse
608 2037 679 2114 jugis
692 2035 787 2108 Cynthi
798 2036 926 2108 graditur,
942 2039 1067 2113 mollique
1080 2041 1204 2098 fluentem

161 2121 267 2174 Fronde
277 2119 374 2197 premit
382 2119 481 2168 crinem
492 2115 607 2186 fingens:
619 2140 629 2163 a
645 2115 678 2168 od
689 2135 745 2188 qua·
755 2115 873 2169 Servius:
887 2119 987 2172 Premit
995 2123 1105 2190 crim,
1115 2123 1142 2175 id
1152 2139 1204 2191 est,

164 2199 358 2276 comprehenso
371 2197 442 2249 crine
456 2193 537 2268 efficit
553 2215 586 2247 ne
594 2195 683 2274 μναῖς
697 2195 772 2266 lege,
788 2216 940 2268 compresso
954 2201 1024 2251 crine
1037 2199 1134 2282 efficit,
1154 2217 1203 2256 etc.

163 2279 240 2334 ovid,
254 2283 324 2332 Part.
340 2279 384 2344 lv,
396 2275 463 2330 655:
479 2277 542 2327 sBis
556 2293 602 2328 sus
617 2275 721 2346 faginea
736 2289 854 2348 tempora
870 2277 967 2331 fronde
978 2281 1108 2352 premit;r
1125 2285 1161 2334 ita
1174 2303 1205 2335 ex

163 2359 235 2414 MSS.
249 2359 333 2412 edidit
340 2356 464 2409 Heinsius
475 2373 524 2426 pro
530 2353 630 2429 fronde
643 2357 712 2428 tepit.
724 2353 860 2422 Lucanus,
869 2359 901 2424 V,
914 2360 963 2412 60:
979 2378 1107 2431 cupressos
1118 2361 1206 2416 diade·

163 2453 231 2492 mate
240 2442 326 2493 crines
334 2461 362 2502 ,ιι
377 2439 469 2490 Senes.
480 2423 588 2508 Hippdl.
599 2453 623 2485 v.
634 2435 702 2504 649:
718 2459 729 2481 u
739 2441 965 2506 presserantvittae
974 2457 1089 2504 romanu
1101 2464 1112 2488 a
1126 2440 1205 2512 plura

162 2521 281 2592 exempla
290 2521 318 2570 in
329 2530 435 2589 promtu
445 2513 531 2567 habeo
541 2538 546 2566 :
560 2513 607 2567 sed
616 2513 671 2568 haec
682 2513 825 2568 sufficiunt.
835 2517 914 2583 Mox,
925 2537 996 2570 casus
1005 2518 1078 2573 tarde
1087 2539 1205 2574 remean-

163 2601 195 2651 tis
206 2598 289 2652 Ulixi:
305 2596 397 2650 alludit
411 2597 480 2647 forte
495 2593 529 2647 ad
543 2596 592 2646 ista
605 2595 697 2646 Horat.
713 2593 797 2646 Carm.
813 2597 838 2662 1,
850 2595 881 2646 6:
895 2597 971 2648 sNec
984 2616 1076 2650 cursus
1091 2597 1204 2672 duplicis

163 2696 212 2748 per
222 2697 293 2730 mure
302 2677 423 2738 Ulixei„
439 2674 505 2727 sdeo
517 2686 547 2725 nt
558 2673 602 2726 hic
615 2675 691 2725 etiam
704 2673 774 2725 forte
787 2672 954 2727 scribendum
967 2679 1000 2727 sit
1011 2695 1105 2730 ctsrsut¹

206 2819 252 2872 ssd
263 2834 319 2887 seq.
339 2817 421 2887 Quum
432 2816 479 2868 tibi
487 2833 550 2887 pesas
559 2825 649 2882 vestes,
659 2812 1203 2888 quoenonqestomt'uamitisFestirtalmtlse·

164 2899 225 2952 rut?
239 2895 414 2949 precedentis
428 2893 509 2948 rerba
526 2907 601 2961 sunt,
618 2907 666 2946 net
677 2895 738 2944 vise
752 2911 835 2965 puero
847 2891 999 2946 decrescere
1012 2907 1106 2947 vestes.
1117 2920 1128 2942 s
1143 2899 1203 2949 Hsec

160 2980 305 3052 pauperies
316 2977 443 3032 sermonis
458 2991 512 3026 non
524 2973 641 3028 Statiano
654 2986 705 3039 est,
721 2970 768 3024 sed
779 2969 846 3024 alins
858 2973 1020 3042 cujuspiam,
1035 2975 1080 3045 qui
1094 2976 1122 3024 in
1134 2993 1205 3027 mar*-

160 3057 291 3130 5inelibri
305 3056 346 3110 sui
359 3054 533 3108 hansrocem
545 3055 688 3124 scripserat
700 3051 733 3104 ad
746 3050 927 3124 explicandam
939 3051 1015 3103 sliam
1029 3071 1086 3124 quse
1098 3055 1125 3106 in
1138 3074 1204 3109 con-
1226 3115 1230 3122 ⁴

161 3153 232 3192 textu
245 3152 316 3204 erat,
331 3149 359 3188 et
370 3153 428 3207 quae
439 3133 574 3186 difficilior
586 3131 625 3184 illi
639 3133 790 3195 videbatur3
807 3130 869 3184 inde
880 3133 907 3186 in
922 3133 1008 3208 ipsum
1023 3151 1122 3205 corpus
1136 3155 1203 3208 poe-

161 3220 236 3272 matis
247 3216 350 3270 sdtoits
364 3227 421 3268 srtt
434 3213 490 3267 lisso
504 3232 555 3266 vox
568 3211 665 3280 notha,
681 3217 762 3284 ejects
779 3213 896 3282 genuina
909 3225 934 3264 st
946 3213 1074 3278 Statiana;
1089 3233 1159 3287 qun,
1172 3233 1203 3270 nt

160 3297 222 3350 mihi
233 3295 348 3362 ridetur,
363 3295 405 3346 vix
420 3293 473 3346 sliu
484 3312 540 3346 esse
554 3296 643 3364 potuit
655 3311 734 3364 quam
748 3293 863 3345 cinctus.-
882 3293 992 3360 sQuum
1004 3292 1052 3345 tibi
1065 3313 1132 3367 quos
1146 3300 1202 3349 cin-

161 3391 230 3438 ctus,
240 3395 299 3448 que
309 3393 380 3440 nen,
392 3387 443 3426 etu-
455 3397 467 3420 s
481 3373 592 3427 cultilius
603 3375 672 3426 enim
683 3386 708 3425 et
718 3382 795 3426 vestes
804 3371 884 3424 modo
896 3389 1090 3445 precesserunt.
1103 3373 1202 3429 Admo-

160 3455 223 3508 dnn
237 3453 387 3508 verosimile
401 3466 442 3506 sst
458 3454 494 3504 itn
505 3451 550 3504 hic
565 3453 666 3505 factum
682 3453 777 3518 fuisse,
796 3451 869 3525 quod
884 3467 910 3505 et
926 3455 1070 3508 innumeris
1086 3469 1200 3509 veterum

160 3547 297 3590 arctorum
309 3535 376 3587 locis
390 3533 518 3586 accidisse
529 3545 628 3585 norunt
640 3532 747 3594 eruditis
761 3535 834 3586 etita
846 3533 901 3586 hec
914 3548 1029 3604 quatuor
1040 3539 1150 3606 cincus,
1164 3555 1203 3590 ve·

159 3625 218 3679 stes,
231 3615 329 3680 enims,
344 3625 372 3666 et
384 3612 529 3687 putamina
543 3614 753 3684 conjunguntur,
767 3610 850 3664 Theb.
861 3612 909 3677 Vl,
921 3613 967 3681 76,
981 3627 1006 3665 et
1017 3631 1098 3686 seqq:
1107 3637 1119 3662 ι
1128 3615 1201 3682 Quas

157 3713 214 3748 non
226 3697 253 3748 ist
263 3713 361 3748 nomen
373 3693 477 3747 credule
488 3707 573 3746 restes
584 3692 697 3764 urgebat
707 3693 808 3745 studio?
820 3715 831 3739 n
847 3711 877 3744 ex
890 3711 943 3764 quo
958 3693 1033 3760 loco,
1043 3694 1105 3746 huic
1117 3695 1199 3747 simil-

155 3771 234 3838 limo,
250 3776 320 3828 forte
332 3771 501 3826 retinendum
515 3784 555 3824 eat
565 3791 629 3844 quos
641 3781 731 3834 vestes,
746 3785 771 3822 et
783 3769 924 3842 legendum
936 3791 1012 3827 versu
1026 3772 1201 3844 precedenti,

155 3867 182 3905 et
190 3855 237 3905 sisi
245 3873 325 3925 putero
335 3853 477 3906 decrescere
486 3856 604 3906 cinctus:
619 3875 630 3897 ι
637 3853 727 3919 Quum
737 3851 784 3903 tibi
794 3869 859 3924 quas
869 3867 968 3920 vestes,
978 3871 1034 3924 quas
1046 3871 1113 3916 non,
1124 3865 1174 3904 etc.
1186 3876 1197 3898 ι.

156 3931 325 3986 Verissimum
339 3933 395 3988 hoo
410 3947 487 4006 puto.
500 3933 551 3987 Sed
562 3932 626 4006 quid
638 3932 671 3983 de
687 3932 762 3984 uerbo
775 3931 940 3996 laboramus,
955 3949 1036 4002 quum
1050 3949 1135 3982 wreus
1148 3943 1200 3982 tsm

156 4011 225 4066 male
236 4013 350 4067 effectus
363 4016 510 4067 sistrorum
522 4013 610 4066 locum
622 4029 802 4083 apponamus:

939 4074 944 4084 ⁸
1009 4099 1059 4162 13.
