2776 4484
421 278 934 369 manutenuimus
1153 295 1194 382 9³

200 421 254 482 An
265 437 342 508 quae
352 417 523 505 graminea
534 432 690 509 suscepta
702 416 871 508 crepidine
882 418 1014 486 fumant

201 524 343 603 Balnea,
356 541 390 591 et
399 527 598 616 impositum
610 529 692 619 ripis
703 526 891 618 algentibus
902 531 1036 621 ignem?

199 639 335 732 Quique
347 635 692 730 vaporiferisjunotus
703 637 898 706 fornacibus
909 644 1017 707 amnis
1163 656 1197 722 ⁴⁵

200 746 299 815 Ridet
310 745 508 814 anhelantes
519 749 629 814 vicino
641 744 782 814 flumine
793 745 984 840 nymphas?

248 857 325 926 Vidi
336 875 443 939 artes,
457 858 675 951 v'eterumque
687 882 826 942 manus,
839 861 1009 953 variisque
1020 861 1153 930 metalla

201 971 286 1037 Viva
297 969 418 1038 modis.
432 971 543 1039 Labor
553 986 603 1038 est
615 973 688 1037 auri
701 993 887 1039 memorare
899 971 1043 1064 figuras,

92 1063 98 1072 ,
202 1088 270 1148 Ant
281 1081 452 1165 ebur,aut
463 1080 581 1174 dignas
592 1080 704 1173 digitis
716 1085 912 1174 contingere
924 1107 1084 1175 gemmas.

202 1190 373 1288 Quicquid
384 1208 419 1258 et
429 1208 567 1284 argento
580 1193 729 1284 primum
740 1191 794 1261 vel
805 1195 840 1259 in
853 1217 919 1262 aere
930 1196 1083 1286 Myronis
1166 1209 1199 1263 ⁵0
1288 1217 1292 1228 ’

205 1307 317 1388 Lusit,
329 1321 363 1372 et
375 1327 531 1372 enormes
543 1327 663 1371 manus
676 1319 726 1371 est
737 1321 874 1398 experta
885 1305 1043 1375 colossos.

204 1420 294 1483 Dum
306 1439 409 1508 vagos·
419 1431 575 1508 aspectu,
588 1418 748 1510 visusque
760 1439 822 1510 per
832 1419 947 1484 omnia
958 1416 1062 1500 duco,

204 1525 380 1594 Calcabam
392 1529 590 1622 necopinus
602 1551 684 1620 opes
696 1554 703 1594 :
718 1551 798 1594 nam
811 1525 971 1619 splendor
982 1527 1024 1595 ab
1036 1527 1103 1596 alto

205 1635 360 1719 Defluus,
373 1655 407 1706 et
418 1637 562 1706 nitidum
574 1639 754 1706 referentes
766 1661 843 1705 aera
855 1653 949 1706 testae

206 1753 435 1818 Monstravere
447 1749 573 1834 solum;
587 1753 693 1818 varias
706 1749 765 1817 ubi
776 1751 865 1844 picta
876 1773 939 1843 per
950 1766 1038 1816 artes
1169 1761 1201 1816 55

204 1862 337 1929 Gaudet
347 1861 473 1930 humus
485 1887 644 1957 superare
656 1866 751 1931 novis
764 1879 896 1930 asarota
908 1861 1034 1954 figuris.

205 1977 378 2066 Expavere
389 1973 524 2066 gradus.
537 1974 626 2062 Quid
638 1997 729 2042 nunc
740 1977 888 2066 ingentia
899 1977 1018 2056 mirer,

207 2091 273 2152 Aut
283 2083 366 2179 quid
377 2088 509 2179 partitis
521 2085 681 2154 distantia
694 2102 782 2156 tecta
795 2085 971 2154 trichoris?

208 2196 294 2282 Quid
305 2215 356 2281 te,
370 2222 447 2293 qnae
458 2199 577 2267 mediis
590 2215 720 2267 servata
733 2197 929 2292 penatibus,
943 2196 1057 2280 arbor,

207 2308 307 2374 Tecta
317 2332 381 2400 per
392 2325 426 2375 et
437 2321 550 2401 postes
563 2307 707 2404 liquidas
720 2311 909 2401 emergisin
922 2311 1045 2376 auras?
1167 2320 1202 2372 oo
1261 2352 1268 2366 „

204 2421 279 2503 Quo
290 2443 362 2488 non
372 2417 437 2487 snb
449 2419 586 2488 domino
598 2443 704 2490 saevas
716 2443 858 2513 passura
869 2419 1057 2511 bipennes?

162 2645 350 2698 correctionem
360 2649 446 2718 piyros
457 2648 490 2698 Η.
505 2649 613 2719 recepit.
626 2647 657 2698 A.
740 2643 782 2698 56.
801 2645 935 2714 Superum.
960 2643 1143 2714 Sobmntque.
1167 2672 1201 2681 -

199 2721 242 2788 45.
252 2723 356 2795 Quique.
367 2723 656 2796 Quaquehabentcod.
702 2721 770 2774 Edd.
785 2724 861 2773 lions.
877 2723 978 2774 Vicatst.
992 2725 1085 2773 Venet.
1103 2719 1202 2776 habent

164 2803 247 2853 Paris.
264 2816 289 2853 et
306 2801 337 2854 ol.
354 2804 436 2858 Hand.
456 2803 516 2856 Vid.
529 2817 584 2856 not.
599 2806 656 2857 crit.
707 2817 909 2874 usuparantqno
923 2819 1004 2855 novas
1016 2813 1120 2853 asarota
1135 2801 1202 2870 fign-

165 2881 215 2933 Pro
218 2883 341 2952 junctus,
353 2883 390 2935 ed.
403 2903 443 2954 pr.
457 2884 547 2936 unctis.
562 2885 593 2934 A.
703 2899 744 2934 ras
753 2902 782 2944 ς»
799 2881 861 2933 edit.
876 2883 959 2950 prino.
978 2890 1139 2951 superatque
1151 2897 1202 2931 no-

198 2962 242 3014 50-
266 2961 389 3032 Hymnis.
415 2961 480 3017 cod.
505 2963 656 3017 Uratislens.
703 2961 741 3012 vis
754 2972 856 3012 asarota
869 2959 971 3028 figuris3
984 2980 995 3004 ν
1010 2956 1141 3027 sedquod
1155 2977 1203 3031 op-

159 3039 282 3094 Minort's.
302 3043 382 3094 Hsso.
703 3039 1203 3110 timuissem,«superatquanovisnsa-

194 3119 238 3172 51.
256 3119 331 3173 Lnsit
346 3134 372 3174 et
387 3139 503 3174 enomes
522 3140 557 3173 m.
576 3141 598 3174 e.
617 3140 655 3176 ex.
703 3132 760 3171 rota
771 3119 897 3188 figuris„
914 3129 940 3168 et
952 3116 1023 3189 qnod
1036 3115 1118 3172 Codd.
1129 3122 1200 3172 Urat.

158 3197 279 3266 colossos,
293 3198 364 3270 lage,
378 3222 390 3246 ι
399 3198 518 3251 Ζευιὶᾶἰι
528 3211 574 3250 aut
584 3201 657 3251 vario
702 3197 782 3252 vind.
795 3197 913 3264 firmant,
926 3199 1027 3267 primns
1036 3199 1203 3254 commenda-
1308 3246 1312 3255 .

159 3294 255 3328 manns
269 3295 293 3329 e.
306 3295 329 3328 a.
342 3275 463 3329 colom·
477 3306 514 3317 —
526 3277 586 3329 vid.
602 3291 657 3330 not.
703 3279 740 3329 vit
751 3275 908 3344 Salmasius,
921 3288 947 3328 at
958 3275 1100 3346 probatum
1111 3297 1125 3330 a
1137 3281 1169 3334 Ο.
1181 3283 1201 3333 1.

160 3357 216 3408 crit.
230 3385 267 3396 -
279 3357 404 3410 Enormes
417 3375 452 3407 m.
468 3377 489 3410 o.
506 3377 527 3410 e.
542 3355 657 3418 colossos.
702 3358 811 3423 Vossio,
828 3357 927 3428 recepit
943 3355 1100 3410 Gronovius.
1119 3361 1201 3412 Hasn.

161 3433 657 3506 Ineditionevic.iegitur.stinParm.
703 3465 738 3476 -
761 3433 827 3488 Cod.
851 3435 931 3488 Paris.
953 3445 1104 3509 superatque
1124 3455 1203 3494 novas

164 3517 285 3568 «enormi
308 3533 403 3566 manus
424 3526 464 3568 est
484 3527 590 3586 experta
612 3533 659 3566 co·
702 3527 803 3568 asarota
810 3513 921 3589 fiqnms.
936 3514 997 3566 Vid.
1010 3529 1065 3568 not.
1079 3519 1136 3569 orit.
1151 3521 1182 3571 Δ.

161 3590 262 3646 lom.-
282 3597 366 3647 Hun.
676 3625 680 3638 ι
739 3595 781 3664 57.
806 3593 876 3663 Quid
892 3611 961 3646 nuno
980 3595 1098 3666 inqentia
1115 3597 1199 3652 mirer.

195 3671 236 3724 52.
258 3674 392 3746 Visusque.
400 3671 472 3726 Edit.
480 3693 521 3745 ps.
530 3673 657 3747 vivusque.
703 3671 753 3726 Ed.
763 3691 802 3744 pr.
814 3675 940 3744 quinimo
951 3675 1068 3747 inqents'a
1077 3677 1167 3730 mittes.

193 3749 235 3804 53.
254 3754 311 3808 Nec
319 3753 425 3825 opinus.
438 3752 485 3806 Ed.
496 3772 536 3825 pr.
546 3753 645 3825 opimus
649 3774 660 3815 ,·
740 3750 781 3804 58.
789 3749 1202 3824 Andquidpartitislogaatsia?

158 3832 270 3884 correxit
281 3831 427 3884 Domitius.
704 3829 768 3902 quid
774 3830 889 3903 paribus.
902 3861 937 3872 -—
950 3830 1087 3884 Trictoris.
1099 3833 1147 3886 Ed.
1159 3853 1199 3906 pr.

193 3907 234 3976 54.
253 3907 471 3982 Referentesoera.
480 3906 659 3964 cociomtat.
705 3909 808 3963 triton's.
820 3907 880 3962 vid.
894 3923 949 3962 not.
963 3909 1021 3960 orit.
1037 3909 1068 3960 Δ.

158 3985 297 4046 deferentes
308 4008 397 4043 ama.
415 3987 496 4040 Hm.
741 3989 784 4042 60.
806 3989 891 4042 reeta.
900 3986 950 4038 nd.
960 4005 1001 4056 pr.
1013 3997 1082 4041 testo.
1097 3991 1128 4040 Δ.
