2784 4484
161 339 203 433 xij
562 343 803 409 PRAEFATlo

161 496 239 542 vero
256 471 299 539 ad
317 472 628 562 interpretationem
646 487 818 564 spectant,
841 474 884 540 ad
903 474 1027 543 calcem
1043 482 1199 546 carminis

159 591 323 689 cujusque
341 592 535 687 rejecimus,
554 609 670 686 utpote
689 616 764 686 quae
782 593 960 687 largiorem
977 599 1202 667 Criticiscam·

158 742 242 810 pum
253 719 428 811 aperiant,
452 719 592 811 ipsaque
609 714 709 783 latius
729 714 805 783 ideo
825 721 1064 810 exspatientur.

203 917 314 1008 Opere
328 914 496 994 coniecto,
511 909 733 979 Marklandus
745 909 870 979 librum
881 937 981 980 suum
995 914 1143 982 studiose
1154 940 1202 984 re

126 1063 130 1070 ¹
156 1037 252 1119 visit,
274 1036 552 1128 recognovitque;
576 1049 609 1098 et
628 1055 673 1098 ne
692 1031 773 1127 quid
792 1032 1053 1101 desiderandum
1074 1033 1201 1104 videre·

156 1170 228 1238 tur,
243 1155 306 1222 alia
318 1154 478 1233 mutavit,
494 1148 624 1218 addidit
635 1150 716 1232 alia,
728 1150 783 1218 vel
797 1155 936 1220 omnino
950 1151 1094 1222 delevit:
1114 1177 1199 1248 quas

157 1274 293 1368 quidem
307 1271 556 1342 emendationes
573 1271 692 1341 sedulo
705 1271 918 1364 collegimus,
932 1291 965 1342 et
976 1298 1127 1369 quasque
1137 1298 1199 1342 suo

156 1416 291 1490 quoque
316 1392 391 1460 loco
415 1388 627 1485 reponendas
656 1393 869 1458 curavimus:
899 1394 1061 1461 excidisse
1086 1409 1199 1460 tamen

90 1551 98 1572 x
154 1538 257 1581 unam
271 1515 516 1604 comperimus,
534 1535 637 1605 quam
651 1514 841 1578 restitutam
854 1509 909 1580 hic
923 1508 1064 1597 habeas,
1079 1513 1199 1580 Lector

154 1635 414 1718 humanissime,
425 1632 578 1702 velimus.
593 1637 726 1725 Spectat
737 1631 780 1700 ad
793 1656 840 1700 vs.
852 1635 895 1700 83
910 1657 1010 1701 carm.
1021 1637 1082 1716 IV,
1093 1631 1150 1699 lib.
1163 1637 1196 1700 1:

155 1758 219 1822 Nec
228 1759 382 1850 promissa
394 1754 488 1821 semel
491 1780 503 1836 ;
518 1751 576 1818 ubi
590 1750 778 1819 Markland.

215 1926 228 1956 ιι
242 1903 319 1962 Ven.
333 1902 490 1981 promissa.
506 1899 644 1958 Omnino
656 1919 764 1958 verum
777 1891 835 1958 est:

400 2047 405 2057 .
417 2047 422 2057 .
433 2047 439 2058 .
450 2047 455 2057 .
465 2005 512 2060 sed
524 2019 649 2058 revocant
660 2007 739 2071 fasti,
751 2006 887 2076 majorque
900 2003 1003 2056 Curulit

329 2097 384 2148 Nec
395 2095 517 2167 pertulere
530 2095 619 2147 semel.

172 2197 207 2253 Τό
217 2214 283 2268 uec,
295 2206 332 2253 ut
345 2214 425 2274 saepe
436 2193 515 2268 dixi,
531 2191 747 2253 resolvendum
759 2204 804 2251 est
815 2193 849 2250 in
860 2205 887 2252 et
898 2211 959 2252 non
971 2215 980 2250 .·
997 2190 1098 2273 major
1110 2193 1198 2254 euru-

173 2291 211 2352 lis
223 2294 374 2374 pennissa,
389 2306 418 2352 et
428 2313 488 2352 non
499 2291 608 2366 semel,
623 2291 655 2350 id
669 2303 729 2368 est,
744 2293 832 2351 etiam
844 2291 914 2372 plus
926 2311 1020 2372 quam
1032 2291 1141 2368 semel,
1156 2291 1199 2351 bis
1226 2327 1232 2346 ,

171 2402 263 2470 puta,
284 2387 333 2448 vel
356 2387 469 2471 pluries
490 2391 643 2471 permissus
661 2387 852 2462 consutam
872 2385 932 2447 hoc
951 2389 1035 2448 enim
1055 2388 1123 2448 vult
1144 2410 1199 2472 per

173 2482 313 2568 mcajomm
334 2487 477 2566 Carulem.
499 2489 587 2548 Recte
606 2508 679 2548 vero
698 2489 853 2568 permissa,
877 2507 917 2548 sc.
938 2487 978 2546 ab
999 2488 1198 2569 Imperatore.

173 2585 291 2644 Donate
304 2605 432 2644 summas
448 2583 559 2644 curules
575 2583 686 2644 eodem
702 2605 791 2644 sensu
809 2583 984 2659 luvenalis,
1000 2584 1059 2644 Sat.
1078 2587 1122 2660 X,
1140 2605 1195 2664 91:
1263 2649 1269 2660 ,

169 2685 295 2760 Noster,
308 2683 443 2767 Epithal.
459 2683 540 2742 Stell.
556 2704 599 2742 vs.
614 2683 669 2758 32,

350 2831 388 2846 ...
400 2832 405 2842 .
415 2791 503 2844 adhuc
516 2803 607 2862 optas,
617 2793 794 2865 pemissaque
804 2795 912 2846 numine
925 2793 1016 2846 dextro

329 2885 398 2934 Vota
410 2899 505 2952 paves;

172 2979 227 3039 ubi
241 2979 382 3041 similiter
395 2992 460 3040 erat
471 2981 612 3061 promissa
623 3003 632 3037 :
644 2979 716 3040 vide
727 2981 831 3042 Notas.
843 3007 857 3036 a
968 3035 970 3046 ,

152 3113 202 3176 Ea
227 3109 290 3176 fuit
312 3111 409 3178 nobis
433 3109 558 3207 ubique
580 3114 732 3203 magistri
759 3114 967 3194 reverentia,
997 3135 1036 3179 ea
1058 3111 1196 3204 religio,

153 3244 192 3295 ut
202 3227 286 3295 nihil
297 3228 359 3296 tibi
377 3255 418 3298 ex
434 3233 519 3297 tanti
535 3233 633 3322 pretii
648 3228 762 3298 labore
774 3229 926 3322 deperire
938 3228 1088 3298 volentes
1104 3247 1197 3323 pate-

151 3371 282 3429 remur,
305 3347 439 3442 singula
464 3353 712 3442 exciperemus,
733 3350 944 3446 fideliterque
965 3349 1196 3436 traderemus;

150 3467 214 3533 nisi
228 3467 319 3561 quod
332 3469 509 3536 manifeste
526 3469 609 3537 falsa
621 3473 846 3554 correximus,
861 3473 897 3538 iu
911 3469 993 3539 loeis
1008 3472 1196 3564 praesertim

151 3607 193 3652 ex
209 3585 281 3654 aliis
297 3590 490 3658 auctoribus
506 3589 676 3675 adductis,
693 3591 753 3659 ubi
772 3616 833 3661 sua
850 3591 1007 3660 facillime
1025 3589 1196 3687 Marklan-

151 3699 234 3770 dum
247 3709 411 3774 memoria
424 3704 541 3775 fallere
552 3712 680 3802 potuit,
696 3709 892 3805 fefellitque.

196 3871 310 3967 Quum
336 3901 449 3952 autem
481 3889 678 3980 priusquam
706 3887 749 3956 ad
777 3903 950 3954 auctorem
975 3886 1195 3962 accedamus,

28 4084 42 4093 „
151 3999 262 4088 ipsum
275 4023 503 4094 praenoscere,
521 4019 555 4072 et
570 4029 647 4098 quae
663 4005 764 4072 fuerit
779 4003 869 4072 illius
886 4001 1036 4085 indoles,
1055 3997 1145 4094 quod
1162 4016 1195 4066 et
