2824 4488
328 268 434 334 NOT.
456 272 505 334 IN
522 274 664 340 CARM.
687 279 741 345 111
761 282 848 347 LIB.
870 285 926 350 111
945 289 1057 358 SILV.
1143 301 1207 366 353

355 394 473 442 Turbidus
482 409 508 442 ut
515 399 592 446 Ptenis
601 402 712 464 cessitque
721 405 856 466 pavoribus,
869 425 945 459 ensem

354 464 468 526 Corripit,
479 477 502 512 et
511 481 575 513 saerae
584 468 639 515 ierit
646 474 735 532 agmine
745 476 824 522 metris
833 479 933 527 Orestes.

168 565 257 616 Ptenoe
267 577 330 616 sunt
341 563 438 626 Furioe5
450 564 527 636 vulgo
539 568 611 640 apud
622 571 694 640 Virg.
707 572 803 644 legitur
812 579 891 634 scenis
904 583 1016 655 epitatus
1029 587 1131 643 Orestes.
1145 594 1210 647 Pul-

168 654 228 697 setoe
243 645 333 696 matris
346 663 378 695 ex
391 644 482 716 virgil.
495 647 546 713 vt,
563 649 630 719 609:
649 651 823 708 «pulsatusve
838 677 950 728 pareus,
966 678 1012 717 sut
1025 666 1097 720 irtus
1113 672 1208 726 innexa

170 723 295 786 clienti32
310 725 345 776 ite
358 722 432 796 lege3
444 744 512 792 non,
525 727 640 796 etfmtts.

207 905 246 957 ¹7·
269 889 350 941 Tenet
363 907 420 942 ecce
431 890 523 942 seniles
538 891 642 945 Leniter
653 896 793 968 implicitos
809 900 900 955 vultru.
914 905 1028 972 Quinem
1044 926 1106 964 sunt
1118 912 1146 965 hi
1159 918 1209 968 im-

167 967 255 1040 pliciti
263 966 364 1023 uulttts?
371 969 506 1042 quomodo
517 984 562 1022 aut
572 973 615 1024 cni
627 974 767 1047 impliciti?
776 977 858 1050 Lege,
869 984 994 1038 «Leniter
1001 988 1141 1060 adplicitos
1152 995 1210 1048 rul-

169 1059 225 1112 κως
237 1048 291 1102 „tid
306 1061 360 1114 est,
376 1050 506 1118 admotos,
523 1055 664 1123 appositos;
678 1055 772 1109 leniter
789 1071 860 1112 tenet
878 1065 972 1119 seniles
989 1069 1075 1123 vultus
1092 1077 1145 1128 suis
1161 1077 1209 1127 nd·

168 1139 256 1182 motos.
270 1129 395 1196 Ovidius,
407 1133 508 1182 Festos.
521 1133 565 1196 IV,
578 1133 642 1186 8512
660 1136 832 1210 «Osculaque
844 1139 972 1213 adplicuit
985 1152 1073 1220 posito
1085 1171 1208 1225 suprema

167 1209 263 1262 feretro
273 1231 302 1274 ς»
317 1208 364 1262 ubi
378 1211 405 1262 in
419 1209 505 1263 trihus
520 1211 660 1266 codicibus
676 1216 734 1286 peri
750 1233 837 1271 errore
852 1225 981 1295 scriptum
997 1243 1053 1282 eret
1069 1230 1206 1304 implicuit.

169 1287 260 1359 virgil.
273 1291 331 1342 AEn.
346 1291 374 1356 Ι,
388 1291 455 1359 619:

352 1389 409 1449 Quis
418 1401 453 1443 te,
463 1401 516 1437 nete
526 1392 587 1446 nea,
597 1405 641 1452 per
651 1403 711 1438 tante
721 1394 827 1454 pericula
836 1411 901 1446 estus

352 1461 497 1524 Insequitur?
506 1476 557 1526 quse
567 1463 600 1507 ris
609 1463 747 1511 immanibus
756 1465 856 1528 applicet
864 1471 943 1518 rotis?

166 1558 202 1609 its
214 1556 354 1629 legendnm
369 1569 452 1630 pnto;
465 1558 546 1630 vulgo
561 1559 746 1632 frigidissime,
761 1561 917 1619 immanibus
930 1571 996 1630 cris;
1011 1571 1045 1622 nd
1060 1592 1117 1644 qtue
1128 1579 1207 1632 verbu

166 1635 226 1690 ride
241 1637 357 1689 Serrium
372 1637 518 1709 palantem
531 1657 581 1709 pro
594 1640 661 1692 ausis
675 1643 802 1712 scriptum
815 1658 871 1696 erat
885 1647 946 1712 osis,
958 1651 1067 1721 antiquo
1080 1673 1165 1718 more;
1178 1673 1208 1710 ut

166 1715 229 1768 cula
243 1731 269 1769 et
280 1717 350 1784 olla,
364 1737 428 1770 aura
444 1732 470 1771 et
483 1737 528 1771 ora
542 1718 628 1790 (unde
641 1719 749 1774 luminis
760 1741 837 1776 aures
848 1727 945 1794 passim
956 1730 1065 1799 Virgilio
1076 1753 1126 1803 pro
1138 1737 1208 1809 oras)

166 1795 263 1848 Paulln
277 1811 303 1850 et
316 1798 396 1852 Polla
403 1821 413 1861 ‚·
427 1817 459 1850 ex
470 1800 531 1865 osis,
549 1798 621 1871 quod
633 1817 689 1852 non
702 1800 898 1871 intelligebant,
914 1804 1108 1880 interemeris,
1122 1827 1147 1866 et
1160 1817 1207 1868 Di.

165 1876 260 1930 donem
276 1878 435 1930 induxerunt
448 1892 587 1931 vocantem
603 1897 652 1931 sus
666 1897 746 1950 regua
762 1882 889 1936 immanes
902 1903 973 1948 orus,·
990 1889 1166 1960 ineptissime,
1182 1913 1207 1948 et

165 1969 259 2008 contre
274 1957 415 2018 decorum
432 1957 497 2009 dixit
510 1958 571 2024 illa,
585 1976 643 2030 quoe
654 1960 691 2012 vis
702 1961 786 2031 major
801 1961 926 2015 admovet
942 1976 966 2016 te
980 1979 1033 2018 tam
1047 1970 1206 2027 immanibus

164 2037 252 2104 ausis,
264 2048 317 2088 tem
331 2037 474 2110 inperitiltus
485 2040 589 2110 coeptis?
600 2035 665 2089 nihil
677 2036 797 2106 facilius,
809 2053 856 2092 aut
867 2045 949 2114 magis
960 2050 1107 2118 proprium.

200 2217 243 2252 nt.
263 2201 404 2275 Illyriisque
414 2213 491 2273 putat
502 2221 649 2276 pmperasse
658 2221 760 2256 sorores.
774 2206 831 2258 Nic.
845 2209 966 2262 Heinsius
982 2211 1015 2262 ad
1029 2213 1073 2266 sit.
1086 2216 1142 2268 Ital.
1157 2221 1192 2271 lli
1196 2259 1204 2286 ,
1288 2255 1290 2262 ι

161 2280 211 2351 96,
225 2293 251 2333 et
262 2282 337 2334 ovid.
349 2285 411 2336 Met.
425 2285 470 2351 IV,
482 2284 548 2354 470,
561 2302 612 2356 pro
625 2285 711 2356 nipres
721 2284 784 2355 legit
794 2287 896 2359 pipras,·
907 2303 937 2341 ut
948 2309 1040 2344 sensus
1052 2297 1098 2361 sit,
1112 2318 1204 2370 quam.

160 2363 199 2413 vis
208 2361 292 2434 piproe
299 2363 397 2415 fuerint
407 2367 506 2430 Percae,
518 2378 605 2416 temen
615 2383 646 2416 ee
656 2377 696 2416 est
704 2363 750 2417 filii
761 2367 858 2435 pietas,
871 2380 900 2419 ut
911 2388 955 2421 eas
963 2390 1110 2444 properasse
1119 2393 1202 2448 putet,

160 2443 254 2496 Recte:
269 2449 380 2497 acumen
396 2447 465 2498 enim
481 2458 571 2516 captet
585 2447 695 2509 Statius,
711 2459 741 2498 ut
750 2465 781 2498 ex
791 2449 925 2502 antithetis
935 2465 1011 2522 potes
1022 2454 1123 2523 videre,
1139 2462 1204 2512 «Fi-

160 2523 210 2577 lius
224 2537 302 2598 putat
315 2543 398 2577 eunus
409 2526 535 2596 genitoris
547 2523 663 2590 celeres,
678 2538 704 2578 et
715 2529 802 2596 pigras
815 2545 920 2582 sorores
931 2531 1117 2603 properasse.»
1132 2538 1203 2591 Nihil

161 2606 284 2656 erimium
296 2619 364 2657 esset
376 2606 399 2657 si
412 2607 492 2679 niproe
507 2623 610 2658 sorores
620 2623 768 2678 properasse
778 2605 945 2670 viderentnr;
960 2608 1012 2662 hoc
1026 2617 1095 2666 enim
1107 2629 1134 2668 et
1146 2618 1202 2670 eliis

162 2681 258 2735 accidit
270 2686 316 2755 qui
326 2685 426 2736 amicos
438 2703 514 2737 caros
528 2684 715 2757 perdiderunt3
728 2683 774 2736 sed
787 2685 910 2754 quando,
923 2686 986 2740 licet
996 2692 1078 2762 piproe
1089 2694 1201 2762 fuerint,

162 2773 251 2814 temen
265 2763 385 2834 videntur
398 2783 543 2840 properasse
549 2787 559 2827 ;
574 2783 623 2817 nec
640 2763 692 2815 hoc
706 2764 809 2826 solnm,
825 2765 912 2820 sedet
923 2764 987 2838 filio
1002 2771 1124 2824 videntur
1139 2794 1201 2846 pro·

157 2859 271 2912 pemsse5
283 2863 313 2898 ea
324 2845 429 2898 demum
445 2859 483 2899 est
495 2848 563 2898 mira
568 2845 645 2919 fides.
658 2847 698 2897 De
713 2844 754 2896 his
768 2844 913 2912 Martialis,
927 2849 1016 2917 epigr.
1029 2854 1075 2903 Vll
1083 2891 1091 2919 ,
1104 2853 1153 2918 40:

375 2951 418 2997 liic
427 2967 500 3014 prope
510 2963 546 2998 ter
555 2965 621 2997 senet
630 2950 685 2998 risit
694 2947 842 3013 Olympiades
851 2966 856 2995 :

344 3022 387 3069 Sed
396 3023 509 3070 festinetis
518 3034 611 3084 raptum
621 3021 662 3068 tibi
671 3021 770 3067 eredidit
777 3022 844 3067 annis

374 3095 470 3155 Aspexit
478 3093 582 3141 lecrirmu
591 3093 706 3157 quisquis,
716 3095 824 3148 Etruscis,
834 3105 893 3138 tuas.

195 3265 235 3299 υ.
254 3246 392 3301 Extreltent
397 3249 498 3321 placidi
507 3251 610 3302 Lethea
619 3251 655 3301 ed
661 3248 774 3322 flumine
785 3249 885 3301 Manes.
898 3249 981 3302 Solita
992 3269 1161 3307 numerorum
1173 3271 1200 3310 et

158 3345 269 3398 poeseos
277 3329 407 3402 elegantia
415 3333 524 3385 Statium
532 3333 660 3403 expressit
669 3329 747 3401 hujus
758 3329 886 3382 Editionis
895 3333 1019 3401 magister
1027 3334 1198 3407 cultissimus,
1222 3395 1227 3406 ,

157 3405 189 3457 Il.
204 3409 233 3461 E.
248 3409 382 3477 Lnunt,
395 3411 423 3463 in
438 3413 554 3463 carmine
569 3429 622 3484 quo
638 3413 767 3482 tragicum
783 3423 904 3462 nostrum
915 3410 996 3464 Ducis
1008 3415 1143 3483 quondam
1158 3417 1197 3469 el·

158 3480 332 3558 loquebatur:
348 3488 503 3542 «Exsultate
515 3491 552 3562 pii
564 3490 650 3560 gelido
663 3489 712 3541 sub
724 3507 855 3541 marmore
867 3491 968 3542 Manes.
980 3513 991 3539 a
1013 3491 1044 3543 A.

192 3650 233 3704 25.
254 3652 303 3704 Pro
315 3665 341 3706 et
352 3655 464 3706 nimium
472 3654 556 3726 felix,
568 3656 640 3725 lege,
654 3655 704 3706 heu
715 3654 825 3708 nimium
831 3653 917 3725 felin,¹
930 3672 1010 3726 supra
1021 3659 1119 3709 monui.
1130 3657 1197 3710 Scri-

155 3741 229 3798 ptum
239 3745 295 3784 eett
304 3751 336 3785 eu
346 3751 395 3802 pro
406 3733 472 3798 lieu,
486 3748 514 3786 ut
525 3734 608 3806 eipso
618 3733 662 3785 ltei
672 3733 804 3804 pascimin
815 3731 887 3786 MSS.
899 3731 970 3783 unde
980 3731 1044 3785 nihil
1054 3735 1197 3804 proclivius

155 3827 233 3880 quem
246 3831 278 3865 ex
291 3833 323 3865 eu
336 3814 424 3866 ‘facete
438 3827 462 3868 et
470 3838 479 3877 ς
495 3817 541 3889 qui
556 3833 629 3868 error
643 3815 870 3885 frequentissimus
885 3824 942 3879 est,
955 3825 981 3864 et
995 3815 1126 3886 insignem
1140 3820 1198 3870 Vir·

155 3887 209 3960 gilii
222 3890 313 3944 locum
325 3893 437 3960 insedit,
450 3896 507 3947 AEn.
519 3897 581 3959 vn,
598 3895 666 3963 778,
680 3892 712 3945 de
724 3894 869 3964 Hippolyto
882 3891 917 3943 ab
932 3895 1006 3965 equis
1021 3893 1164 3947 distructo:

342 3991 411 4038 Unde
422 3993 489 4039 etism
500 3991 585 4053 templo
595 3991 678 4037 'triviae
689 3989 792 4052 lucisque
802 3989 895 4036 secretis

246 4071 276 4136 Ι.
1017 4069 1058 4132 23
1091 4137 1094 4143 A
