2804 4490
356 285 519 350 ,utum
543 285 684 350 rursu
708 285 961 354 stimuum.
1133 293 1194 372 143
1292 243 1294 248 Α

147 411 249 480 primur
265 407 434 480 depravavit,
450 427 544 462 vocem
557 421 642 464 tuntas
652 411 787 484 eleganter
798 414 897 465 omitti:
913 413 975 466 iude
987 433 1065 486 praes
1079 415 1158 468 lectio
1170 431 1196 468 et

147 488 290 542 distinctio.
306 491 417 555 Noster,
429 489 489 542 silv.
504 489 550 545 lib.
564 493 603 558 ll,
614 509 694 543 earm.
706 491 736 558 6,
747 509 814 544 vers.
828 492 877 560 35,
887 510 959 566 seqq.
970 517 976 545 :

680 623 686 633 .
696 623 701 633 .
712 624 718 634 .
730 622 735 632 .
745 587 805 634 illine
814 603 875 633 unus

304 660 365 700 Ante
374 655 458 711 deror,
468 667 582 718 quantum
592 658 703 717 precedit
712 657 774 703 clara
783 659 885 704 minores

305 729 369 774 buna
379 727 454 782 leem,
464 739 624 790 qtnntmque
633 727 692 774 alios
700 730 786 791 premit
795 731 913 791 llerpetos
921 731 995 791 ignes.

149 813 242 880 idest,
255 825 361 866 uttntm
374 827 435 866 ante
445 824 574 885 quantum
582 853 591 879 ,
605 825 655 868 eto.
668 817 798 882 Avienus,
809 816 875 868 Orb.
886 817 977 869 Deset.
992 835 1057 871 vers.
1070 819 1139 890 469:
1207 855 1212 862 „

681 947 701 957 ..
713 947 717 957 .
730 911 782 957 ‚hic
792 923 815 957 et
824 913 897 974 laspit

337 981 407 1028 Νη
416 984 486 1028 tniest
494 979 565 1028 stellis
574 993 686 1044 quantum
696 997 799 1028 consere
807 997 852 1044 per
860 982 938 1028 ethra

337 1054 408 1115 lgnea
416 1053 536 1115 perpetuis
544 1052 668 1100 ardescunt
678 1053 752 1100 sidera
762 1053 867 1102 llamtuis.

152 1125 231 1214 leapis
243 1146 327 1200 micat
336 1155 465 1218 quantum
478 1142 578 1212 sidera,
593 1157 644 1211 est,
657 1153 760 1200 tantum
771 1145 851 1200 micat
862 1155 990 1216 quantum
1002 1145 1095 1200 sidera.
1106 1147 1196 1202 Senes.

152 1223 277 1277 Controv.
294 1225 341 1288 111,
355 1223 457 1276 Praelat.
473 1221 506 1276 de
522 1221 653 1276 Albucio:
672 1221 825 1296 «Splendor
839 1225 965 1278 orationis
980 1239 1094 1297 quantus
1109 1230 1198 1280 nescio

154 1320 184 1352 an
196 1303 221 1354 in
235 1303 294 1356 ullo
306 1303 358 1356 alio
372 1305 459 1356 luerit.
471 1327 482 1352 ι
496 1305 589 1358 Horat.
601 1303 687 1376 Epod.
700 1306 739 1358 X:

339 1403 445 1464 lusurgat
454 1401 538 1465 Aquilo
547 1413 648 1465 qtmntns
657 1401 709 1448 altis
717 1402 834 1448 montibus

371 1474 465 1534 Frangit
473 1485 599 1519 uenientes
607 1473 679 1520 iliona.

153 1560 270 1616 Juvenal.
285 1563 340 1616 Sat.
352 1565 400 1630 m,
412 1585 436 1616 v.
449 1564 513 1616 223:

339 1655 363 1700 Si
371 1665 436 1717 potes
444 1651 512 1700 avelli
520 1651 682 1710 Circensibus,
694 1653 780 1716 optim
791 1651 853 1696 Sorte

340 1727 386 1772 Aut
395 1724 531 1770 Fabrateria
540 1724 635 1778 domus,
646 1734 685 1769 ent
694 1724 826 1770 Frusinone
834 1733 942 1785 paratur,

340 1797 427 1856 Quanti
435 1811 497 1842 nune
506 1795 615 1859 tenebar
623 1809 697 1843 mum
706 1793 818 1842 conducis
826 1795 852 1842 in
860 1807 956 1840 annum.

157 1881 189 1932 ita
203 1882 436 1953 distinguendum:
449 1895 558 1954 paratur
571 1884 639 1935 tanti
649 1884 744 1954 quanti
753 1901 826 1936 nune
837 1879 968 1935 conducis
979 1879 1068 1934 locum
1085 1880 1198 1954 aliquem

157 1961 359 2015 tenebricosum,
375 1961 551 2031 Claudianus,
565 1963 598 2016 de
611 1961 695 2016 Laud.
711 1962 791 2016 Stilio.
806 1962 852 2016 lib.
865 1963 902 2028 ll,
915 1979 981 2044 rete.
994 1961 1062 2016 305:

339 2057 449 2104 Publicus
458 2057 496 2104 ille
506 2059 693 2121 intorquentem
704 2071 742 2105 tua
752 2074 808 2105 cura
817 2044 907 2121 pet-egil

340 2131 459 2178 Secutum
468 2131 559 2178 meruit.

158 2212 188 2264 ld
199 2229 250 2281 est,
263 2241 274 2264 ι
285 2232 388 2271 tanturn
401 2233 530 2272 secretum
543 2233 671 2291 qnantum
683 2232 728 2271 tua
740 2237 806 2270 oure
817 2220 955 2289 pet-egini
971 2218 1050 2292 rnlgo
1063 2219 1152 2289 inepte
1164 2217 1201 2269 di·

160 2295 310 2367 stinguitur,
323 2323 335 2345 ·
345 2303 421 2352 furor
430 2300 574 2373 (quantum
584 2313 630 2353 tua
642 2319 705 2352 eura
714 2301 845 2373 peregitl)
858 2299 999 2353 Secretum.
1011 2323 1022 2346 n
1036 2303 1074 2352 lta
1083 2310 1146 2370 quot
1158 2317 1202 2370 ap2

159 2373 229 2443 Virg-
242 2377 343 2430 AEueid.
355 2381 392 2445 ll,
404 2398 441 2431 vs.
454 2381 522 2431 330:

527 2467 603 2512 Portis
612 2465 649 2514 elil
658 2465 922 2528 bipatentibus‘adnmt,

342 2537 412 2585 Millia
421 2547 478 2602 quot
485 2541 573 2602 maguis
580 2554 685 2602 nnqnm
695 2555 780 2588 venere
789 2539 901 2602 Mycenis.

161 2620 190 2672 ld
205 2639 256 2691 est,
267 2635 305 2676 tot
316 2625 395 2678 millia
405 2637 471 2700 quot
480 2646 582 2680 venere.
596 2628 736 2698 inscriptio
748 2639 823 2682 retus
835 2625 906 2697 apud
918 2625 1082 2691 lisinetium,
1094 2645 1120 2696 p.
1131 2625 1180 2679 681
1194 2649 1199 2676 :

364 2717 498 2768 Eovoeuvs
511 2731 607 2768 amunte
621 2715 731 2766 Gntnuts
743 2730 814 2780 ortu
828 2729 861 2764 n
874 2713 991 2774 erttts3

165 2796 195 2848 ld
209 2813 259 2866 est,
274 2824 286 2846 ι
296 2815 346 2854 tam
357 2805 451 2858 Gracia
463 2823 543 2877 quam
555 2817 582 2857 et
592 2805 702 2857 urinis.
712 2825 725 2851 ι

198 2931 240 2984 88.
259 2933 319 3006 Ipse
324 2935 414 3010 palam
427 2937 511 2990 lacero
519 2937 638 3012 poscebat
646 2933 760 3010 Repulus
770 2933 870 2986 umbra.
881 2929 1023 3002 Quomodo
1033 2929 1147 3002 Regulus
1158 2933 1204 3002 qui

160 3009 231 3081 apud
244 3012 343 3066 inferos
356 3031 411 3070 erat
421 3017 542 3087 poscebat
555 3015 699 3067 tributum?
712 3013 765 3066 hoc
781 3013 850 3064 enim
864 3011 981 3063 viuomm
990 3020 1047 3087 est,
1065 3027 1120 3059 non
1132 3027 1202 3060 mor-

160 3101 257 3144 tuomm
264 3115 274 3155 ,-
286 3092 358 3165 loge,
371 3113 402 3146 ex
415 3093 599 3146 emendatione
611 3094 689 3145 amici
699 3092 752 3143 mei
763 3091 873 3143 loannis
885 3087 996 3140 Jortini:

345 3193 397 3255 lpse
405 3191 480 3258 palam
488 3190 564 3239 lacera
573 3189 699 3253 plaudebat
707 3187 811 3250 Regulus
818 3186 909 3232 utnltra.

157 3273 294 3334 Claudiam
309 3278 344 3332 de
360 3279 432 3332 Bello
448 3281 523 3344 Get.;
537 3279 598 3332 Silv.
611 3283 644 3346 V,
656 3279 687 3343 33
702 3277 795 3331 Claud.
810 3275 965 3330 Pescennio.
979 3272 1013 3325 de
1027 3275 1110 3350 Nupt.
1132 3271 1200 3324 llon.

159 3366 185 3404 εἰ
194 3355 261 3409 liar.
273 3377 299 3410 v.
314 3377 364 3430 77:
370 3359 422 3414 sed
434 3361 498 3410 mire
509 3359 658 3432 concipitur
670 3371 742 3410 totus
755 3355 798 3407 hio
811 3354 886 3407 locus
898 3355 924 3405 iu
937 3351 978 3404 ed.
991 3353 1077 3403 Parin.
1091 3362 1117 3403 et
1128 3353 1201 3402 Rom.

54 3485 57 3496 .
159 3432 194 3484 *tl
204 3433 270 3490 ltane
282 3459 381 3516 nempe
392 3441 522 3492 formam:

486 3563 491 3574 .
502 3562 507 3572 .
518 3562 524 3573 .
534 3561 539 3572 .
548 3527 634 3592 gaudet
643 3525 790 3573 Trasimenus
800 3537 823 3570 et
832 3521 914 3584 Alpes,
971 3537 974 3542 ·

347 3597 455 3645 Attollam
462 3611 546 3645 motu:
558 3598 643 3662 gaudet
650 3599 799 3644 Trasimenus
810 3605 832 3640 et
842 3593 912 3656 Alpes

344 3667 523 3731 Cannensesque
532 3672 630 3716 snimae:
641 3669 778 3731 primusque
786 3667 877 3728 insigne
887 3663 998 3710 utentum

346 3739 398 3800 lpse
407 3738 483 3802 palam
492 3739 542 3786 laeta
552 3740 664 3802 poicebat
673 3737 773 3800 Regulus
784 3737 874 3782 umbra.

155 3825 275 3878 Romana
292 3827 407 3882 includit
419 3829 572 3902 parenthesi
588 3829 667 3884 verba
685 3828 815 3884 Attollom
829 3838 921 3887 cantem
935 3821 1043 3887 melius,
1061 3823 1084 3872 si
1100 3838 1131 3871 ex
1148 3831 1205 3871 toto

156 3903 328 3960 exclusisset:
341 3915 479 3964 nonenim
495 3913 571 3966 Statii
585 3923 624 3965 est
634 3929 740 3978 versus,
753 3909 800 3963 sed
813 3907 928 3972 librarii,
942 3905 986 3976 qui
998 3899 1148 3974 precedens
1162 3897 1207 3949 he·

155 3985 310 4042 mittieltion
319 3989 433 4045 iteravit.
445 3995 479 4046 m
488 3991 585 4062 uoluit,
597 3994 704 4064 opinor,
715 3989 845 4045 Attollam
854 3997 960 4046 caemar
971 3982 1018 4036 sed
1027 3997 1095 4034 anne
1104 3977 1156 4030 ltoe
1166 3989 1206 4030 est
