2804 4490
179 288 240 350 180
372 231 374 238 Ι
423 282 458 342 P.
484 281 518 341 P.
543 277 697 343 STATll
722 276 965 342 SlLVARUM

219 416 355 505 Tuque,
368 433 444 489 oro,
456 410 597 486 Natura,
612 405 718 486 sinas,
731 405 786 470 cui
797 404 908 494 prima
918 427 980 496 per
992 405 1110 474 orbem

220 528 303 591 Jura
314 523 435 588 animis
447 519 574 586 sociare
586 514 703 583 datum
716 540 722 579 :
737 537 804 580 non
816 516 930 580 omnia
941 517 1078 606 sanguis

221 634 412 712 Proximus,
426 643 484 696 aut
496 628 580 694 serie
592 625 722 716 generis
735 623 881 692 demissa
892 648 1043 718 propago
1089 663 1092 670 ·
1186 641 1220 694 85

220 741 356 835 Alligat:
372 743 511 808 interius
523 761 610 805 nova
624 757 727 828 saepe,
739 733 934 831 adscitaque
946 754 1086 830 serpunt

221 858 363 947 Pignora
375 851 543 918 connexis.
557 853 658 916 Natos
670 849 827 938 genuisse
838 837 977 915 necesse
988 863 1053 930 est,

221 973 263 1034 At
273 966 393 1058 legisse
400 959 506 1054 juvat
519 965 653 1028 Tenero
666 959 714 1024 sic
724 955 870 1024 blandus
883 955 1001 1024 Achilli

221 1077 359 1148 Semifer
372 1073 562 1142 AEmonium
575 1067 730 1136 vincebat
741 1067 837 1134 Pelea
848 1068 982 1136 Chiron.

219 1193 288 1256 Nec
300 1188 430 1278 genitor
441 1182 557 1250 Peleus
570 1196 688 1247 natum
700 1181 879 1246 comitatus
892 1182 928 1246 in
939 1201 1032 1245 arma
1184 1209 1220 1261 9⁰

201 1333 204 1338 ¹
220 1301 355 1375 Troica,
368 1296 428 1365 sed
437 1319 517 1362 caro
529 1292 668 1360 Phoenix
680 1290 830 1358 haerebat
841 1290 989 1358 alumno.

219 1409 365 1504 Optabat
376 1408 475 1500 longe
487 1405 615 1472 reditus
629 1401 789 1470 Pallantis
801 1418 939 1469 ovantes

220 1520 387 1604 Evander,
400 1520 487 1586 libus
499 1540 631 1610 pugnas
645 1514 817 1607 spectabat
829 1519 969 1580 Acoetes.

222 1641 402 1727 Quumque
413 1627 531 1722 procul
542 1626 655 1694 nitidis
668 1627 798 1716 genitor
809 1639 955 1692 cessaret
965 1621 1008 1689 ab
1019 1625 1137 1704 esuis,

222 1744 434 1833 Fluctivagus
447 1737 618 1807 volucrem
630 1734 784 1804 comebat
796 1738 916 1802 Persea
927 1736 1051 1825 Dictys.
1187 1747 1220 1815 9⁵

268 1852 358 1940 Quid
367 1851 511 1918 referam
524 1847 679 1916 altricum
693 1849 798 1915 victos
811 1849 935 1938 pietate
946 1849 1123 1937 parentes?

222 1963 313 2052 Quid
322 1981 356 2031 te
368 1978 445 2056 post
455 1965 600 2043 cineres,
613 1958 820 2054 deceptaque
831 1956 974 2024 fiumina
985 1959 1117 2039 matris,

180 2077 183 2082 ’
223 2078 344 2144 Tutius
357 2078 439 2146 lnoo
451 2087 640 2162 reptantem
650 2085 801 2162 pectore,
815 2065 960 2134 Rooche?

223 2192 242 2254 J
245 2211 298 2254 am
312 2207 431 2252 secura
441 2205 563 2273 parens
576 2181 719 2250 Thusois
732 2177 892 2270 regnabat
906 2178 941 2242 in
952 2173 1054 2241 undis

216 2423 258 2474 88.
275 2418 380 2492 lapisto.
393 2417 436 2467 Sic
445 2412 509 2464 Cod.
521 2413 602 2464 Paris.
614 2425 640 2462 at
652 2414 680 2462 in
724 2405 911 2462 Andromache
928 2404 961 2456 de
975 2403 1077 2454 Creusa
1088 2398 1226 2470 loquitur:

176 2501 298 2572 margine
312 2493 517 2567 legiturfaviste.
537 2493 568 2540 A.
729 2491 836 2559 ulicqna
845 2499 933 2537 tamen
942 2499 1027 2555 puero
1036 2477 1173 2542 estcrm'tst'¹
1182 2496 1228 2530 cu·

216 2595 260 2650 90.
285 2576 402 2628 Genitor.
425 2571 490 2624 Cod.
510 2573 592 2622 Paris.
613 2568 679 2620 Edd.
725 2587 755 2620 ra
767 2565 915 2635 parentis?·
928 2560 976 2614 ubi
989 2573 1077 2611 tamen
1090 2557 1151 2609 vide
1166 2558 1228 2608 Pie·

183 2662 267 2731 prino.
281 2655 364 2708 Gron.
377 2653 473 2718 senior,
491 2649 564 2723 quod
581 2651 682 2721 recepit
726 2647 804 2699 rium.
822 2675 859 2685 -
874 2641 940 2696 Cod.
961 2639 1040 2691 Paris.
1060 2634 1124 2689 edit.
1140 2637 1226 2708 princ.

180 2742 244 2793 (lev.
258 2735 318 2788 Vid.
331 2746 387 2784 not.
399 2751 435 2783 cr.
456 2733 487 2783 A.
728 2725 815 2776 victas.
835 2725 867 2774 A.

217 2835 262 2889 91.
282 2805 680 2877 caro.cod.raris.1sd.prin0.
763 2820 808 2873 97.
827 2801 958 2854 Fulmina.
979 2795 1044 2850 Cod.
1064 2796 1146 2846 Paris.
1167 2791 1225 2844 edd.

180 2899 262 2952 claro.
281 2899 312 2949 A.
727 2886 811 2955 princ.
822 2883 905 2934 Gron.
915 2879 1020 2931 cavan.
1028 2875 1136 2947 fuum.
1154 2874 1186 2922 A.

217 2999 260 3050 9²·
283 2979 400 3029 evantes.
411 2969 476 3025 Cod.
487 2967 568 3021 Paris.
582 2965 631 3018 Ed.
641 2986 680 3038 pr.
764 2979 807 3031 99.
827 2962 934 3012 Parens.
949 2956 1030 3007 Vetus
1046 2952 1127 3004 editio
1141 2953 1227 3002 Parm.

183 3059 289 3112 ovantis.
310 3057 341 3106 A.
728 3059 778 3111 pro
789 3055 883 3110 parens
892 3035 974 3086 habet
984 3033 1078 3102 patria
1092 3045 1118 3082 et
1128 3031 1165 3081 ita
1175 3028 1228 3099 legi

209 3139 261 3208 95.
280 3136 329 3187 Ed.
344 3136 428 3206 princ.
444 3132 554 3200 Dyctes,
571 3137 599 3177 ut
614 3125 681 3177 Cod.
727 3119 784 3170 vult
800 3118 924 3168 Heinsius
938 3112 973 3163 ad
991 3110 1070 3164 Ovid.
1087 3111 1150 3162 Met.
1166 3111 1229 3174 Vll,

177 3219 262 3270 Paris.
280 3234 295 3266 a
311 3233 351 3284 pr.
369 3227 464 3268 manu;
483 3206 529 3259 sed
544 3205 587 3255 hic
602 3204 682 3255 habet
729 3194 848 3250 335.se‹1
855 3192 926 3245 aliud
937 3209 1031 3260 agens,
1042 3205 1068 3241 et
1075 3187 1166 3259 phrasi
1173 3201 1230 3241 tan-

182 3297 270 3365 Dictys
282 3313 314 3345 ex
326 3287 518 3342 emendatione.
539 3286 569 3333 A.
728 3291 785 3327 tum
801 3271 940 3331 delinitum
958 3283 1041 3338 quere
1058 3267 1129 3318 enim
1141 3281 1231 3318 secura

216 3376 259 3443 96.
282 3371 368 3426 Victos
384 3367 481 3437 pietate
497 3371 623 3432 parentes.
643 3359 682 3410 De
726 3353 821 3426 patris,
834 3369 880 3402 seu
890 3369 943 3403 non
952 3355 1067 3398 metuetis
1076 3356 1178 3414 patrem
1189 3343 1231 3398 di-

182 3451 309 3504 mouibus
325 3447 453 3517 loquitur,
471 3441 556 3506 unde,
576 3441 682 3508 opinor,
728 3434 796 3483 citur
814 3429 879 3481 Ilia?
898 3449 913 3482 a
931 3437 1006 3500 patre
1023 3423 1090 3476 nihil
1109 3435 1230 3476 metuere

183 3531 224 3585 ed.
239 3531 331 3582 Venet.
351 3523 431 3577 habet
451 3523 542 3581 victas;
561 3517 607 3570 sed
627 3535 682 3567 non
727 3501 1231 3578 habebat,sedapatrqumulio,qni

182 3629 250 3683 opus
260 3607 451 3676 est.‘Sosipster
458 3599 680 3662 Charisius,1nst.
728 3609 786 3643 eam
804 3588 919 3660 indignis
934 3585 1019 3638 modis
1038 3581 1184 3649 tractabat,
1203 3595 1231 3634 et

182 3693 297 3744 Gramm.
310 3688 355 3740 lib.
371 3689 395 3752 l,
406 3704 433 3757 p.
446 3702 494 3755 79:
509 3679 623 3740 cheres,
633 3695 681 3746 pa·
727 3671 841 3721 vinctam
857 3669 884 3718 in
905 3683 1037 3718 carcerem
1054 3660 1153 3715 dabat:
1171 3661 1229 3714 vide

180 3769 360 3837 tens,l10mo,
373 3767 459 3818 etsiin
472 3757 605 3814 communi
618 3773 681 3806 sexu
726 3747 828 3799 Livium
847 3749 873 3812 l,
892 3747 917 3812 4.
939 3745 966 3796 Si
984 3744 1067 3813 igitur
1085 3744 1229 3814 quicquam

182 3849 372 3920 intelligantur,
382 3859 470 3897 temen
481 3835 626 3890 masculino
636 3853 681 3906 ge·
727 3824 884 3878 mutandum
908 3836 994 3889 esset,
1015 3821 1069 3874 diei
1093 3831 1229 3892 oporteret

182 3949 244 3982 nere
254 3946 359 3998 semper
367 3924 526 3978 dicuntum
540 3916 602 3967 citat
609 3913 682 3966 dein·
727 3925 812 3962 secura
818 3906 908 3980 patrui
918 3923 973 3957 non
981 3905 1072 3975 patn's.
1080 3904 1180 3953 Verum
1190 3911 1229 3950 est

179 4006 215 4057 de
224 4009 294 4076 Virg.
304 4001 405 4057 AEneid.
413 3999 459 4052 lib.
468 3999 516 4060 ΠΙ,
526 4014 551 4048 v.
560 3993 608 4064 341
617 4033 625 4061 ,
635 3993 682 4044 ubi
725 4007 818 4062 parens
825 4026 833 4054 ,
841 3988 868 4040 id
876 4001 927 4054 est,
935 3995 1031 4043 mater,-
1042 3979 1127 4034 etheo
1136 3991 1229 4051 postu-
