2782 4486
168 321 232 405 672
346 315 482 382 NOTAE
506 315 554 378 ln
579 313 777 379 CARMEN
803 311 1031 380 TERTIUM

168 442 271 516 plenius
286 440 320 494 nd
334 439 394 494 Silv.
407 441 447 504 lt,
463 455 486 505 t,
499 455 537 490 rs.
552 437 618 501 1163
631 449 660 488 et
673 455 795 510 quercum
812 455 859 490 sen
872 455 994 490 cornuam
1008 454 1135 510 queniam
1147 457 1212 510 prr·-

168 525 249 576 rninm
268 538 326 574 esse
344 521 452 574 victoris
466 522 493 570 in
508 517 679 587 boc-egone,
698 530 791 588 utpote
809 518 867 569 lori
880 535 974 582 sucro,
988 521 1064 588 enjus
1079 518 1160 570 arbor
1174 531 1212 571 est

168 620 281 674 quernus.
293 603 354 653 Haee
366 617 466 653 corone
479 598 584 668 abipso
597 598 757 668 Imperatore
768 599 800 650 iis
811 598 913 667 imponi
926 596 1020 658 solito;
1035 595 1107 649 uude
1120 601 1213 649 Poeta·

169 699 227 734 rnut
246 680 421 733 leunculorum
440 695 542 730 morem
562 694 683 728 manasse
700 689 778 748 putet
795 675 911 749 Scaliger
931 676 966 730 ed
986 675 1076 728 locum
1093 678 1212 729 Ausonii.

169 764 311 814 Enormem
322 759 433 831 hujusce
444 759 497 811 loci
508 759 750 829 interpretationem
761 769 926 810 commentus
937 771 977 810 est
990 759 1029 808 vir
1039 756 1147 824 doetus,
1160 757 1214 807 hn-

170 840 223 894 nal.
239 840 348 894 Statinn.
364 857 388 891 c.
407 839 451 902 16,
462 849 563 889 servetn
575 835 676 907 vulgari
689 835 811 889 lectione.

207 998 267 1066 ²hh·
286 995 397 1052 Pharios
406 996 505 1052 dolores
513 996 605 1050 colunt
608 1019 618 1059 ,·
631 997 722 1067 lugent
732 998 760 1048 in
772 997 853 1049 sect-is
864 995 939 1048 isidis
951 994 1052 1048 Pharin
1063 1007 1089 1048 et
1100 995 1213 1047 numinis

171 1075 294 1150 AEgyprii.
309 1105 344 1116 —
357 1076 527 1150 Mygdonios,
539 1073 568 1127 id
581 1088 636 1142 est,
651 1075 779 1148 Phrygios
792 1077 820 1127 in
837 1077 917 1128 secus
931 1076 1051 1148 Cybeles.
1065 1105 1102 1115 -
1116 1077 1149 1128 Et
1160 1093 1212 1126 non

171 1157 324 1229 strafunera
333 1155 449 1228 plorant.
464 1157 495 1208 ln
506 1157 588 1208 sceris
599 1155 674 1209 leidis
685 1156 784 1210 deflent
795 1155 928 1209 osiridem
941 1169 1079 1221 necatum,
1091 1159 1137 1228 qui
1147 1174 1213 1228 pre-

172 1237 326 1294 sentebetnr
335 1240 362 1290 in
372 1238 454 1291 sacris
464 1236 574 1308 Cybeles
583 1259 591 1302 ς
600 1237 685 1309 Atyn,
695 1239 740 1310 qni
751 1235 863 1291 abscidit
871 1237 994 1309 genitslin
1004 1260 1010 1300 ;
1025 1255 1140 1310 quorum
1152 1255 1213 1289 neu-

173 1335 213 1373 ter
225 1320 261 1372 ud
273 1339 317 1373 ens
330 1321 455 1392 pertinet.
474 1319 572 1372 Dourr.

210 1480 268 1534 258.
287 1479 343 1532 Nec
356 1479 438 1552 segnis
452 1478 510 1531 lohe
520 1478 596 1532 senili
608 1480 701 1532 Exitus
712 1481 820 1533 instanti
829 1480 956 1553 premisit
965 1480 1078 1532 membra
1092 1477 1214 1551 sepulcro.

173 1563 253 1612 llecte
265 1560 429 1625 Gronovius,
444 1557 553 1611 Elencb.
565 1557 733 1612 dntidietrib.
749 1578 772 1612 e.
786 1576 811 1628 7,
824 1579 874 1631 pro
887 1559 945 1612 labe
955 1560 1016 1629 legit
1031 1561 1103 1620 tche,·
1116 1556 1214 1609 Arnob.

175 1639 219 1690 lib.
231 1642 267 1706 ll,
280 1659 307 1710 p.
319 1637 369 1705 54,
386 1639 463 1690 ultor
473 1639 602 1692 immunes
613 1639 689 1692 melis
699 1639 733 1691 sb
745 1637 785 1691 his
796 1657 899 1707 snmus,
912 1652 938 1692 et
950 1659 1003 1691 uon
1014 1639 1106 1691 endem
1116 1640 1217 1690 ratione

175 1717 329 1770 morborum
338 1715 601 1771 incommoditatibus
609 1720 762 1790 frangimur,
771 1733 798 1772 et
807 1723 950 1773 senectutis
957 1719 1117 1772 destruimur
1124 1717 1218 1769 tube?-

175 1798 240 1852 Plin.
253 1799 318 1850 llist.
334 1799 395 1850 Nat.
409 1799 447 1864 ll,
461 1797 510 1850 63:
529 1817 584 1851 sne
599 1817 669 1852 mors
686 1798 756 1851 lenta
773 1817 822 1852 nos
839 1813 1005 1852 consumeret
1021 1798 1117 1859 tebe;·
1131 1796 1218 1866 Elegio

176 1879 310 1949 scriptoris
322 1879 439 1948 antiqui,
453 1877 522 1931 edite
535 1877 656 1944 Bnrtbio,
668 1879 807 1932 Adverser.
823 1881 880 1943 Xb,
897 1881 943 1932 18:
962 1879 1037 1930 1an
1052 1875 1135 1930 voluit
1148 1875 1219 1927 lenta

176 1959 238 2010 tabe
250 1960 336 2030 perire
349 1959 456 2021 Deus;·
471 1959 596 2024 Ovidius,
610 1959 718 2012 Heroid.
731 1960 806 2026 xxi,
821 1961 869 2029 59:

361 2065 407 2111 Ant
415 2064 458 2108 tibi
464 2065 513 2124 jam
523 2063 586 2112 nun
596 2077 631 2112 est
640 2079 737 2128 sperate
746 2081 802 2112 curo
811 2065 908 2130 puellm,

391 2133 465 2191 Quam
475 2133 539 2179 lerus
549 2133 644 2196 indigns
653 2135 707 2180 tube
716 2137 795 2198 perire
804 2135 859 2182 sinis
868 2151 874 2181 :

179 2215 212 2263 ite
227 2223 296 2262 reete
307 2209 481 2263 emendarunt
493 2211 562 2283 Seip.
575 2213 687 2266 Gentilis
700 2227 725 2265 et
737 2215 873 2279 Heinsius,
885 2233 935 2288 pro
947 2214 1020 2266 labe:
1035 2225 1127 2266 auctor
1140 2211 1219 2282 Ciris,

177 2309 242 2342 vers.
259 2289 327 2357 253,

363 2395 446 2444 Dulcis
455 2397 538 2444 deinde
548 2401 612 2462 genis
620 2402 753 2448 rorantibus
763 2402 842 2450 oscula
850 2403 922 2466 figens

364 2469 513 2533 Persequitur
521 2473 610 2519 miserie
619 2487 700 2520 causas
708 2475 830 2536 exquirere
839 2473 911 2529 uhtu

179 2568 215 2617 itu
230 2563 384 2637 legendnm
397 2567 493 2640 vulgo,
510 2588 626 2624 «censes
641 2571 778 2642 exquirere
790 2571 849 2624 talis
859 2594 887 2623 :n
903 2589 982 2643 supro
995 2570 1108 2632 dixerat,
1124 2590 1135 2614 ι
1147 2583 1222 2620 umor

182 2659 244 2698 ricto
261 2658 287 2697 te
299 2657 415 2700 macerat
428 2651 523 2720 igne3=
538 2664 577 2716 et,
594 2652 671 2704 «Nec
686 2651 751 2704 levis
761 2649 831 2703 hanc
843 2653 936 2704 faeiem
948 2651 1051 2722 (neque
1064 2651 1132 2701 enim
1146 2651 1223 2720 pote)

182 2745 244 2778 rure
259 2728 399 2790 subedit;·
415 2729 460 2781 ubi
477 2749 584 2802 qnoque
601 2731 680 2802 vulgo
694 2734 784 2802 inepte
795 2733 907 2804 stshepit:
920 2744 947 2784 et
961 2749 1037 2783 versu
1053 2733 1171 2802 proxime
1183 2748 1223 2780 se-

183 2808 287 2876 quenti,
300 2827 349 2877 pro
359 2807 520 2863 Rhamnusia
525 2809 604 2882 fallit
609 2850 618 2878 ,
629 2809 785 2882 legendum,
796 2811 952 2864 Amathusia
958 2809 1060 2882 fuller-5
1071 2809 1225 2860 Amathusia

183 2898 222 2936 est
234 2883 262 2938 V
258 2903 327 2937 enus.
338 2887 455 2954 Deinde,
468 2908 516 2962 pro
526 2891 650 2960 premisit
660 2892 788 2955 membra,
801 2891 951 2944 Gronovius
959 2891 1016 2944 vult
1024 2890 1157 2961 promisit,
1169 2907 1225 2939 rne-

183 2962 294 3034 tnphorn
312 2985 326 3018 a
345 2965 499 3021 debitoribus
518 2982 620 3032 sumta,
640 2971 685 3042 qui
704 2970 858 3024 instantibus
873 2969 1046 3023 creditoribus
1060 2969 1226 3040 promittunt.

183 3045 266 3094 Acnte
277 3056 302 3094 et
311 3045 455 3115 ingeniose.
467 3047 508 3098 Sic
518 3048 616 3100 Plraedr.
628 3049 661 3100 lll
667 3087 675 3112 ,
685 3049 752 3120 Epil.
765 3069 787 3100 v.
802 3068 846 3120 19:
860 3050 913 3100 «ur
923 3069 993 3103 mors
1003 3053 1088 3102 vicine
1098 3047 1228 3120 flagitabit

183 3121 310 3174 debiturn.
322 3149 332 3171 ι
347 3123 397 3176 Sed
409 3125 475 3178 nihil
486 3127 643 3180 metendum
654 3140 730 3200 puto.
744 3129 882 3200 Eleganter
893 3129 1019 3186 dicuntur
1031 3129 1149 3182 membru
1159 3147 1229 3201 prte-

184 3203 268 3268 mitti,
285 3203 391 3275 quando
404 3217 517 3276 egrotus
531 3207 603 3259 lento
618 3223 644 3260 et
655 3207 781 3260 diuturno
794 3209 887 3262 morbo
901 3210 1028 3280 pedatim
1041 3211 1188 3275 evanescit,
1202 3222 1228 3259 et

185 3280 224 3332 nil
233 3295 327 3352 prester
336 3295 418 3342 eutem
430 3287 510 3337 morti
522 3286 658 3362 relinquit,
675 3301 705 3340 ut
715 3287 748 3340 de
761 3289 879 3342 Tithono
891 3291 1028 3352 Horatium
1043 3309 1125 3362 qunrn
1142 3313 1154 3334 ι
1165 3307 1230 3340 con·

185 3375 271 3414 sumto
288 3365 405 3418 membre
422 3364 464 3418 Ad
480 3367 616 3420 minimum
633 3367 785 3439 redigentur
803 3387 906 3439 uuus,»
926 3369 1071 3422 secundnm
1087 3367 1230 3434 Ovidium,

186 3443 290 3496 Metam.
305 3445 374 3511 XtV,
389 3445 446 3516 ¹⁴9·

223 3611 281 3663 ²70·
303 3595 379 3648 Vates
393 3595 511 3670 lonpoeuc
526 3595 636 3667 inferne
647 3599 741 3652 Wauoe
755 3613 794 3652 est
811 3599 920 3673 Sibylla,
934 3618 1012 3673 quem
1031 3598 1118 3651 «lucis
1133 3599 1233 3650 llecate

188 3673 304 3742 prefecit
314 3674 438 3742 Auernis,
449 3699 461 3723 s
477 3689 507 3728 nt
518 3675 551 3728 de
566 3695 596 3728 eu
608 3677 745 3749 Virgilius,
758 3679 859 3732 AEncid.
873 3679 917 3732 lib.
930 3681 979 3744 vt,
992 3677 1051 3743 564.

226 3847 285 3898 ²7²·
303 3831 332 3883 Si
345 3831 493 3884 Thessalicis
508 3832 633 3886 Admetus
645 3834 672 3884 iu
685 3835 735 3887 cris
748 3835 818 3888 Silua
833 3855 884 3886 nnn
901 3848 965 3889 retro
979 3835 1139 3906 Phylnceidc
1152 3847 1234 3886 rettu-

190 3909 222 3962 lit
237 3911 361 3962 umbrcm.
379 3914 418 3962 lta
433 3913 459 3962 in
473 3913 587 3982 antiquis
604 3914 764 3966 editionibus
779 3915 873 3986 legitur
889 3915 931 3966 hic
945 3915 1034 3982 locus,
1049 3933 1128 3986 quern
1143 3933 1191 3985 per
1204 3931 1233 3964 sc

190 3993 253 4041 setis
268 3988 451 4061 deprevatum,
469 3989 676 4061 depravationem
693 3995 793 4066 primns
806 3993 919 4048 reddidit
936 3997 1066 4048 Domitius
1080 4013 1174 4065 3qnern
1192 4011 1233 4044 se-
