2804 4490
373 321 510 386 'LlBRl
535 321 676 385 PRlMl
701 320 951 386 SILVARUM.
1126 327 1182 406 141

135 449 353 502 tenuissefaees.
361 445 428 498 Vide
438 445 661 516 elegantissimum
671 444 769 496 losum.
776 445 845 497 Huic
856 449 1017 498 eontrarium
1027 450 1189 521 prueipitare

136 527 351 597 solos,Theh.V,
364 527 422 596 150,
432 539 459 578 et
467 525 545 578 llutil.
556 526 617 577 ltin.
628 526 664 590 ll,
677 525 719 578 56.
733 524 876 577 Tendentes
884 527 939 597 jam
947 527 1005 594 filu,
1018 528 1045 580 id
1057 543 1111 596 est,
1124 529 1188 582 dum
1271 579 1275 590 ,

135 611 226 666 adhue
239 613 322 678 vivit,
333 608 399 661 dum
409 619 520 681 superest
528 606 636 660 locheri
644 608 715 679 quod
722 619 859 678 torqueat,
871 621 900 662 ut
912 609 1045 680 eleganter
1053 611 1189 665 luvenalis

136 692 189 746 Sat.
206 693 254 745 Ill.
267 692 306 744 -Si
322 689 375 742 hoe
392 690 517 742 sensisset
534 688 698 754 Gronovius,
714 705 850 759 uunquam
866 688 1027 743 defendisset
1040 691 1189 763 vulgatam,

137 771 369 848 quemadmodum
384 773 449 824 lacit
464 771 549 823 Diutr.
561 788 621 841 esp.
634 769 685 836 35,
701 767 750 821 ubi
762 771 800 821 ait
814 790 821 821 ε
842 769 960 825 ..statius
975 771 1119 845 alloquitur
1131 777 1191 846 ipss

137 855 197 920 fila,
208 869 240 908 ut
252 851 322 907 alibi
333 851 446 905 carinus.
458 849 514 903 Fila
528 863 617 902 sutem
631 847 757 900 dicuntur
771 848 879 902 tendere
891 848 981 918 colos,
996 852 1123 924 quamdiu
1133 867 1191 906 ten·

138 932 249 1000 duntur,
261 932 308 986 vel
319 946 395 984 tensa
408 944 469 984 suut
481 948 495 982 a
509 928 589 996 colis,
599 946 655 980 nou
666 927 788 1000 abrupte.
800 951 811 975 ι
825 928 851 981 Si
862 927 915 982 hor
926 928 1102 1000 admittimus,
1112 932 1191 1005 quid-

138 1015 176 1066 ris
185 1011 301 1066 defendi
310 1021 414 1083 potest:
424 1020 450 1062 et
459 1006 618 1079 exspectabo
628 1017 659 1057 ut
668 1023 718 1077 pro
727 1006 818 1058 Pureoe
826 1005 946 1080 nentflla
957 1008 1053 1080 uliquis
1062 1007 1191 1082 dicstfila

140 1104 202 1145 nent
209 1093 327 1146 Parcus.-
338 1107 414 1162 reque
422 1086 538 1160 probum
548 1087 683 1138 utrumvis.
694 1087 827 1159 Sequitur,
841 1111 853 1134 ι
862 1087 911 1141 has
921 1087 991 1141 ultro
1001 1087 1116 1144 laudarit
1124 1094 1192 1164 lup-

140 1171 208 1241 piter
217 1182 307 1223 ortes:
320 1168 453 1220 Domitius
464 1168 491 1218 iu
505 1167 559 1219 suis
568 1164 711 1219 Codicibus
721 1166 821 1218 invenit
832 1164 965 1234 ἱαιιᾰαυίε,
977 1166 1049 1222 unde
1058 1170 1122 1222 feeit
1133 1169 1192 1222 lau·

140 1249 217 1302 derit.
223 1249 324 1302 Verius
336 1259 394 1300 erat
403 1247 534 1313 laudabit,
549 1263 629 1319 quum
639 1261 750 1318 propter
758 1261 900 1318 perpetuas
908 1250 979 1301 vises
990 1249 1127 1303 literarum
1138 1269 1154 1302 o
1165 1263 1192 1302 et

143 1330 170 1394 h,
185 1342 245 1382 tum
265 1328 332 1401 quis
343 1325 456 1398 Apollo,
470 1329 516 1398 qui
533 1323 644 1378 deorum
658 1338 759 1386 mentes
776 1327 930 1399 praeuoscit,
946 1327 1039 1382 melius
1055 1329 1192 1384 inducitur

143 1422 229 1460 exerte
241 1403 387 1480 uffimuns
398 1407 490 1458 lovem
504 1403 675 1458 laudaturum
687 1422 744 1458 esse
755 1403 805 1458 has
816 1420 894 1460 artes.
903 1407 1002 1460 Totum
1012 1409 1091 1482 igitur
1101 1408 1191 1461 losum

144 1489 180 1538 sie
190 1485 249 1560 lege
261 1501 291 1541 et
301 1486 449 1558 distingue:
981 1497 984 1505 “

331 1591 399 1638 Tunc
407 1592 484 1648 Deus,
494 1589 571 1654 Alpini
580 1593 621 1654 qui
627 1591 695 1652 juxta
703 1591 803 1639 eulmina
812 1591 875 1638 dorsi

331 1662 412 1724 Signat
420 1659 543 1723 Apollineo
551 1673 644 1708 unetos
653 1663 791 1724 cognomine
799 1658 878 1716 lucos,

332 1730 502 1794 herpieit,heu
510 1733 602 1794 pridem
610 1735 669 1780 tauti
679 1747 775 1780 securus
783 1731 872 1780 alumni
950 1741 954 1748 '

331 1804 504 1866 Perpessusque
512 1817 604 1850 moras:
615 1805 667 1851 llue
676 1819 781 1858 meeum,
790 1802 915 1866 Epidauria
924 1801 1013 1866 proles,

239 1905 243 1920 ‚
331 1875 397 1930 flue,
407 1872 458 1922 altis
466 1875 584 1936 gaudeus:
594 1873 662 1922 datur
670 1873 827 1936 adgredienda
833 1871 931 1920 funtrltss

332 1945 453 2005 lugentem
462 1960 567 1992 recreare
576 1946 652 1992 virum
661 1960 667 1991 :
678 1957 799 1992 teneamus
806 1944 884 1992 adorti

331 2015 463 2064 'rendentes
468 2018 518 2079 jum
526 2015 564 2063 iila
573 2014 636 2064 culos
645 2031 651 2062 ε
661 2031 705 2064 uec
713 2015 816 2063 fulminis
824 2017 868 2062 atri

332 2087 366 2132 Sit
375 2099 462 2147 metus,
473 2087 515 2135 hes
523 2087 586 2136 ultro
593 2087 697 2136 laudabit
705 2088 814 2152 luppiter
822 2099 891 2134 artes.

146 2183 218 2238 1111111
225 2189 281 2257 jam
291 2185 366 2257 quod
374 2187 481 2264 Mutuus
493 2190 549 2260 ipse
559 2200 640 2260 quest
648 2186 850 2259 reprehendere.
861 2188 918 2239 Nee
927 2198 1029 2238 metuas
1040 2183 1075 2237 ab
1084 2182 1191 2236 exordio
1303 2195 1308 2210 ·

78 2312 81 2320 ,
150 2261 263 2335 abrupto
275 2267 407 2320 orationis
418 2267 579 2340 Apollineus,
594 2268 656 2320 Huc
669 2286 785 2332 meeum,
799 2265 945 2338 Epidauria
954 2264 1053 2338 proles,
1071 2267 1127 2318 siue
1140 2264 1191 2330 ait,

149 2344 190 2398 vd
204 2345 304 2420 inquit:
318 2345 373 2399 hoe
384 2350 454 2402 euim
467 2349 590 2402 omnibus
602 2350 736 2402 usitatum.
750 2352 790 2402 lte
799 2349 875 2420 Equo
884 2347 955 2400 Max.
967 2367 1004 2401 vs.
1019 2347 1068 2418 73:

428 2469 429 2476 ¹
524 2455 652 2502 ...lem
661 2470 714 2502 mor
722 2454 820 2518 praeside
829 2455 891 2510 viso,

335 2525 416 2582 salve,
425 2540 562 2588 magnorum
570 2527 648 2589 proles
657 2528 796 2589 genitorque
806 2527 922 2582 Deorum,
932 2535 976 2571 etc.

116 2609 122 2624 '
153 2619 270 2685 Scilicet,
279 2621 448 2690 disitSaloe,
459 2635 509 2675 ete.
517 2621 583 2676 Vide
594 2617 689 2674 Achill.
699 2623 733 2690 Π,
743 2621 791 2689 543
801 2620 885 2675 Theb.
895 2623 934 2690 X,
943 2639 980 2673 vs.
993 2619 1192 2692 21‚662,762,

152 2697 223 2761 3363
233 2701 317 2753 Tacit.
329 2703 398 2754 Aun.
409 2703 435 2755 l:
448 2704 618 2775 «Quousque
632 2703 717 2755 filium
728 2703 896 2776 imperatoris
909 2700 1104 2754 obsidebimus?
1117 2713 1190 2752 etus

152 2777 246 2847 Virgit.
260 2777 357 2849 linx,
374 2801 440 2835 vers.
455 2784 521 2853 s783
537 2782 622 2834 Theb.
639 2780 685 2834 lib.
700 2785 753 2849 Vl,
768 2799 835 2834 vers.
851 2781 912 2834 656.
930 2779 1047 2832 Cruceus
1062 2778 1116 2830 hoc
1132 2779 1193 2831 loco

154 2857 222 2907 mire
238 2857 342 2926 turbat,
360 2873 384 2912 et
400 2880 450 2934 pro
465 2861 639 2934 upprediendu
656 2861 720 2933 legit
732 2859 916 2936 apprediendo,
934 2871 960 2912 et
975 2877 1025 2931 pro
1041 2858 1101 2910 Huc
1116 2857 1193 2924 altis,

151 2935 220 2989 Hoec
231 2936 290 2990 altis
305 2960 312 2990 ε
331 2955 356 2992 et
370 2940 432 3015 quid
445 2943 520 2994 non?

165 3105 172 3120 ·
186 3097 228 3150 71.
242 3080 297 3134 Illa
306 3101 409 3156 quoque
417 3084 503 3138 clariss
511 3096 537 3137 et
545 3070 635 3158 ingeni
641 3083 764 3156 Eloquio.
774 3081 905 3154 Displicet
915 3079 1038 3151 frigidum
1050 3077 1123 3130 istud
1135 3076 1193 3130 illa.

151 3158 192 3212 Ast
204 3162 308 3234 scripsit
318 3163 431 3230 Statius,
442 3165 533 3238 linqua
543 3182 651 3236 quoque
660 3167 672 3216 1
682 3163 778 3233 Atqui,
788 3164 891 3235 inquis,
901 3161 1030 3233 sequitur,
1039 3161 1131 3230 ingens
1141 3155 1195 3210 elo·

149 3239 218 3306 quio.
233 3240 301 3308 Quis
312 3259 376 3294 sero
388 3245 474 3295 neseis
482 3256 578 3314 poetas
590 3261 645 3295 rem
657 3239 778 3295 eumdem
789 3240 830 3295 bis
842 3239 885 3292 vel
898 3240 1006 3312 sepius,
1016 3239 1122 3290 mutatis
1133 3249 1195 3290 tou·

150 3325 206 3368 tum
216 3317 318 3387 verbis,
331 3320 446 3374 efferre?
456 3323 496 3374 lta
508 3337 602 3396 suprs,
613 3339 653 3376 rs.
666 3338 714 3374 10:

336 3427 410 3489 luque
418 3427 494 3473 riuum
503 3441 555 3490 quse
564 3438 625 3490 saepe
634 3439 700 3474 suum
709 3426 760 3472 tora
769 3423 862 3472 turbida
872 3435 956 3488 questu

336 3497 619 3564 Confuqiuns,legesque.
807 3495 811 3506 '

150 3569 235 3624 lmmo
246 3572 279 3626 de
290 3567 343 3626 bae
355 3577 415 3647 ipss
425 3595 469 3646 re,
480 3597 517 3632 vs.
531 3579 581 3645 34:

433 3699 538 3732 ...meo
547 3696 586 3741 tu,
595 3682 689 3747 quaudo
698 3681 754 3736 tibi,
765 3681 864 3738 Gallice,
875 3681 951 3743 msjus

337 3751 473 3816 Eloqtrim
483 3754 593 3818 laudique
603 3754 687 3816 opibus
695 3750 799 3803 sublimis
807 3751 913 3799 abundas

337 3823 426 3885 Sperne
435 3823 481 3871 ooli
489 3825 596 3872 tenuiore
603 3819 661 3887 lyra.

149 3916 183 3968 Et
194 3919 233 3970 its
243 3917 385 3983 Manilius,
398 3919 521 3991 Ν,194;
535 3919 709 3987 Prudentius,
721 3920 778 3973 adv.
791 3916 938 3993 Symmaeh.
951 3915 997 3969 lib.
1008 3917 1035 3983 l,
1053 3911 1087 3966 ad
1100 3913 1195 3972 linem}

149 3993 277 4048 Sidonius
292 3995 471 4067 Apollinaris,
486 4017 567 4053 carm.
583 3999 623 4062 ll,
643 3998 706 4066 188,
723 3996 757 4050 tle
772 3995 967 4050 Demosthene:
985 3991 1125 4062 «Eloquiis
1136 3989 1196 4060 plus
