2782 4486
154 295 220 360 630
334 294 469 360 NOTAE
493 292 542 357 IN
566 293 761 358 CARMEN
785 295 1014 361 TERTIUM

154 419 293 485 risurus,
307 420 354 484 ιν,
373 417 418 482 15,
433 435 447 486 7
463 429 490 468 er
503 417 536 482 a,

337 517 388 562 lloc
397 524 555 577 argumentum
564 523 656 570 monet,
666 524 692 558 ut
701 513 824 568 sustineat,
835 513 876 558 tibi

338 585 425 631 liabitu
433 600 482 631 esse
492 581 589 638 similes,
600 583 641 646 qui
650 595 704 630 sant
712 581 797 629 virtute
807 584 922 646 impactu

154 678 200 730 ubi
211 675 270 729 vide
282 675 446 729 Schefierum
458 687 484 724 et
495 675 682 724 Burmannum.
695 673 752 724 Nec
762 671 849 742 placet
859 671 929 723 istud
940 673 1067 744 trepidam
1077 673 1186 727 hunam
1193 699 1204 738 ,-

154 770 181 810 et
197 756 281 808 multo
298 755 392 808 melius
409 755 556 824 scripsisset
569 763 674 825 portam
693 751 814 814 laurum
830 751 903 824 quod
917 771 1009 803 verum
1022 767 1099 824 puto.
1122 757 1205 808 Mon-

155 851 238 890 strum
250 835 329 908 plans
342 831 463 905 estquod
476 835 607 903 sequitur,
622 833 720 884 «Certe
733 851 782 902 ego
794 833 1007 902 magnanimum,
1017 847 1066 885 etc.
1078 857 1089 880 ι
1106 835 1203 906 inquo

156 930 183 969 et
198 935 320 981 sensum,
339 927 365 966 et
384 913 539 968 latinitatem
558 913 656 963 frustra
672 912 829 983 quaesiveris.
851 913 892 963 Ne
910 910 1020 983 longum
1036 915 1148 980 faciam,
1163 917 1203 966 sic

157 998 216 1067 lege
228 1010 254 1048 et
265 995 396 1066 distingue
407 1006 493 1045 totum
504 991 609 1042 locum:

404 1127 410 1137 .
421 1125 426 1136 .
438 1125 443 1136 .
453 1090 629 1152 .lunestamqne
639 1085 715 1134 ederis
723 1089 827 1150 irrepere
837 1100 916 1136 taxum

341 1163 455 1217 Sustinui,
466 1172 601 1224 partemque
611 1159 703 1221 (nefas)
712 1175 816 1207 arescere
827 1161 919 1208 laurum

340 1231 381 1278 Ille
392 1247 435 1294 ego
444 1232 616 1292 magnanimum
625 1231 666 1292 qui
675 1231 736 1276 facta
745 1230 850 1277 attollere
860 1247 941 1293 regum

340 1302 405 1348 lbam
413 1301 486 1348 altum
495 1302 583 1363 spirans
591 1335 597 1355 ,
606 1302 752 1364 Martemque
762 1317 855 1364 sequare
865 1301 978 1349 canendo.

157 1393 310 1450 Audacnlus
332 1392 435 1445 affirmo
456 1409 511 1442 non
530 1388 602 1442 aliud
621 1389 736 1442 scribere
755 1392 874 1463 potuisse
893 1393 1019 1458 Statium,
1038 1411 1120 1463 quarn
1139 1391 1201 1443 site.

157 1475 342 1546 limphaticum
357 1470 480 1543 quiddam
496 1483 535 1522 eat
549 1471 575 1521 in
593 1471 644 1520 isto
659 1469 712 1521 Ille
725 1489 787 1544 eqo,
802 1485 828 1522 et
841 1470 915 1543 quod
928 1471 1140 1543 indignationem
1158 1489 1203 1523 ex·

157 1557 254 1630 primit.
269 1553 378 1627 Illeeqo
389 1554 449 1624 qui,
462 1565 492 1602 nt
503 1550 611 1621 Epiced.
624 1553 650 1603 in
663 1553 738 1602 Puer.
750 1569 789 1604 va.
802 1553 853 1619 38,

344 1651 385 1696 llle
396 1667 453 1712 ego,
461 1650 503 1712 qni
514 1650 581 1696 toties
590 1647 689 1696 blandus
698 1661 844 1714 matrumque
853 1661 992 1714 patrumque

343 1720 459 1778 Vulnera,
468 1723 508 1783 qui
516 1721 581 1795 viros
590 1720 656 1783 potui
665 1719 767 1768 mulcere
778 1721 883 1776 dolores,

345 1793 433 1839 Delicio
442 1809 449 1848 5

161 1882 290 1938 Thebaid.
302 1883 355 1950 ΙΧ,
366 1882 435 1949 434,

345 1980 385 2026 llle
396 1994 452 2041 eqo,
463 1975 574 2026 damsuss
583 1980 653 2025 sacris
661 1979 786 2024 ululatibus
795 1979 881 2034 amnis,

344 2053 390 2111 Qui
400 2048 481 2096 molles
490 2047 580 2111 thyrsos
589 2047 739 2110 Baccheaque
749 2063 835 2095 cornua
845 2063 907 2110 puro

344 2122 419 2166 Fonte
428 2118 503 2164 lavare
512 2117 589 2176 leros,
600 2120 697 2179 stipante
706 2118 807 2166 caedibus
816 2131 891 2166 aretas

345 2191 373 2234 in
382 2189 440 2234 freta
450 2203 530 2250 quero
539 2188 600 2242 rias;

162 2279 286 2347 Ovidius,
298 2275 406 2332 Heroid.
418 2275 483 2340 XII,
498 2273 561 2342 105,
642 2303 645 2315 =

345 2375 386 2422 illa
396 2391 452 2438 ego,
462 2389 513 2438 qut
523 2374 566 2419 tibi
575 2387 625 2420 sum
636 2389 699 2421 nune
709 2373 809 2438 deniqne
818 2376 916 2422 barbara
925 2376 1002 2432 laeta,

376 2449 444 2492 Nune
454 2445 495 2492 tibi
504 2461 556 2494 suar
564 2461 664 2508 pauper,
676 2462 738 2492 nunc
747 2445 788 2492 tibi
798 2448 846 2493 risa
854 2461 957 2507 nocem,

345 2518 459 2566 Flammea
469 2517 569 2564 subduxi
578 2517 691 2564 medicato
700 2517 787 2564 lumina
795 2533 891 2574 somno,

378 2593 407 2637 Et
414 2589 469 2645 tihi,
480 2605 531 2652 qme
541 2605 648 2654 mperes,
656 2588 741 2636 reuera
752 2601 801 2636 tuta
810 2590 880 2646 dedi,

165 2679 333 2755 Epitaphium
345 2691 420 2732 retus
432 2676 505 2751 apud
515 2677 683 2744 heinesium,
694 2681 775 2730 inser.
787 2698 815 2750 p.
829 2678 896 2744 854,

348 2773 389 2820 ille
400 2789 457 2836 ege,
468 2775 508 2836 qui
518 2774 563 2819 vixi
572 2773 607 2820 bis
616 2772 677 2819 deno
687 2774 772 2820 circiue
782 2773 835 2820 solis

349 2847 395 2892 Ore
404 2860 474 2907 genas
484 2845 565 2892 t'enero
574 2859 686 2901 vernans,
698 2857 722 2890 et
730 2845 816 2890 robore
826 2843 928 2908 pollere,

348 2917 417 2964 Miles
425 2935 499 2974 eram,
509 2933 560 2964 sum
569 2917 654 2964 deinde
664 2919 720 2964 civis
728 2933 756 2964 ex
764 2917 836 2964 milite
846 2917 935 2972 lactus3

164 3019 277 3086 Plinius,
286 3019 335 3090 Ep.
346 3019 370 3084 1,
380 3017 410 3085 6,
422 3040 433 3065 a
443 3017 565 3084 Ridebis,
575 3030 601 3069 et
611 3017 673 3068 lieet
681 3015 777 3070 rideas.
787 3021 843 3088 Ego
852 3017 950 3070 Plinius
959 3014 1021 3084 ille,
1033 3032 1113 3087 quem
1125 3019 1211 3083 nosti,

167 3119 244 3172 apros
257 3112 321 3166 tres,
335 3111 362 3151 et
374 3097 480 3170 quidem
490 3097 696 3169 pulcherrimos,
708 3100 805 3168 cepi5=
819 3096 864 3150 sit.
877 3096 997 3164 italicus,
1009 3095 1059 3164 xt,
1073 3109 1137 3167 177,

750 3193 789 3240 ille
799 3211 843 3254 ego
852 3195 946 3255 sanguis

350 3264 492 3320 Dardanius,
503 3266 540 3310 cni
550 3281 613 3312 sacra
622 3277 702 3326 pater,
712 3266 750 3310 cui
760 3267 853 3310 nomina
864 3263 931 3327 liquit

350 3338 387 3383 ab
395 3338 454 3384 Jove
463 3337 532 3384 ducta
542 3337 628 3398 (lepra,
638 3349 722 3398 magno
731 3348 843 3398 coqnams
853 3335 919 3393 lulo;

351 3407 390 3454 ille
400 3424 456 3472 ego,
466 3405 629 3454 semihomines
637 3407 698 3453 inter
708 3407 862 3464 Nasamonas,
872 3419 896 3454 et
905 3409 966 3453 inter

349 3483 439 3526 Serum
450 3491 519 3542 atque
528 3487 656 3540 aequantem
667 3478 725 3524 ritus
734 3481 872 3526 Garamanta
882 3479 997 3532 leret-um,

350 3551 488 3597 Marmarico
497 3564 582 3611 porram
593 3551 692 3594 tentoria
701 3550 786 3595 mixtus
795 3549 905 3596 alumno?

168 3629 238 3682 Nota
252 3630 301 3682 ista
316 3629 407 3700 virgil.
422 3627 523 3682 AEneid.
538 3627 565 3692 1,
582 3641 590 3675 t
607 3639 632 3677 et
644 3645 732 3700 seqq,

349 3715 388 3763 lile
398 3731 454 3779 ego,
465 3717 505 3780 qui
514 3713 629 3780 quondam
639 3717 717 3776 gracili
726 3715 858 3764 modulatus
867 3731 939 3762 arena

354 3788 465 3843 Carmen,
475 3799 510 3844 et,
521 3799 625 3848 egressus
635 3785 709 3843 silvis,
720 3789 795 3834 vicina
805 3787 882 3850 coegi,

350 3860 382 3903 Ut
391 3859 495 3920 quamvis
504 3857 572 3902 arido
581 3871 688 3920 parerent
697 3877 750 3906 arva
761 3859 845 3906 colono
853 3875 860 3914 ς

351 3931 448 3975 Gratum
457 3943 515 3990 opus
524 3926 642 3990 agricolis:
652 3941 675 3976 at
684 3947 746 3978 nunc
755 3929 873 3977 horrentia
883 3931 964 3976 Martis

352 4003 431 4055 Arma,
443 4000 563 4068 virumque
574 4015 642 4046 cano.
