2824 4488
384 340 516 404 LIBRI
540 339 711 403 TERTII
736 339 986 404 SILVARUM.
1143 343 1207 429 393

352 466 429 524 Quum
438 464 506 510 toties
515 462 611 518 1011111,
621 475 699 510 tamen
709 478 824 527 nusquam
833 465 883 510 aria
892 464 987 512 frondes

352 533 465 591 Abstulit,
476 546 517 580 aut
526 535 597 581 ulium
605 536 681 596 tetigit
689 535 793 581 Victoria
801 535 890 582 crinem
898 552 904 581 ι
1201 590 1206 600 ,

170 639 195 679 et
208 625 283 698 plura
299 622 451 694 hujusmodi
464 621 553 695 colligi
567 636 684 695 possent.
703 622 754 676 Sed
770 625 856 694 prima
872 622 952 675 editio
968 625 1113 677 Parmensis
1129 624 1209 682 habet

170 707 263 760 nitidos
276 722 376 766 comum
391 705 523 768 Romans,
540 703 630 756 nitidis
640 702 727 757 comis.
739 703 804 773 Qun
819 721 902 775 quum
914 703 986 756 MSS.
1001 705 1053 756 sint
1067 705 1209 772 lectiones,

169 803 219 837 uec
232 782 339 836 absurdi
351 782 451 854 aliquid
463 795 509 835 aut
521 783 582 836 Islsi
596 785 624 835 in
635 802 663 836 se
675 783 806 850 habeant,
818 803 873 835 non
886 783 971 837 audeo
987 797 1097 837 mutare.
1112 785 1210 840 Nitidae

170 881 249 916 comer
259 864 322 916 satis
334 867 429 916 usitata
441 862 540 916 locutio
550 883 557 924 3
569 862 646 916 ovid.
658 865 758 916 Fastor.
770 865 821 930 111,
835 881 865 915 2:
881 865 973 916 «Mars
986 863 1062 930 ades,
1075 877 1101 916 et
1112 863 1209 916 nitidus

170 944 270 998 casside
279 945 351 997 solve
363 964 488 1007 comaw
502 947 574 996 conf.
587 959 613 998 et
624 944 732 997 Heroid.
745 945 822 1012 XXI,
837 945 900 998 166:
914 945 996 998 nitido
1005 943 1102 1017 capillo
1111 944 1207 997 Tibull.

171 1027 199 1093 I,
210 1028 243 1092 8,
255 1027 303 1080 51:
320 1027 388 1080 adde
398 1030 489 1080 Horat.
504 1027 586 1098 Epist.
600 1029 624 1093 1,
640 1027 685 1095 14,
699 1030 741 1080 32.
757 1029 790 1080 Et
803 1029 841 1080 ita
852 1030 950 1099 passim
962 1039 1060 1098 poetae,
1073 1046 1107 1081 ne
1121 1030 1209 1080 omnia

172 1103 290 1177 exemplu
299 1107 447 1160 corradum.
458 1107 568 1160 Retiueo
579 1107 668 1179 igitur,
713 1113 714 1116 ’

467 1240 473 1251 .
483 1241 488 1252 .
499 1239 504 1251 .
516 1216 609 1252 ‚terme
619 1205 697 1252 nitidis
706 1205 794 1252 Albana
803 1205 917 1252 senensem

354 1277 422 1322 Dous
431 1277 515 1334 comis,
525 1287 652 1338 sanctoque
662 1276 769 1322 indutum
778 1277 872 1322 &saris
881 1291 938 1323 suro

355 1347 488 1393 Visceribus
496 1347 615 1408 complexa
625 1347 683 1402 111111
693 1349 806 1410 sertisque
815 1347 898 1394 dedisti

355 1417 438 1465 Oscula
447 1417 529 1465 anhela
539 1419 605 1465 meis.

172 1511 330 1584 Quicunque
338 1515 440 1583 primus
449 1517 559 1566 1111111111
570 1515 659 1567 nitidis
669 1517 695 1566 in
706 1515 804 1581 vidisti,
818 1534 872 1567 nou
884 1515 1026 1581 intellexit,
1037 1516 1141 1586 opinor,
1151 1533 1210 1566 ver·

172 1588 235 1640 bum
246 1589 437 1644 substantivum
453 1591 605 1658 subaudiri,
621 1592 755 1664 complexa
767 1611 806 1656 es,·
820 1594 863 1644 cui
879 1592 1021 1663 respondet
1037 1591 1135 1644 dedisti.
1150 1593 1210 1645 Scio

173 1668 280 1740 quidem
298 1671 394 1724 nitidas
411 1690 497 1725 comas
511 1672 669 1744 plerumque
688 1671 835 1742 significare
854 1683 987 1745 uuqueuto
1003 1671 1144 1733 ultanus,-
1164 1670 1212 1723 sed

172 1768 225 1803 uon
238 1769 342 1823 semper
352 1753 389 1805 its
400 1771 456 1806 csse
472 1755 567 1806 evincit
579 1755 680 1824 primus
693 1771 724 1805 ex
740 1753 835 1806 Ovidis
848 1755 942 1805 citatus
954 1753 1037 1805 locus.
1052 1755 1138 1804 Faveo
1154 1753 1211 1822 qui·

172 1828 232 1882 dem
245 1832 404 1900 conjecturae
415 1834 577 1898 Heiusianae,
591 1845 617 1884 et
628 1832 733 1904 vulgata
745 1833 933 1904 elegantiorem
945 1845 1027 1902 puto:
1040 1830 1152 1885 sednon
1164 1849 1211 1883 su-

173 1907 223 1962 deo
236 1912 265 1962 in
279 1924 429 1964 contextum
446 1915 570 1985 recipere.
583 1911 665 1980 Quod
676 1931 739 1964 vero
752 1931 801 1982 pro
815 1913 884 1964 dono
893 1915 956 1966 citst
966 1923 1044 1979 serta,
1057 1910 1143 1984 lapsui
1155 1930 1211 1964 me-

172 1990 259 2040 moriae
278 1991 389 2062 imputo.
402 2021 439 2032 -
451 1991 502 2043 Ter
514 2010 555 2043 me
569 1991 671 2056 nitidis,
692 2005 742 2044 etc.
762 1993 813 2044 Ter
829 1992 953 2064 Papinius
972 2005 1114 2044 coronatus
1132 1991 1212 2042 estin

173 2071 315 2121 certamine
331 2068 452 2136 Albano,
466 2072 586 2123 instituto
601 2090 616 2123 a
630 2071 798 2123 Domitiano:
814 2069 842 2122 id
858 2084 913 2124 erat
930 2070 976 2123 ubi
992 2084 1076 2143 poetar
1092 2071 1212 2122 certatim

172 2149 297 2200 Minervae
312 2148 405 2203 laudes
421 2150 568 2203 cauebant:
588 2165 680 2202 auctor
693 2151 801 2205 Sueten.
818 2151 909 2203 Victus
924 2166 1013 2204 sutem
1029 2151 1098 2202 idem
1114 2163 1170 2216 est,
1183 2161 1213 2200 ut

173 2223 218 2277 hic
227 2227 335 2292 latetur,
345 2230 373 2280 in
385 2229 528 2282 certamine
540 2229 708 2301 Capitolino,
719 2231 766 2282 uhi
776 2232 848 2282 lovis
860 2231 1001 2302 Capitolini
1014 2229 1105 2283 laudes
1117 2248 1212 2302 perpe-

174 2316 219 2356 tua
229 2307 384 2357 certantium
394 2321 449 2360 erat
458 2311 567 2361 materia
577 2322 604 2362 et
613 2323 804 2379 argumentum.
824 2311 920 2362 nourr.

208 2449 251 2518 39.
273 2449 405 2524 Tenuique
418 2451 504 2506 oeulos
510 2456 571 2525 jam
584 2463 665 2507 morte
679 2454 804 2507 cudentes.
816 2455 944 2507 Usitatius
959 2467 1014 2520 est,
1030 2452 1118 2506 oculos
1132 2462 1214 2504 morte

175 2539 292 2582 nutantes
303 2547 381 2600 quum
391 2532 522 2593 cadentem
534 2534 634 2585 Auctor
644 2533 779 2585 Consolat.
794 2531 827 2583 sd
838 2533 893 2583 Liv.
906 2534 972 2602 hug.
987 2552 1009 2585 v.
1022 2550 1055 2601 9²
1069 2550 1124 2602 sq.;
1135 2529 1211 2583 Ovid.

174 2606 279 2658 hictum.
291 2609 324 2673 V,
337 2625 366 2678 7¹
377 2630 384 2670 ;
397 2610 504 2676 Noster,
515 2609 599 2663 Theb.
612 2613 653 2676 ll,
666 2610 735 2674 638,
752 2609 817 2661 sille
832 2611 923 2663 oculos
935 2611 1080 2662 etiamnum
1092 2607 1152 2660 luce
1164 2625 1213 2659 na·

175 2697 259 2738 tautes
272 2685 380 2750 Sittius
397 2687 443 2739 ubi
454 2689 522 2741 forte
538 2691 643 2760 scripsit
656 2701 770 2741 extrema
787 2687 986 2754 inconstantes,
999 2691 1016 2739 i.
1032 2707 1055 2740 e.
1071 2697 1168 2749 morte‚·
1183 2699 1214 2738 nt

174 2781 255 2832 paruo
267 2763 323 2816 luce
339 2776 457 2818 natantes
471 2767 542 2838 apud
558 2766 602 2819 Sil.
620 2766 677 2818 Ital.
691 2768 730 2833 11,
746 2783 802 2819 tua.
819 2769 851 2816 Et
869 2783 931 2818 sane
944 2767 1014 2818 oculi
1026 2766 1084 2819 luce
1097 2777 1214 2818 numntcs

174 2844 230 2895 sine
245 2843 300 2895 ullo
314 2843 431 2915 epitheto
442 2847 485 2897 vix
496 2855 604 2897 monem
617 2844 754 2896 denotent.
767 2845 843 2894 Nost.
858 2842 942 2894 Theb.
959 2845 1012 2908 XI,
1027 2842 1090 2913 557:
1107 2843 1213 2896 «Cerno

174 2939 263 2994 graves
276 2923 366 2976 oculos
381 2935 460 2994 atque
474 2943 521 2976 ora
535 2926 653 2975 natantia
668 2921 759 2985 leto;·
776 2921 854 2988 alibi,
870 2921 955 2974 Theb.
971 2924 1044 2984 VIII,
1062 2921 1123 2991 757,
1136 2935 1214 2973 vocat

175 3000 278 3052 lumino
293 3001 440 3054 dubitantia
449 3001 515 3078 fiyi,
531 3003 626 3064 idest,
641 3003 775 3067 nausea,
795 3015 821 3053 et
841 3001 909 3053 trahi
920 2999 1020 3064 ocriios,
1034 2999 1067 3050 de
1078 3009 1107 3052 re'
1121 2998 1213 3074 eadem

174 3079 257 3131 Theb.
271 3083 343 3149 VIII,
357 3081 492 3136 adfinem.
510 3081 586 3135 Plura
599 3101 613 3134 e
625 3085 710 3154 poetis
724 3099 830 3154 possem
844 3083 953 3146 afferre,
968 3083 1019 3132 nisi
1032 3097 1122 3132 sanem
1135 3073 1214 3150 puta-

175 3179 230 3212 rem
242 3162 374 3232 vulgatam
386 3163 535 3232 lcotionem.
548 3163 639 3235 Virgil.
652 3162 753 3216 AEueid.
768 3163 805 3214 XI
812 3200 820 3229 ,
835 3162 901 3216 818:
919 3161 1049 3215 «Labitur
1060 3162 1213 3232 exsanguia

174 3237 298 3292 labuntur
308 3241 402 3312 frigida
414 3242 469 3293 leto
480 3243 605 3304 Lumina;
616 3263 627 3288 ι
639 3241 715 3295 ovid.
724 3242 800 3293 Trist.
809 3243 858 3308 111,
866 3240 896 3306 3,
904 3240 951 3308 Ii,
962 3263 973 3288 ι
983 3239 1113 3292 Labeates
1123 3239 1214 3291 oculos

175 3318 272 3372 condet
284 3323 369 3374 amica
379 3339 489 3384 manus3
500 3346 511 3368 ι
525 3323 561 3373 ita
575 3340 625 3392 pro
638 3320 789 3395 insequenter
799 3341 830 3374 ex
842 3321 914 3375 MSS.
927 3320 1009 3372 edidit
1018 3321 1156 3384 Heinsius,
1169 3321 1215 3391 qui

175 3397 327 3454 huucStatr'i
339 3402 426 3453 locum
437 3399 556 3461 udducit;
569 3417 629 3451 eum
641 3400 706 3452 vide.
718 3401 811 3453 senec,
821 3401 904 3471 Epist.
916 3401 988 3465 vin,
1003 3398 1116 3450 «oculos
1124 3397 1214 3469 vigilia

175 3478 296 3548 fatigatos
306 3479 498 3552 cadentesque;
507 3503 518 3526 ι
528 3482 627 3532 Lucan.
639 3481 675 3545 ll,
688 3479 720 3531 25
730 3503 736 3531 ι
752 3503 762 3527 s
771 3480 918 3552 Vultusque
927 3481 1060 3532 exanimes
1070 3479 1213 3550 oculosque

175 3558 202 3609 iu
212 3571 298 3612 morte
309 3561 427 3628 jacentes
435 3579 465 3621 μ
481 3559 527 3612 ubi
545 3573 635 3611 temen
647 3557 756 3622 dubito,
771 3577 805 3611 an
820 3578 875 3611 nou
888 3559 1156 3630 scripseritvLucsuus
1170 3575 1213 3609 co-

175 3635 267 3690 deutes.
284 3639 345 3689 Htec
363 3639 442 3708 igitur
460 3636 575 3704 adnoto,
595 3655 628 3689 ue
646 3639 705 3708 quis
723 3637 885 3708 diligentiam
904 3657 990 3690 meam
1005 3635 1150 3704 desideret,
1169 3647 1214 3686 aut

174 3727 249 3784 putet
259 3735 288 3768 se
297 3735 386 3768 rerum
395 3716 536 3771 lectionem
544 3717 690 3782 invenisse,
702 3716 742 3768 his
753 3731 779 3769 et
789 3717 846 3769 aliis
856 3731 993 3789 poctarum
1006 3716 1071 3767 locis
1080 3713 1213 3766 inductus.

173 3794 217 3846 Ob
231 3795 302 3847 hanc
313 3799 443 3849 rationem
457 3816 537 3869 porro
550 3815 646 3850 moneo
659 3813 762 3848 versum
776 3798 941 3868 proximum,
958 3795 1082 3848 «Scilicet
1095 3795 1214 3846 exhausti

173 3873 296 3928 Lachesis
310 3875 374 3928 mihi
388 3890 509 3948 tempora
524 3879 607 3945 tau„
626 3875 690 3928 mihi
704 3880 794 3928 saurim
806 3877 904 3937 videri;
922 3877 1036 3944 sss-gutari
1052 3877 1120 3926 enirn
1138 3887 1214 3943 potes

172 3953 332 4027 exuctofilo,
345 3971 374 4008 ut
384 3957 444 4009 Silv.
454 3961 487 4024 V,
501 3976 523 4023 r,
535 3959 639 4009 «exacti
649 3970 769 4027 superest
776 3975 837 4028 pars
845 3957 935 4008 ultima
947 3955 1016 4017 iili„
1029 3956 1083 4019 vel,
1096 3977 1106 3998 κ
1117 3952 1213 4004 exhau-

172 4047 216 4088 stu
227 4049 347 4106 tempora
357 4039 430 4096 vitm
441 4061 452 4084 s
467 4055 523 4107 qua·
535 4037 639 4106 phrasis
651 4053 828 4106 saepenumero
839 4035 909 4106 aptul
922 4048 1015 4105 poetas
1025 4035 1148 4083 occurrit.
1162 4030 1213 4082 Sed
