2782 4486
177 332 242 420 678
296 337 330 396 P.
353 333 388 393 P.
412 331 533 395 STAT.
556 330 668 394 SILV.
690 328 778 390 LlB.
799 327 843 405 V,
864 329 1005 393 CARM.
1028 330 1091 394 lv,

218 463 301 543 Quae
313 481 405 525 sacer
416 455 544 523 alterna
556 471 688 521 tanturn
700 456 841 520 statione
852 453 988 522 tenebat

219 575 339 659 Argus,
354 583 386 633 et
396 562 487 634 haud
497 589 648 660 uuquam
659 561 817 654 vigilabat
829 585 968 655 corpore
981 579 1061 631 toto.

219 684 261 745 Et
272 702 364 745 nunc
376 679 443 744 fors
455 676 575 770 aliquis
587 675 686 766 longa
698 675 761 741 sub
772 691 886 756 nocte,
899 674 1023 767 puellae

220 787 359 856 Brachia
371 813 455 855 nexa
467 804 600 868 tenens,
613 785 703 853 ultro
715 801 763 864 te,
777 788 912 866 Somne,
926 784 1070 878 repellit.
1183 799 1222 852 ις

221 899 303 966 Inde
315 902 406 980 veni;
420 922 481 966 nec
492 916 525 965 te
536 914 623 964 totns
635 894 812 962 infundere
824 918 952 986 pennas

221 1006 419 1074 Luminibus
431 1003 596 1098 compello
607 1007 691 1075 meis
703 1003 785 1090 (hoc
795 1003 893 1071 turba
904 1019 1061 1095 precetur

222 1119 357 1203 Laetior)
366 1133 535 1201 ;,extremo
546 1140 600 1182 me
612 1132 710 1207 tange
722 1115 894 1182 cacumine
906 1116 1022 1204 virgae3

222 1229 365 1311 Sufficit,
378 1245 437 1296 aut
446 1228 562 1296 leviter
574 1250 737 1318 suspenso
747 1225 875 1317 poplite
886 1227 1004 1293 transi.

178 1465 232 1519 seq.
242 1465 319 1508 versu
331 1447 397 1508 forto
407 1463 527 1520 quoquc,
536 1465 562 1510 4.
572 1456 673 1504 aarum
755 1462 795 1514 η.
813 1444 871 1508 Hoc
884 1444 957 1503 mnu
968 1453 1090 1516 parcant
1105 1443 1214 1499 letior.-

178 1528 206 1577 in
214 1526 330 1578 statione.
342 1524 390 1577 Ed.
404 1543 443 1596 pr.
456 1522 493 1576 nil
502 1536 593 1576 mutat.
606 1521 673 1575 Vide
718 1536 843 1590 extremo,
862 1536 912 1576 etc.
934 1525 1016 1574 Immo
1054 1535 1165 1589 necetur,
1182 1542 1216 1575 ex

180 1614 236 1653 not.
249 1600 283 1652 ud
294 1620 331 1653 vs.
348 1618 387 1653 12.
407 1605 438 1652 A.
719 1621 804 1656 centu.
820 1543 1158 1671 ltaffilv.11‚2,1l9‚·illo
1170 1599 1216 1652 ulii

217 1680 257 1748 ll·
277 1679 674 1751 Vulflmlfflssrlssmll·
719 1699 810 1740 metu
829 1683 965 1751 jactentur
987 1680 1016 1734 in
1040 1677 1141 1744 alm·
1168 1678 1216 1731 ubi

179 1760 236 1831 quis
240 1781 250 1820 ,·
264 1760 341 1810 etiarn
356 1758 427 1833 apud
439 1757 479 1810 ed.
493 1776 534 1829 pr.
554 1759 585 1808 A.
719 1759 787 1812 male
802 1770 858 1810 erut
867 1760 1001 1830 jactantur
1013 1781 1022 1810 .·
1036 1757 1094 1810 vide
1108 1776 1165 1830 qun
1178 1757 1217 1809 ibi

219 1838 258 1891 15.
282 1841 331 1889 Pro
347 1855 429 1903 nexa,
448 1838 517 1888 forte
535 1835 676 1907 legendum
719 1837 851 1891 adnotavi.
866 1865 901 1876 -
915 1835 963 1887 Ed.
976 1854 1016 1908 pr.
1028 1848 1155 1907 precatur.
1170 1839 1203 1888 A.

180 1919 259 1978 nixu
276 1920 391 1987 Propctt.
407 1918 434 1983 1,
453 1917 498 1984 16,
510 1915 558 1980 33,
575 1918 676 1968 «Nune
757 1933 796 1984 ¹9.
816 1918 865 1967 Pru
882 1915 986 1982 leviter,
1004 1917 1071 1967 Ven.
1089 1915 1175 1967 Pam.
1190 1928 1216 1967 et

177 1999 250 2065 jacet
263 1996 367 2048 alterius
380 1995 450 2051 felici
462 1998 523 2050 nixa
533 1996 648 2056 lacerto;
661 2018 673 2042 ι
719 1996 794 2049 Rom.
816 1991 911 2056 levior,-
931 2007 957 2045 ct
974 2007 1040 2066 puto
1058 1995 1174 2046 rectius:
1194 1995 1217 2044 si

180 2075 227 2127 ubi
239 2089 326 2127 tamen
336 2075 418 2140 οοᾶειι
425 2074 592 2126 Palathnbet
600 2093 674 2129 nexa.
720 2074 788 2126 enirn
796 2075 910 2124 retineas
919 2072 1020 2138 leviter,
1028 2071 1216 2124 dietumfuim

180 2181 216 2192 -
233 2151 280 2203 Ed.
293 2172 335 2223 pr.
348 2171 422 2205 mxu.
437 2153 499 2214 Μρι
511 2171 560 2222 pro
571 2171 676 2218 somne,
719 2153 838 2222 oportuit
851 2149 963 2202 «leviter
978 2163 1004 2202 et
1018 2169 1148 2222 suspenso
1164 2170 1216 2223 po·

182 2230 273 2284 eadem
282 2249 385 2296 sumne,
397 2232 460 2284 vitio
472 2242 602 2304 typorum.
617 2233 649 2282 A.
719 2229 816 2301 plne.»
830 2257 866 2270 --
877 2227 926 2288 ΕΔ.
940 2247 981 2300 pr.
994 2228 1081 2285 itiner.
1094 2232 1128 2282 A.
