2850 4488
406 315 535 379 n1nn1
558 313 742 395 Qosnrr
766 313 1017 380 sruvuunu.
1162 320 1225 404 477

379 437 465 483 Punica
473 438 539 497 origo
547 433 595 481 illi:
606 435 647 482 sed
656 436 696 498 qui
705 437 790 482 virtute
798 435 909 498 probaret

408 510 461 554 Nou
470 507 561 554 obstare
571 503 648 554 iocum
653 539 661 562 ,
672 521 744 568 quum
753 505 814 554 salet
822 507 939 568 ingenium
948 523 954 561 ;

197 599 242 656 ubi
254 596 341 650 malim
352 597 396 648 cui
406 594 481 648 vaiet.

232 739 275 792 51.
292 739 416 812 ¹lineisque
428 737 522 811 cayt'nu
535 736 652 808 quiescit,
664 736 794 810 Strinyem
802 737 946 808 nijubeunt
955 737 1041 789 amici.
1050 738 1229 811 Veipr'snceps

197 818 305 889 insignis
322 820 421 888 pietate
439 828 466 868 et
482 815 692 868 servantissimus
711 819 794 888 equi,
813 830 843 868 ut
859 817 988 886 Traianus
1006 817 1123 869 strictum
1141 835 1231 870 ensem

197 915 286 950 corum
299 896 452 968 proceribus
469 895 595 948 Praefecto
609 896 727 947 Praetorii
740 895 844 948 tradens
852 935 862 964 ,
879 897 970 968 scope
986 895 1058 948 bunc
1072 915 1174 964 ensem,
1189 898 1230 948 iu·

199 977 270 1048 quit,
288 988 329 1042 et,
348 979 370 1028 si
384 974 490 1048 quidem
503 987 573 1028 recte
586 975 691 1041 fecero,
704 993 754 1046 pro
771 995 829 1037 me;
848 977 888 1028 sin
902 977 1007 1042 1111111111,
1021 977 1048 1028 in
1061 977 1228 1028 mentitos.»

197 1057 314 1108 Moenus.

233 1197 275 1266 57.
294 1195 347 1248 Hic
364 1194 441 1266 pistre
459 1212 540 1266 pones
558 1194 660 1247 vocibus
677 1205 703 1246 et
720 1193 802 1248 modis
821 1195 920 1248 Passim
940 1194 1037 1247 solutis.
1058 1196 1154 1249 Sensus
1174 1208 1230 1248 est:

201 1299 212 1321 ι
221 1274 335 1344 Quando
345 1276 372 1327 in
381 1292 441 1326 rure
451 1275 545 1340 fueris,
555 1292 667 1346 pauges,
680 1287 720 1326 sat
729 1276 798 1342 scio,
809 1274 889 1326 muita
899 1293 979 1346 prose
988 1275 1119 1340 oratione,
1128 1277 1232 1328 interim

197 1373 275 1422 vero,
291 1371 391 1406 memor
406 1351 505 1406 sodalis
519 1366 546 1404 et
560 1354 637 1404 amici
655 1355 694 1404 tui
710 1353 798 1418 Statii,
817 1371 889 1405 sume
903 1352 1002 1425 lyram,
1016 1353 1119 1406 etmihi
1136 1356 1163 1406 in
1180 1353 1233 1408 boc

198 1453 292 1508 genere
310 1433 446 1486 rescribes.
457 1457 469 1480 ι
487 1434 555 1484 Hinc
569 1445 641 1504 patet
654 1450 703 1504 pro
716 1431 824 1504 passim,
844 1430 918 1502 quod
933 1432 1008 1484 nihili
1024 1446 1078 1500 est,
1092 1434 1232 1503 legendum

197 1531 254 1568 esee
263 1533 346 1588 passu.
356 1513 431 1566 Medi
440 1529 516 1584 passu
526 1510 607 1564 soiuti
616 1523 678 1562 suut
686 1528 762 1582 prosa
772 1512 872 1572 oratio;
886 1512 930 1580 qui
942 1524 968 1562 et
978 1511 1098 1564 absolute
1110 1513 1235 1565 dicuntur

198 1596 270 1650 modi
280 1593 359 1650 solati
370 1607 396 1647 et
409 1611 480 1646 voces
490 1590 588 1645 solutae.
603 1591 709 1656 Noster,
721 1589 804 1642 Soter.
817 1589 884 1642 Gall.
896 1609 921 1642 v.
934 1593 984 1657 28,
995 1590 1198 1664 elegantissime,

673 1718 678 1728 .
688 1717 694 1728 .
704 1718 709 1729 .
721 1717 726 1729 .
735 1699 777 1730 seu
786 1682 855 1745 planu
865 1683 945 1731 soiufis

381 1760 431 1820 Qun
441 1759 510 1803 struis
519 1770 569 1802 orsa
580 1754 666 1810 modis,
676 1769 718 1800 ceu
727 1769 772 1816 qua
782 1753 823 1798 tibi
832 1753 905 1801 dulcis
913 1757 938 1802 in
947 1768 1020 1802 artem

380 1827 517 1890 Frangitur,
529 1838 551 1873 ct
560 1839 649 1873 nostras
658 1835 723 1870 ctsrut
732 1824 839 1871 facundia
848 1824 909 1887 leges
917 1842 925 1882 ;

197 1925 309 1980 Genesis.
320 1926 418 1978 Lucan.
432 1943 456 1976 v.
470 1939 519 1988 21,

411 2024 472 2068 Dum
481 2021 522 2083 qui
531 2036 573 2068 ros
581 2023 684 2084 gensinus
693 2019 745 2068 mlit
753 2035 796 2083 per
806 2031 867 2070 artes

410 2091 439 2136 Et
447 2091 528 2136 vinctae
537 2090 598 2152 pede
607 2093 682 2148 vocis,
693 2104 715 2138 et
723 2090 815 2148 soiutae,

412 2161 509 2209 Romani
518 2159 601 2208 colitur
610 2162 676 2210 chori
684 2162 791 2210 sacerdos
801 2176 807 2208 :

195 2279 248 2314 vox
257 2257 341 2313 solutu
350 2258 415 2332 pede
427 2270 466 2312 est
476 2259 559 2312 soluto
568 2277 659 2332 possm·
670 2259 746 2313 Ovid.
758 2261 836 2312 Trist.
849 2260 893 2327 lv,
908 2275 934 2311 11
945 2281 951 2312 :
967 2259 1106 2314 ·scn·bers
1117 2262 1235 2315 conabar

194 2341 278 2395 verba
294 2340 380 2393 soluta
393 2340 514 2404 mdis,-
533 2339 627 2412 quibus
642 2344 776 2394 contraria
789 2341 890 2394 inclusa
905 2341 1002 2404 modis3
1019 2342 1052 2394 sd
1065 2343 1234 2409 Marcellum,

193 2441 221 2473 ν.
237 2438 277 2486 11,
290 2443 302 2467 ι
312 2421 373 2473 Mox
383 2419 486 2473 incluse
497 2418 582 2473 modis
592 2419 647 2473 hnc
658 2421 768 2474 reddere
778 2419 856 2474 verbu
868 2433 1035 2485 mement031
1048 2423 1154 2494 Epiced.
1166 2423 1233 2475 Patr.

194 2521 221 2553 v.
238 2518 296 2570 101,
312 2503 386 2554 seire
401 2519 460 2554 orsa
473 2500 572 2554 libebat
585 2504 675 2554 Aoniis
689 2503 789 2554 vincire
804 2501 902 2569 modis,
919 2521 965 2554 seu
976 2521 1042 2554 voce
1058 2503 1144 2556 soluta
1157 2503 1235 2574 Spar·

194 2597 289 2649 gere.»
305 2579 382 2632 Unde
394 2591 467 2650 putet
480 2579 509 2630 in
523 2577 575 2631 aiio
588 2579 647 2632 ioco
661 2579 781 2649 Epicedii
795 2579 883 2645 istius,
896 2598 921 2629 v.
938 2579 996 2645 161,
1009 2579 1150 2650 legendum
1164 2597 1235 2645 esse,

554 2706 560 2716 .
569 2705 576 2718 .
585 2707 591 2719 .
602 2685 641 2718 .tu
649 2687 692 2734 par
700 2685 804 2719 assuetus
814 2673 916 2718 Homero

384 2743 453 2788 Ferre
462 2744 560 2804 jugum,
571 2755 684 2803 senosque
694 2742 767 2803 pedes
776 2755 868 2803 aequarc
876 2739 956 2787 solutis

383 2813 498 2867 Vocibus,
509 2823 533 2858 et
540 2826 660 2875 uunquam
669 2825 738 2873 psssu
747 2812 853 2856 breviore
862 2810 962 2874 relinqui
970 2827 978 2856 τ

194 2912 293 2982 vulgo,
313 2908 402 2963 solutis
419 2909 545 2964 Venibus.
564 2911 618 2961 nas
635 2926 711 2980 passu
728 2907 826 2961 solutas
843 2927 914 2962 esoces
930 2909 1058 2980 Apuleius
1072 2924 1148 2963 vocat
1164 2930 1238 2982 passa

194 2991 288 3057 verba,
302 2987 428 3058 Fioridis,
442 3007 470 3060 p.
484 2989 545 3056 231,
560 2987 601 3040 ed.
615 2986 688 3040 colv.
706 2987 877 3054 «Quinetiam
889 2986 1067 3060 Pherecydes,
1079 2989 1142 3061 Syro
1157 3008 1188 3043 ex
1198 2992 1239 3042 in-

196 3071 258 3124 suia
271 3068 415 3134 oriundus,
427 3069 471 3141 qui
482 3069 597 3140 primus,
608 3085 731 3120 versuum
739 3085 808 3118 nexu
820 3064 970 3139 repudiato,
983 3067 1149 3120 conscribere
1160 3087 1239 3122 ausus

195 3162 240 3204 est
252 3152 336 3222 passis
347 3149 446 3217 verbis,
462 3148 549 3202 soluto
565 3147 674 3214 locutu,
686 3147 767 3201 libera
780 3148 933 3210 oratioue„
950 3147 996 3200 ubi
1010 3149 1037 3199 in
1052 3148 1106 3201 Ms.
1122 3169 1171 3222 pro
1181 3169 1239 3221 pas·

195 3231 245 3298 sis,
260 3242 331 3297 erat,
344 3231 486 3302 pariterue
503 3229 532 3279 in
545 3227 597 3279 boc
615 3229 690 3280 Statii
703 3227 781 3292 loco,
793 3227 896 3298 passim.
911 3225 1033 3279 Tibullus
1045 3226 1108 3298 (seu
1123 3230 1239 3299 musquie

196 3323 240 3364 est
253 3311 354 3362 Auctor
365 3311 451 3364 Carm-
464 3306 499 3361 ad
512 3307 681 3380 Messalam),
695 3309 739 3374 IV,
758 3324 780 3373 1,
795 3308 952 3378 «Undique,
966 3309 1062 3380 quique
1074 3321 1169 3360 cenent
1179 3310 1238 3362 viu-

197 3405 245 3444 cto
260 3390 340 3463 pede,
356 3393 454 3464 quique
469 3387 595 3450 solmon
611 3389 729 3455 Persius,
747 3388 800 3441 Sat.
815 3388 843 3454 1,
861 3385 909 3454 13,
926 3387 1105 3456 «Scribimus,
1123 3390 1239 3442 inclusus

196 3472 317 3524 numeris
326 3471 384 3538 iiie,
395 3469 439 3522 bic
450 3469 518 3541 pede
529 3469 604 3537 iiber,
614 3469 720 3523 Grande
730 3468 831 3541 aliquid
840 3491 868 3532 ,υ
882 3469 919 3520 itu
931 3471 1075 3522 certissime
1084 3468 1239 3538 legendum,

196 3569 257 3604 non
276 3548 369 3603 inclusi
373 3572 382 3612 ς
397 3547 544 3621 quodcum
562 3549 673 3620 vulgetis
685 3549 769 3601 voluit
782 3549 945 3614 Gronovius,
958 3550 1041 3601 Diutr.
1056 3567 1114 3620 cup.
1130 3567 1173 3618 27,
1187 3549 1240 3601 boc

195 3628 283 3682 modo
296 3630 474 3701 distinguens,
491 3629 655 3682 «Scribimus
668 3629 766 3681 inciusi
781 3647 905 3681 numeros
922 3627 981 3696 ille,
995 3628 1037 3682 bic
1051 3629 1119 3701 pede
1133 3628 1237 3693 libem

196 3727 256 3784 quo
269 3723 347 3783 pacto
359 3707 425 3762 nihii
434 3721 473 3761 est
486 3708 559 3784 quod
568 3707 727 3782 respoudeat
735 3709 769 3778 σᾷ
782 3708 841 3776 itte,
855 3728 887 3761 eo
899 3707 980 3762 modo
993 3728 1048 3784 quo
1060 3709 1125 3763 liber
1134 3727 1241 3781 respon·

195 3788 247 3840 det
259 3789 293 3856 uqi
306 3788 363 3852 hic,·
377 3787 423 3841 iiie
437 3789 516 3861 igitur
527 3788 640 3843 inclusus
652 3789 776 3853 numeris,
789 3787 830 3848 hic
843 3788 908 3842 iiber
915 3787 988 3862 pede.

579 3993 863 4024 *4*-
