2844 4484
50 3893 61 3928 Ρ

211 280 276 353 520
328 257 331 267 ’
415 285 550 348 uarro
575 285 623 350 ru
647 286 844 352 clausu
868 290 1044 355 uouuu

391 411 417 454 Et
427 409 507 471 piper,
518 420 541 454 et
549 407 664 471 quidquid
673 408 757 455 chartis
765 411 871 456 amicitur
880 412 979 472 ineptis;

206 513 276 562 Pers.
297 522 345 560 sat.
368 525 393 572 t,
404 508 452 573 da,
472 529 483 551 ι
493 525 542 558 nac
558 507 693 558 scombros
710 510 851 560 metuentia
865 510 992 576 earmina,
1009 529 1058 562 nee
1075 523 1154 572 tns3·
1169 531 1248 583 quem

207 592 325 642 imitatur
336 586 426 638 Sidon.
440 585 614 656 Apollinaris,
627 604 706 638 carm.
721 587 758 653 X,
774 585 840 638 315:

390 683 437 726 Nos
446 680 512 728 valde
522 680 604 728 sterilis
614 681 696 728 modos
705 683 820 728 Camoenae

392 754 456 799 Rara
465 751 578 798 credimus
587 750 629 798 hos
639 753 750 815 brevique
760 752 844 800 chartae

359 861 361 864 .
390 825 446 882 Qua·
456 824 572 869 scombros
582 824 664 869 merito
673 825 788 886 piperque
798 836 875 886 portet
884 843 891 878 ς

208 908 293 978 pergit
305 907 406 969 facete,

389 992 447 1036 Nam
456 991 559 1052 quisnam
569 993 632 1038 Deus
642 991 687 1037 boc
696 991 761 1038 dabit
769 992 860 1053 rejectae
869 1011 875 1047 ;

392 1063 423 1106 Ut
432 1057 468 1108 sel
477 1063 603 1123 amcipiens
611 1062 686 1108 bones
695 1063 793 1118 oderes,

390 1133 506 1189 Nardum,
516 1147 543 1178 sc
552 1133 645 1195 pinguia
656 1135 811 1181 Nicerotianis

390 1207 446 1266 Qum
456 1203 558 1265 fragrem
567 1203 678 1250 alabastra
688 1206 757 1250 tincta
767 1207 855 1262 succu,

390 1275 448 1320 ludo
457 1275 579 1320 cinnamon
591 1291 618 1321 er
626 1291 683 1338 rogo
693 1277 791 1337 petitum
801 1311 807 1331 ,

391 1347 444 1406 Quo
454 1344 549 1391 Phania
555 1346 683 1406 juvenescit
693 1344 823 1394 occidendo
833 1383 840 1402 ,

392 1419 500 1472 Castum,
509 1415 690 1472 malobathrum,
700 1431 777 1474 rosas,
787 1431 916 1472 amomum,

392 1489 493 1550 llyrram
502 1522 508 1542 ‚
518 1498 567 1542 tas,
578 1485 796 1549 opobalsamumque
806 1490 899 1534 servet?
976 1533 977 1538 ,

208 1577 348 1640 Martialis,
363 1577 453 1646 Epign
465 1577 514 1640 lll,
526 1593 555 1639 u,
570 1593 601 1643 9,
619 1573 720 1642 sQuosl
736 1577 758 1626 si
774 1593 828 1626 non
848 1575 977 1629 scombris
990 1577 1116 1630 scelerata
1127 1591 1249 1649 poemata

209 1658 328 1718 donas3·
343 1667 370 1706 et
383 1657 427 1719 IV,
441 1669 551 1718 axxxvr,
566 1653 597 1703 8:

395 1754 442 1799 Nec
452 1751 552 1799 ronches
561 1763 649 1798 munes
657 1750 818 1813 maligniorum

393 1826 441 1870 Nec
450 1822 561 1870 scombris
570 1822 659 1868 tunicas
668 1821 734 1868 dabis
743 1821 866 1878 molestum

210 1907 346 1968 Catullus,
359 1904 444 1956 Carm.
458 1919 533 1968 xcrrr,
548 1921 584 1954 us.
600 1919 632 1971 7:

395 1996 424 2037 At
432 1991 513 2038 Volusi
522 1989 623 2036 Annales
631 2005 715 2052 apuam
724 2001 852 2052 purgentur
861 1990 890 2035 ad
899 1992 985 2053 ipsam,

425 2064 453 2107 Et
461 2061 522 2108 laras
530 2061 642 2108 scombris
651 2075 711 2122 sepe
722 2060 810 2106 dabunt
819 2061 917 2108 tunicas.

211 2147 280 2198 Bene
289 2161 351 2195 vero
361 2143 433 2195 olent
441 2143 611 2213 Byzantiacos
622 2140 737 2194 lacertos.
749 2143 841 2194 Horat.
854 2142 934 2194 Serra.
944 2143 980 2208 ll,
991 2142 1024 2208 4,
1036 2142 1085 2206 65;
1100 2141 1133 2194 de
1145 2143 1230 2209 abso,

394 2230 464 2288 Quod
472 2231 553 2290 pingui
563 2229 659 2274 miseere
668 2243 734 2274 mero
742 2229 863 2291 muriaque
872 2228 980 2285 decebit,

396 2303 448 2348 Non
459 2299 503 2348 alia
511 2316 579 2363 quam
588 2315 634 2363 qua
647 2301 754 2363 Byzantia
764 2301 841 2362 putuit
850 2317 912 2347 orca.

250 2457 290 2509 ¹7·
308 2437 439 2488 Arbitmm
451 2437 567 2507 sequenti
578 2435 698 2487 Annonoe
711 2435 788 2487 dedit.
802 2434 833 2486 'ri
847 2435 920 2487 dedit
930 2435 1048 2507 postulat
1058 2436 1184 2506 sequenti,
1199 2433 1251 2486 hoc

213 2532 264 2583 est,
271 2514 365 2588 facili,
377 2513 536 2584 obsequenti,
549 2512 676 2566 obedienti
687 2512 773 2565 Plotio
782 2515 964 2584 procuratori;
974 2527 1005 2565 ut
1015 2513 1081 2566 bene
1090 2512 1251 2577 Gronovius,

212 2602 296 2654 Diatr.
311 2615 334 2650 c.
350 2593 398 2661 45,
413 2593 460 2645 ubi
474 2593 569 2646 refellit
583 2611 629 2645 ees
646 2596 691 2665 qui
702 2593 843 2646 voluerunt
852 2593 1003 2666 frequenti,
1018 2607 1045 2646 et
1058 2592 1158 2646 erudite
1170 2607 1196 2646 et
1208 2611 1252 2646 eo-

213 2680 288 2750 piose
308 2674 378 2727 hane
399 2692 491 2726 vocem
510 2671 629 2724 illustrat.
650 2675 722 2724 Inter
740 2671 790 2724 alia
810 2671 928 2743 exempla
947 2671 1000 2724 hoo
1017 2671 1118 2724 blaailii
1138 2671 1252 2744 profert,

213 2757 258 2810 lib.
269 2759 302 2822 V,
315 2755 380 2808 658:

398 2837 448 2882 lloc
457 2834 527 2882 trahit
535 2838 560 2882 in
569 2835 644 2898 pelagi
653 2835 728 2882 eredes
737 2847 761 2882 et
769 2836 864 2883 volnera
874 2848 941 2882 natos

399 2905 565 2967 Squsmmiqeri
573 2906 663 2969 qreqiu
673 2906 770 2952 extentis
779 2903 888 2968 laqueare
897 2903 1041 2966 profundum

398 2975 506 3033 lletlbus,
517 2988 540 3022 et
548 2987 646 3040 pontum
655 2975 735 3024 vinclis
744 2992 833 3023 armare
843 2989 993 3038 seqtreotemt

214 3070 287 3144 quod
303 3071 339 3121 ita
354 3067 481 3138 explicat:
500 3077 665 3140 «sequentem
680 3081 793 3138 pontum
809 3077 850 3118 est
864 3065 1010 3132 cedentem,
1025 3066 1167 3136 patientem
1176 3101 1185 3130 ,
1201 3080 1254 3116 nan

215 3151 397 3214 reluctantem,
407 3167 456 3200 nec
466 3147 654 3219 tledlgnanteru
665 3149 805 3220 piscatoria
818 3166 898 3199 arma.
908 3147 1025 3198 Pontum
1037 3165 1141 3198 amare
1152 3144 1253 3208 vinclis,

213 3242 270 3295 est,
288 3227 387 3280 retibus
406 3245 436 3278 ae
455 3229 548 3280 ceteris
563 3229 641 3279 armis
655 3229 805 3298 piscatoriis
818 3226 890 3279 velut
904 3223 1014 3279 induere
1027 3238 1157 3296 pontum,
1176 3225 1254 3296 pisci-

138 3349 143 3358 .
213 3309 316 3378 busque
334 3306 459 3356 infestum
473 3306 613 3358 reddere·
636 3309 669 3357 At
689 3308 747 3377 quis
765 3324 883 3376 unquam
901 3306 938 3358 ita
956 3305 1062 3358 locutus
1083 3317 1138 3372 est,
1157 3321 1255 3356 arrum

212 3397 324 3459 pontum
336 3384 427 3437 uinclis
437 3404 486 3456 pro
500 3387 604 3438 induere
615 3398 728 3456 pontum
741 3386 852 3438 retibus?
865 3403 934 3438 anne
947 3383 1047 3457 aliquid
1059 3386 1158 3438 amari
1168 3395 1255 3455 potest

215 3463 321 3516 uinclis?
332 3463 486 3516 festinanter
497 3465 573 3517 nimis
584 3465 690 3536 scripsit
700 3466 740 3516 vir
750 3483 870 3535 magnus.
882 3467 965 3537 Lege,
980 3487 991 3512 ι
1002 3479 1029 3516 et
1039 3477 1153 3535 pontum
1166 3463 1255 3515 vinclis

214 3557 299 3596 artare
313 3543 516 3612 frequentem·
532 3543 584 3594 hoc
598 3557 653 3607 est,
669 3556 754 3596 totum
769 3563 840 3596 mare
855 3562 988 3616 occupare
1003 3555 1029 3594 et
1041 3555 1185 3613 angustum
1196 3539 1255 3593 retl-

212 3623 288 3687 tlere,
305 3621 441 3693 oppletum
455 3623 554 3676 retibus
566 3635 593 3674 ct
607 3623 697 3676 vinclis
712 3627 776 3695 ejus.
794 3625 963 3698 Frequentem
977 3621 1068 3676 vinclis
1079 3635 1120 3674 est
1132 3623 1255 3684 densum,

210 3703 318 3776 plenum
333 3701 436 3764 vinclis;
452 3718 480 3755 ut
494 3703 568 3756 Silua
578 3703 703 3775 frequens
716 3707 841 3773 trabibus,
857 3705 966 3767 Ovidio;
980 3704 1108 3776 frequens
1126 3703 1255 3754 arboribus

213 3782 297 3848 lucus,
317 3781 407 3834 Senec.
425 3783 507 3853 Epist.
527 3781 574 3849 413
590 3784 705 3854 scapulas
716 3785 866 3858 frequentes
884 3784 1029 3850 exsulibus,
1047 3783 1170 3835 Juvenal.
1185 3781 1256 3851 xm.

215 3864 281 3932 α46;
294 3877 319 3916 et
334 3864 469 3928 innumera
482 3863 620 3934 ejusmodi.
636 3865 729 3918 Artane
740 3885 786 3918 seu
798 3877 897 3924 arctare
906 3876 1018 3938 pontum
1032 3877 1062 3916 ut
1073 3863 1147 3935 apud
1158 3865 1254 3915 Lucan.

214 3947 265 4010 lll,
278 3945 327 4010 35,
339 3955 363 3994 et
376 3941 466 3995 Senec.
479 3945 555 3998 llere.
568 3947 628 3998 Fur.
641 3965 665 3998 v.
683 3964 757 3999 raro.
773 3945 822 4000 Sed
834 3947 889 4016 jam
901 3945 978 3998 video
992 3945 1153 4014 scaligerum
1166 3943 1253 4010 conje-
