2858 4492
380 309 511 372 LIBRI
535 307 742 372 SECUNDI
767 309 1018 374 SILVARUM.
1154 307 1217 374 265

178 428 364 495 tacebamus,
372 430 507 499 Consolat.
516 430 550 482 ad
559 433 700 500 Marciam,
710 451 768 503 cap.
779 450 820 484 no.
831 433 1032 504 Appositissime
1041 437 1138 500 Varro,
1148 433 1220 507 apud

177 515 367 578 Censorinum,
381 510 415 562 de
426 512 475 563 Die
486 510 573 563 Natal.
584 529 643 582 cap.
658 511 698 576 14.
715 512 796 564 Recte
809 513 890 582 igitur
903 511 1018 566 Philetus
1031 514 1127 566 dicitnr
1140 516 1221 568 fuisse

178 599 205 648 in
219 593 311 646 limine
323 591 381 644 vita
395 589 492 643 adalta
505 609 552 643 seu
567 590 643 644 initio
655 590 846 656 adolescentia,
861 604 955 664 utpote
968 595 1012 663 qui
1022 595 1078 664 jam
1091 594 1220 646 decimam

178 675 302 748 quintum
316 674 400 725 aetatis
411 690 510 724 aunum
523 673 657 742 ingressus
670 673 765 724 inerat.
778 674 813 724 Ut
824 691 886 724 vero
900 672 992 725 adulta
1004 674 1057 726 uita
1069 693 1120 744 pro
1133 674 1222 726 adole·

178 755 290 818 wentia,
307 769 355 804 scu
371 769 402 803 ea
413 769 476 822 pars
489 752 546 803 vite
562 753 589 802 in
604 767 657 823 qua
668 750 848 818 adolescimus,
866 754 901 804 ite
913 763 1015 805 mantra
1027 753 1081 804 vita
1095 752 1220 817 Manilio,

180 835 225 886 lib.
238 835 275 900 ll,
286 851 344 903 quar
357 830 515 884 redderem
524 833 638 902 juventa
648 832 782 901 pervenit,
793 855 803 878 ι
818 843 848 882 ut
857 833 894 884 ait
904 831 1013 884 Florus:
1027 833 1154 884 robustam
1166 841 1223 884 ata-

180 925 231 966 tem
247 924 327 964 vocat
340 909 423 976 idem,
437 908 550 976 ibidem,
564 911 674 960 Prooem.
689 908 736 962 lib.
752 911 779 960 l:
795 919 908 962 maturos
920 928 1004 963 annos
1016 911 1155 975 Horatius,
1166 910 1221 961 Art.

180 995 295 1048 Poetica.
308 991 350 1044 Sic
363 989 431 1042 anni
443 991 535 1044 domiti
545 989 630 1042 Theb.
646 990 695 1056 nt,
712 1006 777 1042 aro:
792 989 826 1042 de
842 1011 907 1064 equo
923 989 1058 1063 loquitur:
1076 991 1180 1044 domitis
1192 991 1224 1042 ab

180 1074 270 1140 annis,
283 1071 318 1124 ab
330 1089 362 1124 ea
372 1083 447 1142 parte
458 1070 516 1122 vitre
529 1073 556 1121 in
569 1088 622 1140 qua
634 1071 747 1141 primum
761 1068 934 1122 domabatur:
949 1070 1075 1124 domitans
1088 1072 1168 1122 vitans
1182 1069 1224 1122 di·
1315 1105 1316 1112 η

181 1154 249 1204 xisse
260 1151 357 1222 potnit.
372 1150 452 1201 Recte
462 1149 541 1200 ctiam
550 1147 643 1200 limine
652 1149 724 1214 vita,
738 1161 768 1200 ut
780 1147 881 1220 epiced.
896 1148 1004 1211 Glauce
1016 1147 1100 1202 Theb.
1113 1151 1146 1216 V,
1159 1147 1225 1212 53⁵;

183 1245 208 1284 rt
220 1249 300 1302 snpra
311 1250 336 1281 r.
349 1227 413 1290 s603
425 1231 531 1290 Noster,
543 1227 690 1281 Eucharist.
702 1247 728 1279 v.
743 1227 781 1280 13.
795 1230 876 1282 Vetus
887 1229 1038 1300 inscriptio,
1050 1230 1130 1282 citata
1142 1247 1157 1280 a
1168 1231 1223 1281 Jos.

181 1309 348 1378 Castalione,
358 1311 420 1362 Not.
433 1312 460 1363 in
472 1309 551 1362 Rutil.
562 1311 650 1362 ltiner.
661 1329 690 1380 p.
702 1309 749 1362 ab:
766 1309 879 1362 «Annus
890 1323 945 1362 erat
956 1321 1023 1362 nate
1035 1313 1148 1382 primum
1162 1327 1225 1360 mox

182 1389 278 1443 deinde
290 1387 399 1442 secundi
409 1385 555 1440 Liminibus
565 1389 654 1459 rapuit
664 1405 707 1440 mc
719 1386 769 1440 sibi
780 1386 980 1459 Persephonen
995 1386 1085 1454 idest,
1099 1387 1175 1440 initio
1186 1405 1226 1439 sr-

182 1469 269 1522 cundi.
284 1470 382 1522 Passim
395 1471 513 1520 occurrit
526 1467 598 1541 apud
612 1469 722 1521 Statium
737 1481 763 1520 et
776 1481 878 1521 ceteros
890 1479 993 1539 poetas.
1008 1468 1124 1520 Gronov.
1139 1465 1223 1538 Reliq.

183 1550 218 1604 ad
229 1551 304 1602 Statii
314 1548 374 1603 silv.
387 1562 414 1601 et
423 1548 531 1602 Elencb.
544 1547 683 1601 Antidiatr.
697 1566 755 1621 cap.
767 1548 797 1616 3,
807 1547 879 1600 aliud
889 1548 957 1612 vult,
968 1562 993 1600 et
1002 1561 1091 1614 notat,
1104 1548 1225 1600 rScimus
1295 1579 1298 1586 ·

183 1630 296 1683 Statium
306 1629 443 1702 reliquisse
452 1631 511 1682 vita
518 1630 594 1682 modo
601 1628 708 1682 cardine
718 1629 813 1682 adulta
820 1631 927 1682 Nectere
934 1628 1058 1680 tendebat.
1069 1627 1130 1682 Vita
1136 1626 1227 1680 adulta

184 1720 225 1760 est
233 1720 295 1761 ntus
304 1709 331 1759 in
341 1726 392 1780 qua
403 1707 593 1776 adolescimus,
603 1721 648 1760 aut
658 1707 741 1759 adulti
749 1707 844 1760 redditi
855 1725 959 1770 snmus;
971 1720 1001 1759 ut
1013 1706 1076 1758 alibi
1088 1707 1141 1758 vita
1153 1704 1226 1757 labo-

184 1799 255 1853 rata,
269 1787 297 1837 in
310 1804 363 1857 qua
375 1786 525 1840 laboratum
539 1801 586 1841 est.
606 1787 703 1840 Merito
718 1789 798 1859 igitur
811 1801 838 1840 et
851 1787 967 1840 cardines
980 1785 1038 1839 illas
1051 1788 1109 1838 vitae
1121 1798 1226 1858 partes,

183 1867 336 1933 infantiam,
347 1868 502 1938 pueritiam,
514 1866 732 1934 adolescentiam,
743 1881 792 1920 etc.
803 1891 814 1914 a
829 1869 889 1919 Hac
898 1869 938 1919 vir
946 1884 1078 1920 summus:
1092 1884 1146 1918 non
1156 1877 1227 1916 recte

184 1960 286 2014 tamen,
300 1949 405 2019 opinor,
417 1949 445 2000 in
456 1949 506 2000 ista
516 1967 582 2000 voce
594 1949 698 2001 cardine
703 1971 712 2011 ;
724 1947 780 2000 brec
792 1950 861 2000 enim
872 1966 923 1999 vox
935 1966 989 1999 non
1001 1945 1111 1999 denotat
1122 1946 1227 2000 initium

186 2030 224 2080 rei
237 2025 328 2098 (quod
338 2045 431 2080 sensns
442 2027 495 2080 loci
507 2027 587 2098 hujus
599 2028 738 2100 requirit),
751 2027 797 2081 sed
811 2041 919 2094 contra,
931 2030 1068 2080 notionem
1080 2027 1229 2079 extremita-

186 2108 217 2161 tis
229 2109 285 2160 iere
297 2109 430 2160 continet:
444 2107 536 2160 saltem
547 2108 700 2181 ambiguum
713 2122 766 2176 est,
777 2109 833 2166 nisi⁴
839 2107 953 2161 addatur
963 2107 1101 2180 epitheton
1113 2104 1186 2178 qnod
1198 2108 1230 2156 si·

187 2186 382 2258 purificationem
395 2190 451 2258 ejus
464 2188 628 2241 determinet.
641 2188 686 2242 Sil.
698 2188 780 2241 Italic.
796 2191 845 2255 tx,
860 2187 923 2255 tio,
937 2188 983 2240 ubi
995 2188 1109 2241 Satricus
1120 2185 1228 2237 moriat·

189 2287 229 2322 nis
241 2266 374 2340 loquitur:
390 2269 456 2322 asar
472 2287 594 2340 magnum
610 2267 664 2321 boc
680 2271 781 2322 miserae
792 2270 872 2322 inerit
885 2267 950 2320 mibi
966 2267 1071 2320 cardine
1085 2267 1142 2318 vitae
1156 2263 1230 2316 Sola-

187 2366 261 2412 men,
271 2349 371 2400 cavisse
381 2350 479 2411 meis3a
493 2349 584 2401 Seuer.
595 2348 629 2400 de
638 2349 728 2401 Benei.
739 2351 782 2415 tV,
796 2367 836 2400 aa.
848 2347 890 2401 Ob
902 2346 971 2400 banc
979 2349 1123 2411 rationem,
1136 2361 1229 2415 nempe

188 2431 248 2498 quia
265 2447 317 2480 vox
331 2441 371 2480 est
387 2426 473 2480 dubie
490 2429 705 2501 significationis,
721 2447 791 2501 saepe
809 2431 943 2481 invenitur
957 2427 1077 2481 additum
1094 2423 1230 2496 epitheton

185 2527 317 2560 summum
334 2506 376 2559 rel
391 2519 532 2560 amrinum
541 2530 551 2572 ;
567 2510 602 2560 ita
620 2508 739 2580 exemplo
755 2508 802 2560 illo
820 2507 892 2581 quod
908 2508 1059 2560 Gronovius
1075 2504 1183 2557 adducit
1200 2523 1231 2554 ex

186 2586 319 2640 Tbebaid.
333 2589 371 2654 X,
384 2607 450 2641 vers.
466 2588 532 2642 853:
549 2589 637 2639 «Tum
652 2607 714 2640 vero
727 2591 831 2640 attoniti
844 2590 961 2641 latorum
972 2585 1078 2640 cardine
1091 2603 1206 2647 summo;
1217 2609 1228 2631 ι

188 2667 282 2719 Senec.
293 2666 387 2720 Troad.
401 2687 469 2721 vers.
484 2667 534 2721 52:
552 2666 693 2720 «Mortalis
706 2670 753 2720 sevi
767 2668 899 2720 cardinem
915 2681 1058 2720 extremum
1071 2682 1207 2736 premens;
1218 2687 1229 2709 ι

190 2747 292 2798 Lucan.
305 2747 363 2813 vn,
376 2748 436 2800 381.
454 2746 480 2798 Si
496 2748 577 2818 igitur
591 2749 695 2816 scripsit
710 2746 816 2799 cardine
829 2747 882 2799 boc
897 2744 958 2798 loco
974 2747 1085 2811 Statius,
1100 2741 1232 2795 addidisse

190 2823 286 2877 debuit
298 2842 387 2877 vocem
397 2828 498 2898 primo,
513 2838 544 2877 ut
554 2837 647 2877 notum
660 2839 730 2877 esset
743 2825 816 2877 illum
830 2827 946 2878 innuisse
960 2825 1064 2875 initium
1079 2821 1232 2874 adolescen-

191 2905 232 2956 tiae
241 2903 343 2957 Pbileti.
354 2905 458 2958 Rectius
468 2903 538 2957 idern
550 2903 701 2956 Gronovius
710 2906 737 2955 in
747 2921 812 2956 voce
824 2904 957 2964 tendebat,·
968 2920 1061 2973 quam,
1074 2913 1168 2972 prester
1176 2917 1233 2952 sen·

188 3003 247 3037 snm
259 2982 325 3050 loci,
337 2983 493 3037 confirmant
504 2983 558 3036 Ms.
571 2981 678 3034 Senens.
691 2995 717 3035 et
729 2981 792 3034 edit.
803 2983 938 3034 Romana:
952 2983 1025 3033 etita
1037 2981 1233 3049 exconjectura

189 3063 388 3118 emendaverarn
403 3067 558 3137 priusquam
574 3062 655 3115 ullum
669 3065 813 3115 variantem
831 3062 972 3115 lectionem
987 3058 1118 3120 videram3
1136 3068 1234 3110 nectere

190 3147 307 3198 tendebat
316 3146 387 3199 idem
398 3161 438 3200 est
451 3145 524 3218 qnod
534 3146 659 3220 perpebut
669 3155 768 3197 metere
782 3163 829 3197 seu
841 3145 972 3206 nectebat,·
985 3145 1021 3194 ita
1032 3140 1092 3194 silv.
1104 3143 1138 3207 V,
1149 3160 1187 3193 vs.
1200 3141 1232 3194 3:

193 3224 344 3278 s‘l'enderet
355 3239 382 3278 et
392 3239 467 3278 torvo
479 3225 563 3297 pietas
573 3243 677 3296 sequare
689 3227 805 3288 Maroni3
817 3249 828 3273 s
840 3223 868 3276 id
880 3237 931 3286 est,
944 3235 1056 3296 aquare!
1068 3223 1185 3288 blaroni;
1197 3223 1234 3276 ita

192 3305 272 3356 tendit
285 3303 407 3356 divellere
420 3306 512 3369 nodos,
525 3305 595 3374 Virg.
608 3303 710 3357 AEueid.
725 3306 762 3370 11,
775 3321 841 3368 ²²⁰3
854 3305 935 3356 tendit
949 3304 1100 3356 convincere
1110 3321 1161 3375 pro
1173 3321 1234 3356 con·

192 3384 284 3452 vincit,
300 3382 406 3436 Lucret.
418 3386 455 3448 V;
467 3402 536 3457 aqua
553 3386 639 3437 tendet
652 3403 771 3458 nempere
779 3383 932 3456 plumbum,
946 3387 1036 3437 Horat.
1048 3385 1131 3457 Epist.
1147 3385 1174 3448 l,
1190 3399 1234 3449 to,

194 3481 239 3523 ²03
247 3465 332 3517 Tacit.
344 3463 414 3515 Anu.
424 3466 450 3528 1,
463 3481 509 3534 19:
522 3484 533 3508 ι
544 3463 570 3515 Si
579 3477 667 3517 tamen
676 3463 815 3517 tenderent
824 3466 850 3516 in
861 3483 927 3535 pace
937 3477 1052 3530 tentare,
1064 3482 1120 3536 quse
1129 3481 1164 3514 ne
1173 3463 1235 3514 civi·

192 3543 254 3594 lium
266 3542 376 3614 quidem
387 3541 520 3595 bellorum
531 3544 642 3596 victores
655 3545 892 3616 expostulaverint,
904 3557 955 3596 etc.
967 3569 979 3592 a
992 3543 1129 3598 Claudian.
1144 3544 1171 3595 in
1185 3543 1235 3594 Eu-

191 3637 258 3695 trop.
273 3625 299 3688 l,
311 3623 373 3677 300.
386 3620 487 3674 Eodem
498 3621 582 3690 libro,
593 3643 662 3676 vers.
679 3625 724 3692 td:
741 3625 872 3677 «Nilusne
886 3637 975 3677 meatu
988 3626 1099 3690 Devius,
1114 3637 1140 3675 et
1152 3625 1236 3675 nostri

192 3689 281 3755 tdndat
289 3706 347 3774 jam
357 3703 496 3775 transfuga
506 3702 598 3756 mundi
609 3703 642 3756 Se
654 3703 744 3756 Rubro
758 3706 866 3757 miscere
877 3702 981 3756 marit·
994 3706 1030 3755 ita
1042 3722 1073 3754 ex
1085 3701 1192 3754 dnobus
1204 3701 1236 3754 li-

191 3781 245 3835 bris
254 3781 327 3837 MSS.
340 3781 404 3853 legit
413 3785 535 3836 Heinsius
543 3803 593 3856 pro
603 3794 693 3836 tentat.
704 3785 763 3836 Pari
774 3784 855 3836 modo
867 3782 1038 3856 depravatam
1047 3781 1137 3835 Ovidii
1145 3781 1236 3833 locum

193 3882 223 3915 cs
235 3865 341 3936 optimis
353 3863 513 3917 membranis
526 3866 639 3918 restituit
653 3862 737 3930 idem,
751 3867 857 3918 Metam.
871 3867 922 3930 Xl,
938 3885 961 3916 v.
975 3863 1041 3917 533:
1059 3863 1143 3912 aPars
1157 3862 1236 3930 igitur

192 3943 318 3996 tendebat
333 3941 421 3996 adbuc
437 3943 561 3996 invadere
576 3947 684 4016 pinum
694 3967 706 3991 a
723 3943 801 4015 vulgo
816 3959 871 3997 erat
884 3944 1006 3996 tcnmbm.
1021 3940 1163 3994 lnieliciter
1174 3957 1235 3990 vero

190 4021 354 4089 Gronovius,
371 4041 453 4094 quum
468 4021 619 4095 distinguit,
633 4022 767 4091 aluvidia,
782 4022 885 4090 infelix,
900 4025 980 4076 enimi
994 4019 1081 4074 vitalia
1095 4019 1193 4085 vidit,·
1210 4031 1235 4069 et
