2776 4484
186 317 226 378 ,ο
342 292 477 365 nores
502 293 551 356 ru
575 275 773 367 cunnus
799 295 1065 364 suuuuuutt

183 414 318 486 Virgilius,
329 414 433 480 Culice,
446 432 512 466 sert.
527 413 590 468 152:

368 513 397 556 At
406 511 465 558 eirca
475 511 558 571 passim
568 509 625 558 fuse
635 511 737 558 cubuere
746 508 854 570 repellet

183 601 217 650 ita
225 598 466 669 legendum3rulgo
474 599 511 647 ihi
519 613 626 666 quoqne
627 594 711 665 fessoe.
720 595 845 666 Exempla
853 595 1157 670 ubique-Nequehoc
1164 601 1225 653 loeo

183 683 270 732 Venus
281 677 377 730 dieitur
390 677 459 728 fessa
471 674 562 726 labore
567 713 577 740 ,
595 693 681 744 neque
698 674 825 726 exhausta
838 674 964 743 libidine,
978 676 1025 729 sed
1038 697 1096 750 quse
1107 681 1226 734 membra

182 759 251 812 levat
268 759 370 828 quiete,
383 768 413 806 ut
429 754 515 806 solent
529 773 544 806 n
559 772 652 805 somno
668 755 788 820 excitati,
805 757 901 828 cuique
918 755 1039 810 noudum
1054 763 1155 817 animus
1170 775 1227 814 erat

183 836 282 908 aliquid
293 834 397 906 agendi.
410 835 466 886 Not
480 831 592 886 dicimus
605 833 661 886 lass.
684 833 725 886 Sit:
736 833 846 886 Ovidius
858 835 967 887 Metam.
981 838 1019 903 ll,
1031 838 1098 908 422:
1114 842 1227 913 «luppi-

183 935 224 972 ter
237 934 266 972 ut
279 917 344 970 sidit
357 917 452 968 lessam
469 926 496 965 et
512 911 622 966 custode
634 927 806 978 vacentem,-
823 917 840 966 i.
856 933 879 967 e.
892 915 1054 987 negligenter
1071 921 1227 972 recumben.

183 1017 251 1064 tem,
267 996 373 1070 qualem
388 993 513 1048 describit
528 997 618 1046 Amor.
636 994 661 1058 l,
677 994 722 1060 14,
741 1011 782 1047 21.
802 995 884 1045 litun.
899 1025 936 1035 —
953 997 1003 1048 Ubi
1018 1001 1149 1070 quondam
1164 1019 1227 1052 cort·

183 1080 236 1133 sein
238 1117 300 1130 .....
319 1073 423 1128 vincula
441 1071 514 1126 lecto.
529 1075 618 1125 Venus
628 1074 701 1142 jaeet
717 1074 776 1125 fuss
793 1073 877 1140 lecto,
891 1076 919 1126 in
935 1093 987 1146 quo
1004 1075 1074 1128 lecto
1091 1078 1226 1149 quondam

183 1161 290 1212 Lemnia
305 1153 411 1208 vincula
424 1168 578 1225 repserunt,
596 1151 763 1223 deprehenso
781 1151 860 1205 lecto.
880 1155 976 1207 Nonne
991 1153 1043 1208 hoe
1060 1159 1155 1209 mirum
1170 1161 1229 1211 est?

185 1238 280 1290 dixisse
293 1234 400 1299 debuit,
415 1231 547 1303 deprenso
562 1229 694 1283 adulterio
710 1230 752 1283 vel
766 1232 870 1283 Mortes
888 1245 918 1284 ut
936 1235 1069 1297 Ausonius
1085 1237 1112 1286 iu
1129 1235 1225 1309 Cupid.

184 1317 298 1369 cruoiilx.
311 1335 335 1366 v.
352 1315 400 1381 84;
412 1325 438 1365 et
450 1310 522 1385 ldyll.
536 1313 579 1376 lV,
593 1327 624 1381 27
634 1333 641 1374 ;
652 1311 776 1378 Ovidius,
787 1313 876 1368 Amor.
887 1314 910 1378 l,
921 1331 951 1382 9,
962 1313 1004 1382 39.
1019 1314 1081 1366 Non
1095 1313 1174 1368 lecto:
1188 1315 1227 1368 le·

184 1412 242 1449 ctus
253 1398 322 1447 enim
336 1413 391 1446 non
403 1389 662 1462 deprehendebatur,
674 1390 720 1442 sed
729 1385 799 1442 Mars
808 1404 834 1442 et
842 1391 932 1442 Venus
942 1393 968 1442 in
978 1390 1057 1445 lecto.
1070 1392 1135 1444 Vide
1147 1394 1225 1445 Orid.

183 1477 263 1528 Trist.
276 1477 313 1539 ΙΙ,
326 1474 385 1543 377.
408 1472 516 1542 Scripsit
530 1468 626 1522 Statius
633 1491 733 1534 ......
740 1470 877 1541 Deprensa
889 1469 994 1522 vincula
1006 1471 1091 1534 furto;
1102 1496 1113 1520 ι
1130 1472 1157 1524 id
1170 1487 1226 1537 est,

185 1553 469 1621 adulterio,ethrrtiro
480 1568 577 1602 amore.
589 1549 660 1601 lnfra
669 1567 694 1599 v.
707 1566 765 1619 ¹9¹3
775 1549 858 1602 Theb.
869 1549 914 1602 lib.
925 1553 962 1616 ll,
971 1571 995 1602 r.
1006 1551 1069 1622 2693
1079 1551 1227 1620 Ausonius,

185 1634 260 1710 ldyll.
271 1635 305 1702 V,
318 1651 343 1705 73
356 1631 432 1686 ovid.
447 1631 509 1684 Met.
523 1631 548 1695 l,
560 1629 627 1696 605,
641 1643 667 1681 et
679 1630 728 1696 111,
742 1631 775 1694 6;
788 1631 879 1702 Vi'rgil.
892 1631 986 1702 Georg.
1002 1633 1044 1683 lV.
1058 1631 1124 1697 3455
1135 1630 1228 1684 Sidon.

136 1745 139 1756 .
186 1714 360 1787 Apollinaris,
371 1715 456 1768 carm.
468 1711 518 1778 xl,
528 1711 560 1762 32
569 1749 576 1778 ,
586 1708 620 1760 de
632 1709 768 1776 Vulcano,
777 1709 840 1763 huie
851 1711 925 1763 Statii
937 1711 998 1762 loco
1009 1711 1148 1764 manifesto
1161 1711 1230 1763 ellu-

187 1795 266 1856 dens;
282 1796 433 1847 suavissime
447 1791 559 1856 Statius,
571 1787 654 1841 Theb.
666 1791 704 1854 X,
717 1791 765 1853 613
785 1791 828 1844 Sil.
843 1791 925 1843 ltalie.
938 1791 1012 1858 Xlll,
1024 1791 1085 1844 615.
1100 1791 1229 1864 Depreuso

180 1875 256 1943 fiirto
261 1912 270 1938 ,
281 1888 311 1926 nt
322 1872 392 1945 apud
403 1871 515 1923 Martial.
525 1870 615 1940 Epige.
626 1872 651 1934 1,
661 1869 708 1935 88,
718 1870 781 1922 licet
790 1871 842 1922 alio
852 1871 1033 1938 musmones
1042 1889 1103 1923 vero
1114 1889 1188 1922 error
1198 1888 1230 1922 ex

186 1953 361 2020 geminatione
373 1951 468 2002 ultime
480 1947 585 2021 syllabas
595 1950 668 2001 vocis
681 1949 803 2002 vincula:
823 1950 849 2002 ln
864 1953 935 2002 enim
949 1963 975 2001 et
989 1949 1028 2001 lec
1040 1950 1157 2020 ejusdem
1169 1963 1230 2002 sunt

188 2031 283 2084 duetus
295 2034 321 2083 in
334 2031 405 2082 MSS.
421 2031 505 2099 Hujus
517 2031 620 2098 generis
631 2027 787 2080 mendorum
803 2029 915 2100 plurima
931 2028 1051 2100 exemplu
1064 2032 1090 2082 in
1103 2030 1143 2082 his
1156 2029 1230 2082 Silvis

188 2109 417 2180 deprehendimus.
427 2107 607 2162 Adumhrutus
618 2122 658 2160 est
667 2107 711 2159 hic
719 2108 795 2162 locus
805 2128 837 2160 ex
846 2106 932 2161 Valet.
945 2107 1054 2174 Flacco,
1069 2111 1115 2175 lV,
1125 2107 1192 2162 355:

617 2206 741 2251 Dominam
750 2201 844 2269 Lyrceia
854 2203 919 2251 tellut

374 2281 491 2340 Antraque
500 2275 619 2339 deprensae
629 2287 774 2322 tremuerunt
783 2275 873 2321 conseia
885 2273 967 2336 cnlpae.

189 2375 268 2448 Quod
278 2377 374 2429 Noster
380 2375 485 2447 furtum
495 2387 585 2440 voest,
597 2370 718 2432 Valerius
728 2371 843 2444 eulpam.
854 2373 914 2424 llaec
924 2373 1079 2443 scripseram
1090 2389 1170 2442 quum
1181 2369 1231 2424 de·

189 2457 317 2532 prehendi
326 2455 455 2510 Cruceutn
465 2457 492 2506 in
502 2454 593 2506 eadem
602 2457 763 2527 conjectura.
775 2452 923 2504 Gronovius
933 2464 1035 2518 temen,
1046 2451 1127 2514 lliatr.
1140 2468 1199 2521 cap.
1213 2468 1231 2522 9

190 2553 215 2592 et
228 2538 275 2602 52,
287 2539 381 2590 retinet
391 2535 469 2599 lecto,
483 2547 509 2585 et
518 2532 573 2589 haec
583 2546 672 2584 notet:
689 2555 700 2578 ι
711 2533 836 2586 Offensus
849 2532 1005 2602 repetitione
1017 2533 1088 2582 vocis
1099 2527 1229 2590 interdum

190 2636 338 2692 synonymae
347 2618 462 2669 Crueeus
475 2615 606 2686 reposuit,
618 2611 723 2679 vinculo
729 2613 806 2685 furto
811 2634 820 2676 ,·
830 2609 877 2667 sed
890 2609 956 2662 nihil
967 2610 1131 2673 mutandum.
1144 2609 1231 2662 Strata

191 2699 259 2750 enim
272 2715 332 2770 pars
346 2695 409 2748 lecti
422 2693 466 2746 hie
480 2706 554 2764 sunt,
570 2711 617 2745 seu
629 2691 745 2764 stragula
759 2694 854 2764 vestis,
868 2711 926 2766 qun
938 2692 1007 2749 lecto
1019 2695 1119 2764 ingesta
1131 2701 1186 2743 erat
1197 2689 1232 2742 nd

191 2774 404 2850 compenditatem
417 2771 539 2828 cubandi.
552 2796 562 2818 u
577 2773 610 2822 Et
621 2791 713 2824 verum
726 2771 834 2846 quidem
846 2786 898 2840 est,
913 2772 985 2846 quod
997 2772 1118 2844 observat
1129 2772 1169 2822 vir
1180 2768 1233 2837 do-

192 2873 250 2910 etus
262 2856 294 2908 de
305 2855 340 2924 τᾷ
350 2866 427 2908 strata
441 2872 491 2925 pro
504 2865 576 2923 parte
591 2851 666 2918 lecti,
679 2872 725 2905 seu
739 2854 927 2925 quodcumque
939 2853 1009 2906 leeto
1022 2854 1181 2906 insternitur.
1193 2851 1232 2902 lta

193 2937 264 3008 apud
275 2935 413 3004 Clondiau.
426 2935 454 2988 iu
465 2933 552 2996 nune.
567 2931 648 2998 lib.1,
661 2951 728 2986 vers.
742 2950 808 3000 ato,
819 2945 845 2988 et
856 2933 888 2984 de
902 2933 965 2988 Bell.
978 2933 1037 2986 Get.
1049 2951 1114 2988 vers.
1129 2929 1194 2994 352,
1206 2942 1234 2980 et

192 3017 268 3067 Ovid.
288 3016 394 3072 Metam.
412 3013 457 3084 lib.
473 3013 510 3082 V,
521 3029 588 3066 vers.
602 3011 645 3082 34.
664 3014 703 3065 Ita
717 3023 812 3075 tectutn
831 3031 880 3085 pto
899 3026 973 3082 parte
989 3011 1083 3067 domus
1097 3006 1168 3079 apud
1186 3007 1231 3068 Sil.

193 3095 274 3146 ltalie.
290 3093 335 3145 lib.
348 3097 418 3160 Vlll,
430 3111 498 3145 vers.
511 3092 576 3158 321,
592 3106 617 3143 et
630 3093 782 3160 Lucanum,
794 3091 838 3142 lib.
852 3094 912 3160 Vll,
926 3109 992 3146 rere.
1005 3089 1072 3158 403:
1088 3109 1099 3132 ι
1112 3125 1134 3137 ..
1145 3085 1232 3139 ..Stat

193 3185 263 3224 tecto
274 3176 357 3244 putris
370 3175 438 3224 avito
451 3174 480 3223 lu
493 3171 581 3224 nullos
593 3175 692 3223 ruitura
705 3169 836 3232 domus„
851 3171 886 3220 ita
897 3166 1050 3238 legendum,
1061 3167 1153 3236 vulgo,
1162 3168 1233 3218 tectis

192 3253 274 3322 putris
284 3252 376 3303 avitis:
392 3251 464 3322 quod
476 3270 552 3303 aures
565 3250 698 3321 elegantes
712 3250 799 3302 stetim
813 3259 947 3318 respuent.
957 3245 1133 3296 Nihilominus
1143 3258 1231 3296 tamen

194 3349 286 3382 seusus
304 3332 473 3402 imperfectus
489 3345 542 3398 est,
560 3333 582 3382 si
598 3329 710 3381 retineas
725 3327 804 3391 leuto,
820 3325 855 3376 oh
871 3343 950 3394 supra
969 3323 1065 3375 dietam
1083 3323 1231 3388 rationem,

195 3412 255 3481 quia
267 3409 363 3462 lectum
375 3429 429 3462 non
441 3408 697 3480 deprehendebatur,
708 3404 756 3458 sed
768 3403 933 3458 adulterium.
946 3401 1175 3470 precaremini
1187 3401 1232 3453 de-

192 3491 317 3561 prehenso
329 3487 392 3541 lecto
406 3489 540 3561 snperllna
555 3501 633 3542 suut:
648 3489 735 3558 priora
749 3487 833 3549 euim,
844 3483 907 3535 «uhi
917 3483 1050 3555 quondam
1061 3485 1167 3536 hemula
1175 3484 1233 3534 sin·

195 3568 255 3620 cula
266 3584 417 3640 repserunt,
428 3595 438 3617 ι
455 3568 690 3640 deprehensionem
704 3564 765 3617 lecti
779 3567 840 3617 satis
852 3563 1011 3616 describunt.
1027 3565 1153 3634 Imposuit
1165 3562 1233 3614 Gro-

195 3652 273 3702 norio
285 3650 360 3703 loeus
372 3652 420 3703 iste
431 3649 558 3702 Thebaid.
568 3647 613 3700 lib.
624 3648 682 3710 vn,
694 3661 760 3699 sets.
773 3643 822 3711 63,
833 3644 867 3698 de
878 3643 928 3696 han
940 3662 982 3696 re:

473 3747 582 3794 Nondum
590 3743 660 3790 radiis
668 3755 807 3791 monstrant
815 3741 905 3790 adulter

380 3819 450 3866 l'oede
458 3829 564 3868 cateneto
572 3815 647 3866 luent
655 3814 770 3862 connubia
779 3815 848 3862 lecto.

198 3910 299 3959 l’utarit
311 3907 379 3958 idem
392 3925 448 3960 esse
460 3914 604 3959 catenatum
622 3916 648 3960 et
659 3903 811 3975 depressum
824 3903 927 3956 lectum.
944 3901 1087 3954 Catenetus
1101 3899 1183 3951 lectus
1195 3911 1231 3950 est

198 3989 296 4040 catenis
309 3989 426 4052 cinctus,
438 3983 629 4050 circumdatum
642 3983 786 4057 deprensus
799 3985 882 4038 lectus
897 3981 960 4056 quid
972 3985 1006 4037 sit
1018 3982 1115 4032 neseio.
1129 3979 1157 4029 lu
1170 3993 1234 4027 con-
