2824 4488
106 264 109 272 '
181 295 244 362 332
338 296 474 362 noun
498 294 545 360 tn
570 295 768 360 clausu
792 295 1060 362 secuuntur

179 420 239 472 Alio
252 417 344 472 ordine
357 418 440 486 idem,
452 421 530 478 Here.
542 419 605 471 OEt.
617 438 642 471 v.
657 417 738 472 1152:

455 526 507 570 Jam
515 523 669 572 Thessalicum
679 523 758 571 Pelion
767 525 847 571 Ortum

455 598 559 652 trenam
570 610 594 642 et
603 595 676 643 Pindo
684 609 805 658 conpertus
816 595 887 644 Athos

457 667 543 713 Nemus
551 665 657 713 athereit
665 667 751 714 inseret
760 669 832 714 aru-ia.

181 765 349 836 Quamquam
362 761 424 816 ferri
436 779 525 836 potest
535 765 658 837 vulgata,
672 767 694 820 si
705 766 870 820 constructio
882 766 930 831 sit,
946 764 1008 818 ubit
1021 767 1117 836 pressit
1127 765 1215 840 Olym-

182 861 244 912 pum
256 842 423 894 anhelantem
434 845 514 915 jugis.
523 867 535 890 ι
549 845 606 912 Bit,
619 843 674 896 scil.
686 842 758 896 Pelio
771 856 797 896 ot
808 844 883 897 Octa.
892 871 929 885 -·
937 844 1011 895 liano
1023 844 1216 914 interpretatio-

46 931 51 938 ·
91 987 94 992 Ι
181 937 240 970 nem
257 923 311 992 ipse
330 919 390 973 cod.
404 923 484 973 Paris.
499 923 601 988 innuit,
617 923 663 992 qui
676 921 712 974 ad
726 940 818 976 rocem
833 922 884 988 bis,
901 924 1109 994 superscriptum
1120 921 1216 990 habet,
1250 969 1253 976 .

184 1013 313 1072 “propter
324 1001 416 1054 Pelion
427 1015 454 1053 et
464 1003 567 1055 Ossam.
579 1026 590 1050 r
611 1004 657 1056 En.

214 1139 257 1206 69.
278 1141 392 1195 Gentiles
402 1155 479 1196 terras
490 1162 544 1196 nou
554 1157 615 1222 sunt
624 1144 713 1196 natale
720 1142 818 1207 solum,
830 1141 876 1196 ted
885 1156 967 1196 terras
978 1162 1034 1214 quae
1043 1143 1151 1214 proprie
1159 1159 1216 1211 per·

180 1220 264 1270 tinent
273 1219 307 1271 ad
313 1231 416 1293 pentem
425 1237 559 1287 nostram,
570 1222 646 1275 idest
658 1222 787 1290 dominer,
800 1240 846 1275 reu
859 1224 1001 1275 lumnam
1011 1239 1106 1295 φακες
1118 1223 1216 1293 optime

180 1300 294 1372 explicat
306 1299 442 1370 Lucanus,
454 1306 505 1370 vl,
519 1304 590 1371 loo:

362 1413 437 1459 Prima
447 1413 531 1460 fretum
540 1411 649 1460 scindent
656 1413 764 1476 Pegaseo
772 1412 840 1461 litore
848 1415 918 1476 pinus

362 1485 492 1531 Terrenum
500 1485 590 1546 ignotas
599 1483 717 1531 hominem
726 1485 826 1549 projecit
835 1487 859 1530 in
869 1483 950 1531 undat.

180 1576 245 1630 Inde
259 1577 390 1632 homiuem
405 1592 532 1634 ramnum
546 1581 648 1634 animal
660 1595 738 1635 vocat
750 1582 913 1649 Columella,
926 1581 1027 1633 Prtciat.
1041 1579 1087 1632 lib.
1100 1582 1126 1646 l,
1140 1581 1170 1632 ll.
1184 1579 1215 1632 li.

216 1719 258 1772 80.
279 1721 329 1773 Tot
338 1721 433 1794 9ηοίἱὶ
444 1721 516 1796 liquo
530 1722 665 1794 complexa
679 1725 788 1775 timores.
803 1723 924 1776 Heinsius
940 1721 974 1774 ud
984 1720 1060 1776 Ovid.
1074 1721 1177 1772 Pontic.
1189 1721 1217 1785 l,

184 1815 231 1863 to,
245 1819 270 1852 v.
284 1801 331 1870 39,
344 1815 406 1872 post
417 1803 525 1854 citatum
538 1801 611 1854 hunc
622 1800 725 1868 locum,
739 1803 907 1872 uprrestiterit
917 1799 1042 1866 fortasse,
1052 1797 1218 1870 inquit,fm·

178 1877 228 1953 ,iti
240 1899 318 1950 quam
331 1879 440 1953 pracili,
457 1880 530 1953 quod
541 1900 614 1933 nunc
628 1881 826 1934 circumfertur:
842 1899 923 1952 quum
937 1879 976 1932 hm
990 1879 1048 1932 duae
1060 1896 1139 1930 voces
1153 1896 1218 1949 pro·

181 1959 277 2012 mirone
286 1961 313 2012 in
324 1963 432 2012 vetustis
444 1960 581 2014 codicibus
593 1959 804 2013 confundantur:
819 1978 979 2030 quemquam
990 1973 1017 2011 et
1026 1959 1157 2028 scriptura
1165 1954 1219 2007 vnl-

179 2052 240 2108 pata
254 2042 316 2090 satis
330 2039 469 2094 commode
483 2060 511 2094 se
524 2040 637 2093 habeta
652 2043 719 2092 Huic
732 2041 889 2112 conjectura
902 2041 993 2092 favere
1006 2037 1138 2092 videbitur
1150 2037 1218 2090 forre

180 2119 350 2171 Horatianum
362 2118 450 2188 istud,
464 2139 544 2172 carm.
560 2123 587 2185 l,
603 2137 630 2187 t,
642 2137 673 2189 9:

488 2206 522 2253 llli
532 2207 605 2253 robur
615 2219 637 2253 et
647 2224 677 2254 τε
687 2205 769 2270 triplex

456 2277 522 2324 Circa
532 2288 614 2337 pectus
623 2288 684 2332 erat,
695 2277 735 2338 qni
745 2273 848 2338 fragilem
859 2276 919 2322 truci

487 2349 607 2394 Commisit
615 2347 698 2411 pelago
707 2359 779 2394 ratem

457 2420 555 2466 Primus.

180 2511 231 2564 Sed
243 2511 309 2564 nihil
322 2514 484 2568 mutandum.
496 2516 578 2568 Recte
590 2515 659 2568 enim
672 2517 793 2568 Horatius
800 2513 927 2589 fraqiiem
939 2526 1019 2567 ratem
1031 2513 1144 2585 opponit
1155 2511 1219 2565 truci

180 2607 207 2645 et
218 2593 355 2669 naoifruqo
365 2595 476 2671 primo,-
489 2610 514 2648 et
528 2616 601 2670 arque
613 2612 685 2650 recte
697 2597 793 2650 Statius
806 2608 844 2649 tot
855 2600 956 2650 timores
966 2595 1057 2666 gracili
1068 2591 1154 2668 liquo,
1167 2606 1219 2645 tam

180 2672 274 2726 multos
288 2675 389 2728 timores
405 2690 459 2728 tam
472 2696 553 2750 parvo
571 2677 693 2753 navipi05
707 2696 786 2748 quarn
800 2677 995 2749 oppositionem
1009 2673 1092 2726 Statio
1106 2685 1219 2725 amttam

181 2753 340 2825 perdideris,
355 2758 377 2808 si
391 2757 525 2812 admireris
534 2757 638 2832 fmpili.
653 2759 753 2811 Grarr'li
767 2757 839 2834 liquo
850 2776 901 2828 pro
913 2773 1008 2830 parvo,
1023 2767 1053 2806 ut
1063 2753 1169 2827 pmilr's
1179 2752 1221 2804 lar

180 2852 228 2884 seu
245 2853 328 2906 parva
341 2838 431 2892 domur
448 2839 578 2911 Apuleio,
592 2837 706 2912 Apolog.
718 2837 828 2912 procilir
844 2835 945 2890 libellus
959 2833 1070 2886 Martial.
1085 2833 1217 2904 Epigram-

88 2969 93 2978 ,
182 2915 256 2981 Vlll,
269 2933 346 2984 xxtv,
364 2935 385 2969 t.

217 3055 259 3108 81·
280 3059 390 3128 Quoque
407 3078 483 3132 super
499 3059 620 3134 reliquos,
636 3070 673 3127 te,
689 3071 739 3111 etc.
756 3059 870 3111 Timores
887 3075 964 3110 versu
982 3051 1139 3129 precedenti
1157 3065 1220 3106 tunt

180 3135 260 3186 amici
268 3155 317 3207 pro
329 3139 417 3209 quibus
428 3139 560 3201 timemur,¹
573 3140 625 3192 hoc
637 3137 788 3203 intellecto,
799 3139 855 3207 jam
866 3138 935 3190 scies
946 3137 1057 3190 Statium
1070 3133 1220 3205 scripsisse,

67 3261 71 3268 .
184 3214 296 3284 «Teque
311 3235 390 3289 super
402 3219 533 3289 reliquos,
548 3232 590 3284 te,
605 3219 687 3269 nostri
700 3219 796 3286 pignus
809 3218 906 3269 amoris
917 3255 926 3284 ‚
939 3219 1093 3281 Ponaturu,
1105 3213 1195 3274 Galen
1205 3235 1217 3259 ι

181 3291 294 3361 eleganti
309 3308 336 3347 et
349 3297 495 3350 affectuosa
507 3299 659 3362 iteratione;
673 3298 709 3348 ita
719 3295 778 3348 Silv.
792 3298 819 3363 l,
832 3313 860 3363 a,
872 3319 883 3343 ι
893 3310 919 3349 tc
928 3298 1046 3350 concinit
1056 3299 1105 3349 itte
1117 3292 1221 3367 (Pande

181 3371 268 3444 foret)
279 3385 318 3441 te,
332 3375 425 3442 Stella,
439 3376 573 3439 choruw
590 3379 635 3442 tv,
651 3394 681 3428 2:

365 3483 430 3528 Tenc
439 3498 496 3544 epo,
506 3495 615 3546 regnator
624 3493 751 3540 terrarum,
761 3483 870 3547 orbisque
880 3482 969 3530 subacti

364 3551 448 3614 Magne
458 3568 554 3615 parent,
564 3567 600 3610 tr,
611 3569 664 3616 spes
673 3551 808 3610 hominum,
819 3566 856 3612 tr,
866 3569 921 3602 cura
932 3555 1034 3600 Deorum
1044 3583 1051 3607 ,

365 3623 443 3670 Cerno
448 3623 548 3684 jacens?

183 3717 271 3788 virgil.
284 3719 416 3786 AEn.v11,
430 3719 497 3788 596,
512 3733 538 3772 et
550 3718 641 3792 Eclog.
654 3722 698 3788 lV,
716 3739 742 3774 tt
753 3743 760 3786 ;
773 3721 884 3786 Noster,
898 3717 982 3771 Theb.
995 3715 1046 3782 IX,
1062 3715 1127 3769 160:
1146 3737 1158 3760 .
1167 3717 1224 3786 ipse

183 3816 262 3850 manu
274 3799 352 3871 Tyria
368 3798 417 3851 tibi
431 3813 524 3873 captus
540 3800 668 3854 Adrastus
681 3803 820 3874 Rapiatur,
838 3813 917 3871 teque
935 3811 997 3851 anto
1016 3795 1099 3862 alios,
1113 3809 1140 3848 te
1157 3812 1224 3849 voce

160 3891 167 3904 '
184 3897 314 3954 manuque
325 3883 469 3946 luvocatrn
483 3883 556 3954 Virg.
569 3880 671 3934 AEneid.
683 3881 723 3947 X,
737 3882 785 3948 St,

366 3991 402 4036 'l‘u
410 3999 479 4052 potes
487 3991 573 4040 rann
582 3991 688 4040 manibus
697 3987 827 4037 subducere
836 3987 930 4035 Graium
939 4017 946 4041 ,
