2782 4486
176 299 242 368 636
353 302 488 368 NOTAE
513 302 561 366 IN
586 301 784 367 CARMEN
808 303 1037 370 TERTIUM

210 423 253 478 55.
272 422 326 476 Aut
334 425 407 497 putre·
419 424 532 476 sonitum
544 421 617 474 darer
629 422 729 498 ungula
737 423 818 494 fossa.
834 423 923 475 Atrum
942 423 975 476 de
991 424 1043 477 hac
1057 427 1130 498 fossa
1149 431 1218 482 mter

174 516 395 556 commentatores
409 503 557 566 silentium
572 506 623 556 nisi
635 504 709 574 quod
722 503 838 556 Thomas
852 503 1000 576 Stephanus
1015 508 1041 558 in
1056 525 1104 558 sua
1124 507 1218 560 harum

173 583 299 638 Silvarum
315 583 430 636 editione
439 582 538 654 fossum
554 585 742 655 interpretatur
753 595 851 656 septum
864 583 904 635 rel
919 603 1012 652 carcer,
1028 603 1082 656 quo
1096 590 1219 639 eontine-

174 663 273 716 bantur
284 665 346 736 equi
358 666 510 736 priusquam
525 663 558 715 ad
576 682 681 716 cursum
698 663 894 716 emittebantur.
909 667 1007 716 Nescio
1024 665 1129 737 quidem
1148 667 1219 720 unde

173 743 245 797 banc
255 743 372 796 hauserit
381 746 453 795 vocis
464 743 694 814 significationem
705 762 754 796 nec
766 761 828 795 sane
838 741 950 794 multum
962 745 1057 810 refert,
1070 764 1152 816 quum
1165 746 1220 798 Sta·

173 825 227 878 tius
239 843 294 877 non
307 825 380 877 aliud
394 824 506 877 scribere
516 828 630 896 potuerit
645 843 737 896 quam,
747 848 758 870 ι
769 837 815 876 aut
825 827 897 895 putri
909 827 1025 876 sonitum
1035 825 1109 878 daret
1120 826 1220 896 ungula

175 924 300 976 campus
315 908 450 971 immanis,
462 907 578 976 inquies,
593 907 719 968 mutatio;
734 902 794 956 vide
806 918 893 956 tamen
909 903 1006 974 quibus
1018 906 1218 959 auctoritatibus

175 1003 232 1038 eam
251 985 400 1038 defendam.
412 985 552 1056 Virgilius,
570 987 707 1051 EuVlll,
724 984 789 1054 595,
803 1007 813 1030 ι
825 983 964 1050 uniamur,
985 997 1010 1035 et
1029 987 1134 1054 agmine
1148 987 1220 1038 facto

173 1064 400 1138 Quadrupedaute
415 1079 519 1137 putrem
536 1070 624 1119 sonitu
637 1069 720 1142 quatit
732 1064 831 1134 ungula
846 1083 968 1135 campum
978 1085 1007 1126 ;ι
1025 1082 1104 1135 quem
1115 1055 1219 1117 versum

174 1163 243 1216 peue
257 1147 352 1216 repetit
366 1147 414 1210 xl,
428 1145 494 1212 875,
510 1144 793 1215 «Quadrupedumque
810 1157 914 1215 putrem
928 1161 1010 1212 ¹cursu
1023 1147 1107 1215 quatit
1120 1145 1221 1214 ungula

175 1241 305 1295 campum.
317 1247 328 1270 ι
343 1223 422 1275 Plane
437 1223 509 1275 vides
521 1223 669 1276 Statianunr
679 1223 731 1276 hoe
741 1223 880 1294 parodiaut
893 1241 949 1275 esse
963 1241 1055 1275 versus
1066 1223 1220 1293 virgiliani:

174 1303 297 1374 Virgilius
310 1320 373 1353 vero
387 1304 480 1354 sumsit
492 1321 522 1354 ex
537 1303 638 1367 Ennio,
654 1304 747 1354 Annal.
762 1305 811 1369 vt,
824 1305 906 1354 uitato
921 1300 1103 1370 aMacrobio,
1115 1303 1220 1356 Saturn.

175 1384 224 1447 Vl,
244 1399 266 1433 1.
287 1382 390 1445 Noster,
410 1379 494 1432 Theb.
512 1382 560 1446 Vl,
575 1381 642 1447 401,
657 1394 791 1451 «pereunt
811 1384 920 1452 vestigia
937 1381 1010 1434 mille
1028 1384 1097 1434 Ante
1112 1383 1220 1453 fugam,

174 1460 364 1532 absentemque
375 1462 436 1512 ferit
448 1462 535 1532 gravis
547 1460 646 1531 ungula
659 1478 819 1532 campum·
837 1473 863 1513 et
876 1460 945 1531 459,
962 1461 1122 1534 -ttuluque
1134 1475 1222 1514 uant-

175 1540 255 1593 versis
266 1542 456 1611 praestringitur
472 1539 573 1610 ungula
586 1541 702 1610 campis3
719 1563 729 1586 ιι
742 1541 807 1606 Xll,
818 1540 885 1604 666,

358 1647 405 1693 lcta
415 1645 486 1706 gemit
495 1643 576 1691 tellus:
587 1643 675 1690 virides
685 1646 760 1705 gravis
769 1644 855 1706 ungula
865 1661 959 1708 campos

358 1716 446 1770 Mutat,
457 1725 481 1759 et
490 1715 615 1760 innumeris
625 1713 777 1775 peditumque
788 1716 939 1778 equitumque
949 1717 1046 1762 catervis

231 1844 236 1862 ἱ
360 1786 462 1847 Exspirat
471 1785 583 1847 protritus
592 1797 658 1845 agen

175 1883 313 1936 Achilleid.
327 1885 353 1948 l,
369 1882 434 1949 123,
447 1880 480 1934 de
492 1881 623 1948 Chirone,
641 1881 790 1951 «Morsque
802 1879 912 1934 desueto
924 1884 1027 1955 crepuit
1038 1884 1108 1935 senis
1122 1883 1222 1955 ungula

176 1973 269 2037 campo
279 1987 286 2026 ;
297 1987 308 2011 ι
320 1963 364 2015 Sil.
377 1963 499 2030 Italicus,
510 1965 640 2032 Vl‚*217,
651 1983 662 2007 ι
672 1961 774 2013 Cornea
789 1963 951 2032 gramineum
963 1962 1112 2035 persultans
1123 1963 1222 2035 ungula

83 2113 86 2118 Ι
176 2062 311 2114 campum
323 2066 334 2090 ι
348 2056 374 2096 et
383 2045 421 2108 ΙΙ,
433 2043 497 2112 174,
510 2044 613 2094 nlncita
621 2040 773 2112 pulveream
782 2058 877 2111 campo
885 2040 964 2092 trahit
974 2041 1073 2112 ungula
1085 2041 1195 2105 nubem;
1207 2065 1219 2088 s

175 2124 311 2188 Lucanus,
327 2123 376 2188 vt,
396 2119 445 2186 81,
464 2120 663 2191 ngredibusque
683 2123 769 2173 citatis
787 2120 893 2193 Ungula
909 2119 1077 2172 frondentem
1096 2120 1222 2174 discussit

175 2221 272 2253 cornea
287 2219 425 2272 campum
438 2222 449 2246 ι
463 2201 568 2266 Noster,
580 2199 665 2252 Theb.
678 2203 729 2267 tx,
742 2199 808 2268 150,
826 2213 1027 2273 aconsuetaque
1039 2220 1133 2272 campo
1145 2201 1221 2253 Fluc-

176 2295 246 2349 tuat,
257 2295 283 2334 et
295 2299 392 2334 mersas
404 2281 467 2333 levis
477 2280 576 2350 ungula
587 2283 679 2352 quaerit
691 2299 782 2333 arenas
792 2301 799 2344 ;
812 2302 823 2327 ι
837 2280 914 2336 ovid.
925 2280 1062 2333 Halieatic.
1075 2298 1114 2332 vs.
1126 2281 1175 2352 73,
1187 2281 1222 2333 de

175 2362 249 2434 equis
263 2361 396 2433 loquens:

361 2471 542 2532 Compeseatque
553 2468 626 2516 solum
636 2485 750 2532 generoso
760 2470 850 2517 concita
860 2469 928 2532 pulsu

359 2542 450 2606 Ungula
460 2543 503 2590 tub
512 2541 592 2606 spoliis
602 2545 702 2604 graviter
711 2543 829 2591 redeuntis
839 2545 922 2606 opimis
931 2561 940 2599 ;

175 2642 259 2709 idem,
273 2643 336 2695 Met.
351 2643 401 2703 vt,
419 2644 486 2708 21⁸,
505 2642 652 2715 eburaque
670 2643 802 2695 mollierat
816 2641 947 2714 subjectas
966 2638 1065 2712 ungula
1082 2637 1174 2711 glebas
1185 2661 1193 2702 ς
1206 2662 1222 2686 r

176 2717 348 2794 Calpurnius,
362 2722 452 2792 Eulog.
469 2724 520 2790 vt,
534 2722 586 2787 56,

360 2828 452 2891 Ungula
462 2845 513 2892 quse
523 2829 590 2875 viridi
599 2830 631 2874 sic
642 2828 764 2876 exsultavit
773 2829 797 2874 in
806 2843 875 2884 arvo,

360 2900 475 2961 Tangeret
485 2911 510 2944 nt
519 2897 624 2962 fragiles,
634 2897 674 2945 sed
684 2913 732 2945 non
742 2911 865 2956 rut-taret,
874 2900 963 2946 aristas.

176 2994 275 3047 Videor
294 2998 373 3048 etiam
390 2998 521 3048 invenisse
541 2997 670 3066 originem
687 2997 792 3048 erroris.
813 2999 872 3048 vox
890 3014 982 3067 campo
997 2995 1035 3046 ita
1055 2991 1179 3046 scribitu'r
1195 2994 1227 3044 in

177 3075 256 3143 MSS,
270 3081 334 3149 oripo
346 3101 354 3129 .-
367 3075 452 3142 unde,
468 3078 634 3148 transpositis
645 3076 764 3150 syllabis,
778 3095 846 3148 poca
861 3100 869 3130 r
882 3095 956 3140 mox,
966 3095 1047 3149 poso,
1056 3075 1133 3146 soso,
1140 3073 1222 3146 fossae

178 3153 265 3207 Scieut
281 3155 374 3209 barum
389 3176 477 3208 rerum
496 3159 574 3228 periti
594 3176 672 3229 quam
692 3157 769 3209 facile
788 3157 840 3210 boc
857 3159 959 3210 evenire
979 3159 1081 3227 potuit,
1100 3169 1126 3208 et
1143 3171 1223 3226 quem

177 3233 270 3286 millies
284 3237 378 3288 evenit.
392 3237 467 3290 Fossa
478 3235 541 3290 huic
553 3236 614 3290 loco
627 3239 735 3289 omuino
748 3237 836 3290 aliena
847 3250 886 3290 est
896 3259 903 3288 r
914 3254 1005 3306 compo
1019 3235 1130 3307 propria
1139 3247 1166 3286 et
1176 3253 1226 3305 ap-

179 3328 273 3386 postte.

215 3473 256 3526 58.
275 3475 333 3547 lpse
346 3477 452 3530 madens
462 3475 550 3530 oeulis.
564 3476 691 3528 Usitatius
703 3489 742 3530 est
753 3476 859 3528 madeus
872 3475 960 3529 oculos
979 3492 1060 3546 quarn
1078 3471 1177 3534 oculir;
1195 3487 1228 3526 ut

179 3553 212 3604 sit
225 3553 388 3608 Graecismus.
399 3556 450 3608 Sed
463 3571 488 3609 et
501 3559 527 3608 in
540 3554 592 3608 hoc
606 3555 667 3609 loco
679 3569 797 3625 grassata
808 3569 848 3608 est
859 3554 953 3608 eadem
967 3571 1062 3606 manus
1074 3571 1133 3623 que
1144 3553 1227 3605 modo

180 3636 321 3703 supposuit
326 3635 400 3704 fossa
412 3654 463 3706 pro
475 3652 582 3705 cumpor
599 3637 620 3686 si
637 3635 701 3706 quid
715 3637 783 3687 enirn
795 3634 887 3702 video,
901 3635 1006 3705 scripsit
1017 3633 1132 3696 Statius,
1143 3655 1154 3676 ι
1166 3635 1228 3702 lpse

179 3711 287 3764 madens
301 3711 423 3764 lacrimis.
437 3737 448 3760 ι
462 3712 591 3765 Thebaid.
610 3715 659 3780 Xl,
674 3715 740 3783 417,
756 3716 875 3767 rCuncta
892 3714 1000 3768 madent
1016 3713 1129 3764 lacrimis
1151 3725 1179 3762 et
1192 3711 1227 3762 ab

180 3793 250 3842 omni
270 3791 404 3862 plangitur
422 3793 589 3859 arce,=·1X,
606 3792 653 3859 41,
669 3793 778 3846 “madet
797 3794 879 3846 ardua
898 3794 961 3847 fletu
978 3796 1038 3845 tam
1053 3791 1128 3864 galea
1146 3804 1227 3862 atque

180 3888 263 3923 ocrem
278 3870 392 3942 clipeum
405 3889 531 3942 excepere
545 3871 723 3936 cadentem3·
741 3873 866 3942 Ovidius,
884 3875 992 3925 Metam.
1006 3873 1054 3938 vt,
1073 3869 1140 3933 818,
1158 3892 1169 3915 ι
1184 3871 1228 3920 in-

180 3952 279 4022 vitique
292 3950 363 4038 oculi
374 3951 488 4005 lacrimis
498 3949 622 4006 maduere
631 3955 763 4015 eoactis;·
776 3955 814 4018 X,
827 3953 874 4021 45,
888 3955 975 4005 «Tum
985 3953 1102 4025 primum
1111 3949 1226 4002 lacrimis
