2782 4486
404 342 534 407 LIBRI
557 342 732 425 QUINTI
756 343 1006 409 SILVARUM.
1158 347 1225 438 669

186 479 277 520 nom
294 462 417 538 Inficiuta
435 465 514 536 lym
536 465 643 538 utyebst
660 479 748 519 autem
768 465 861 520 salisb.
881 485 935 520 non
955 471 1094 543 urpebnntr
1113 486 1140 524 et
1157 474 1226 528 foret

186 563 292 598 sensus:
307 545 361 596 Cur
379 543 448 594 euim
467 555 520 596 tam
539 543 630 598 infelix
648 546 703 612 fui,
723 563 801 617 quam
816 546 903 598 dicam
921 546 1004 600 luisse
1018 566 1141 614 causam,
1155 566 1184 604 ιιι
1198 555 1226 604 ιιι

126 671 154 718 .
186 643 271 695 agone
283 621 433 695 Capitolino
447 623 530 674 rictus
545 639 599 675 nun
613 623 759 678 exhilarare
773 637 799 678 te
811 627 944 697 potuerim
956 625 1007 679 hac
1021 645 1127 701 quoque
1138 632 1226 701 palma

186 705 333 775 occupata?
344 703 410 770 Qun
421 714 568 774 mquuutur
578 701 644 756 nihil
655 701 708 757 huc
717 706 865 777 pertinent;
878 703 925 758 sed
938 708 1025 778 pergit
1035 725 1157 760 enarrare
1169 712 1226 780 pie·

186 798 267 838 tutem
280 798 306 838 et
322 784 411 836 oiiiciu
424 785 540 855 parentis
559 803 622 855 erge
636 801 678 854 se,
691 799 765 839 stoa
781 787 889 860 Optima
906 805 969 841 sane
982 787 1038 841 hec
1052 801 1079 842 et
1091 789 1226 844 Gronorio

185 863 318 934 digniora
333 873 359 914 et
370 862 431 914 licet
444 881 475 914 ex
490 864 563 916 omui
574 875 648 936 parte
660 883 722 917 reru
736 883 791 917 non
802 878 908 937 putem,
923 879 1012 919 tamen
1024 885 1054 919 ea
1066 881 1127 920 sunt
1137 880 1168 919 ut
1179 887 1227 922 ne-

186 946 284 997 minem
301 943 406 995 illorum
424 940 532 1014 pudent.
553 943 660 996 Dudum
678 945 795 998 viderem
814 945 954 1018 legendum
973 965 1031 1001 esse
1049 965 1182 1010 cererem,¹
1201 961 1229 1001 et

186 1025 343 1076 sententiam
356 1041 453 1075 novam
466 1024 584 1095 incipere
599 1022 696 1077 debere
710 1024 743 1076 ab
759 1026 828 1092 istie,
843 1026 881 1079 Te
895 1028 1130 1102 omnisapiens,
1145 1042 1172 1080 et
1183 1047 1228 1080 ex-

186 1103 279 1174 plicari
291 1121 323 1156 eo
337 1101 417 1156 ruodo
432 1119 488 1174 quo
501 1120 560 1156 eam
575 1103 715 1176 explicavit
725 1105 884 1157 Gronovius.
900 1104 1036 1166 u'lhebeie
1048 1119 1138 1160 nostra
1150 1125 1229 1178 urge-

185 1181 232 1234 bat
243 1181 349 1236 exordia
360 1183 508 1254 priscorum
519 1195 622 1250 ratum,
633 1207 644 1230 ι
658 1182 749 1251 idest,
759 1185 916 1257 sequebatur,
927 1185 1078 1238 imitabatur
1090 1189 1187 1259 scripta
1203 1201 1230 1242 et

185 1275 338 1334 argumenta
352 1277 469 1316 veterum
483 1275 637 1334 poetarum
652 1263 686 1316 ed
700 1283 791 1317 eorum
806 1265 939 1338 exemplar
952 1265 1115 1338 exigebatur,
1130 1278 1155 1319 te
1169 1287 1229 1320 ma·

184 1345 277 1416 pistre,
296 1357 322 1396 te
341 1355 511 1396 monstrante.
531 1345 589 1396 Hoc
604 1345 777 1398 certissimum
797 1359 854 1398 est:
873 1345 920 1399 sed
938 1345 972 1399 de
989 1349 1076 1418 priore
1094 1350 1229 1401 sententie

185 1437 259 1496 parte
272 1437 298 1476 et
311 1427 463 1494 conjecture
475 1423 615 1491 (ιιοιιονιι,
630 1426 719 1477 ιΝιιιι
730 1424 795 1497 quid
804 1445 846 1479 me
854 1427 948 1492 mixta,
957 1439 1008 1479 etc.
1020 1449 1031 1474 ι
1048 1429 1141 1480 merito
1153 1441 1229 1499 potes

186 1502 321 1565 dubium
331 1522 386 1556 non
396 1506 466 1556 enim
475 1501 543 1556 adeo
552 1503 669 1557 insoleus
681 1521 739 1558 esse
748 1504 858 1557 auderet
866 1505 978 1572 Statius,
990 1517 1019 1557 ut
1029 1523 1089 1558 cum
1099 1508 1229 1575 Fortuna,

186 1602 233 1637 seu
246 1586 409 1656 imperatore
420 1586 525 1657 potius,
536 1584 710 1656 disceptaret,
724 1598 752 1637 et
762 1597 918 1657 quereretur
928 1583 962 1637 de
976 1585 1047 1638 malo
1061 1599 1155 1638 eventu
1168 1605 1230 1659 poe·

186 1675 285 1716 rnatum
299 1683 426 1717 suorum:
441 1664 538 1718 deflere
554 1665 731 1718 infortunium
747 1683 824 1718 sunm
838 1666 938 1737 sequius
957 1678 983 1717 et
999 1665 1144 1719 modestius
1157 1680 1229 1734 eret,

186 1765 265 1818 quam
279 1745 413 1817 arroganti
427 1744 552 1816 superbie
565 1743 682 1816 palmam
695 1747 828 1817 poeticam
843 1741 893 1797 eibi
906 1743 1039 1798 vindicare
1053 1759 1145 1798 contra
1155 1747 1229 1816 judi-

186 1829 255 1879 cium
268 1826 425 1891 Domitiani,
436 1827 484 1896 qui
495 1827 523 1878 iu
536 1843 568 1878 eo
579 1843 666 1896 egone
678 1843 694 1876 a
706 1826 793 1897 seipso
804 1825 924 1876 instituto
937 1836 983 1877 eut
994 1827 1051 1897 ipse
1061 1824 1230 1898 presidebat,

185 1920 245 1975 aut,
260 1905 332 1979 quod
346 1904 416 1957 idem
431 1917 484 1972 est,
495 1903 601 1975 judices
615 1903 810 1968 constituebat,
825 1922 841 1955 a
855 1902 952 1976 quibus
967 1903 1150 1977 adpublicum
1163 1924 1230 1977 pro-

185 2003 279 2038 vocare
294 1985 412 2038 maxime
426 2000 495 2039 esset
507 1998 534 2038 et
547 1985 662 2039 stultitite
675 1999 701 2038 et
712 1984 882 2056 impudentiis
895 1998 1087 2055 argumentum.
1099 1985 1174 2038 Istud
1185 1987 1230 2056 igi·

186 2081 228 2118 tur
240 2067 307 2138 quid
317 2087 366 2139 pro
380 2085 428 2120 cur
439 2066 528 2119 locum
542 2087 597 2120 uon
612 2079 702 2140 potest
715 2067 828 2132 habere,
845 2066 896 2117 nisi
911 2083 1040 2119 summam
1055 2069 1230 2138 arrogantiam

185 2155 211 2195 et
226 2143 400 2214 petulantium
414 2145 497 2200 Statio
510 2144 619 2217 adligat.
634 2146 718 2218 Supra
733 2142 901 2216 querebatur,

371 2251 414 2298 liei
423 2249 492 2306 mihi,
502 2249 567 2314 quod
577 2263 666 2296 unium
675 2251 761 2311 patrias
771 2265 815 2309 epo
824 2249 911 2294 vertice
920 2248 1016 2294 fronde·

369 2321 467 2385 Solaque
477 2318 613 2370 dulcium
621 2319 725 2366 Cerealia
735 2318 796 2364 dona
806 2328 898 2365 corone

370 2395 402 2438 Te
411 2393 455 2440 suh
465 2403 522 2440 teste
532 2389 574 2438 tuli
583 2391 589 2435 l

181 2497 236 2564 Jutn
248 2497 347 2567 pergit,
359 2495 386 2546 in
399 2494 490 2546 eadem
504 2491 625 2564 querela:
644 2513 654 2536 e
665 2493 723 2543 Heu
737 2490 811 2563 quod
822 2510 864 2542 me
876 2493 955 2542 mixta
968 2507 1080 2562 quercus
1092 2508 1146 2541 non
1157 2511 1232 2561 pres·

184 2573 217 2624 sit
228 2571 311 2636 oliva,
325 2575 355 2623 Et
365 2572 431 2642 fugit
442 2582 563 2642 speratus
573 2569 672 2634 honos,
685 2582 735 2620 etc.
747 2591 758 2616 ι
773 2567 919 2640 paullisper
931 2567 983 2618 hoc
995 2565 1118 2618 admittas
1129 2581 1156 2618 et
1167 2587 1231 2621 suna

185 2655 273 2704 omnia
286 2665 312 2704 et
327 2653 425 2723 optime
439 2649 580 2721 hucusque
595 2649 754 2700 coherentia
769 2645 914 2717 praestabo:
930 2660 956 2698 et
970 2645 1078 2718 quidem
1092 2647 1169 2699 focile
1182 2648 1232 2701 fuit

185 2747 215 2785 ut
228 2751 278 2785 vox
293 2731 354 2782 Heu
368 2741 515 2781 mutaretur
527 2730 555 2779 in
567 2729 638 2778 Nam
653 2727 727 2778 initio
742 2743 845 2792 versus,
858 2738 885 2777 et
899 2725 979 2778 literis
994 2727 1100 2778 minutis
1114 2729 1231 2779 conscri-

184 2827 238 2885 pta.
254 2813 313 2864 Heu
329 2809 400 2880 quod
412 2823 441 2860 ut
456 2807 489 2861 ad
503 2811 633 2873 Uxorem,
649 2825 715 2858 vers.
730 2805 781 2872 60,
799 2829 810 2851 ιι
821 2807 878 2857 Heu
893 2823 964 2856 nunc
978 2803 1022 2856 illa
1037 2819 1109 2857 tenet
1122 2806 1231 2859 viduum

186 2892 260 2966 quod
277 2891 332 2944 sola
352 2888 471 2942 cubile·
493 2887 526 2938 Et
545 2887 596 2938 nisi
615 2887 650 2938 ita
665 2885 751 2956 legas,
770 2903 864 2936 sensus
882 2885 1050 2956 imperfectus
1065 2887 1128 2946 erit;
1149 2905 1230 2957 quum

185 2971 258 3025 nulla
270 2973 304 3022 sit
316 2967 445 3033 redditio,
460 2965 524 3019 nihil
538 2964 611 3038 quod
624 2965 786 3037 respondeat
798 2964 845 3021 esis
856 2965 928 3018 Nam
939 2965 1022 3036 quod,
1036 2979 1062 3016 et
1075 2968 1230 3020 senteutiam

186 3049 337 3104 concludat.
353 3047 455 3102 Deinde
466 3046 529 3120 legit
541 3045 707 3112 Gronovius,
724 3067 735 3090 ι
746 3061 828 3115 quum
839 3043 899 3096 luce
910 3057 1028 3116 parentia
1040 3045 1113 3096 lrrita
1125 3047 1230 3118 Tarpeii

187 3149 321 3190 canerem
333 3152 343 3176 ι
357 3129 478 3200 speciosa
491 3145 555 3178 sane
567 3124 636 3188 hec3
650 3123 696 3177 lux
707 3124 822 3197 parentis
835 3121 953 3193 Tarpeii,
968 3120 1060 3188 idest,
1074 3121 1229 3194 diasostes,

186 3226 215 3264 ut
232 3210 284 3263 dies
301 3209 395 3262 Trivioe
408 3207 468 3260 Silv.
486 3207 536 3274 ιιι,
554 3223 581 3268 1;
595 3203 725 3258 thebaid.
741 3204 802 3269 vu,
820 3201 869 3272 93,
885 3201 919 3253 ad
933 3199 1136 3266 Archemorum,
1155 3203 1229 3274 ¹¹De,

186 3307 281 3361 parve,
300 3303 375 3340 tuum
390 3285 523 3340 trieteride
542 3283 625 3338 multa
644 3289 791 3338 instaurare
805 3281 909 3342 ιιιειιιςι
931 3278 1029 3348 idest,
1042 3280 1140 3352 festum
1156 3295 1228 3336 tuum

186 3369 262 3420 ιιίειιι,
277 3369 355 3420 Irrita
369 3383 488 3418 canerem
496 3406 505 3432 ,
519 3364 547 3416 id
561 3377 613 3431 est,
621 3364 736 3436 fnestra,
753 3375 781 3414 ut
795 3361 879 3414 Theb.
893 3365 942 3428 VI,
957 3360 1021 3432 76⁸,
1036 3359 1110 3412 inrita
1116 3352 1227 3433 frendit.

186 3449 260 3500 Stare
273 3447 353 3518 igitur
366 3459 458 3518 posset
472 3444 526 3496 huc
541 3447 708 3515 conjectura,
723 3445 745 3495 si
759 3461 774 3493 ιι
788 3441 842 3493 MS.
858 3455 903 3493 aut
915 3443 987 3493 varia
1000 3440 1112 3493 lectione
1126 3441 1228 3494 iavere-

186 3542 238 3593 tur,
254 3539 300 3579 aut
314 3528 364 3579 uisi
380 3523 487 3577 aliunde
501 3522 703 3576 subverteretur.
719 3521 786 3574 Vide
801 3523 885 3572 enim:
901 3524 922 3572 si
935 3523 1048 3574 retineas
1063 3521 1135 3573 irritu
1150 3540 1228 3574 cune-

185 3625 253 3672 rem,
266 3607 307 3658 bis
320 3605 389 3658 idem
401 3605 532 3657 dicentem
543 3604 636 3656 feceris
647 3603 773 3665 Statium
786 3603 887 3674 quippe
896 3601 1001 3676 sifupit
1011 3613 1123 3674 speretius
1134 3601 1227 3670 bonos,

186 3705 240 3737 non
254 3703 323 3756 opus
336 3697 375 3737 est
387 3697 417 3736 ut
428 3685 497 3736 dicat
510 3702 538 3735 se
550 3684 622 3737 initu
634 3683 766 3745 cecinisse,·
781 3701 862 3754 quum
873 3681 908 3733 ob
919 3681 989 3733 hanc
1003 3684 1087 3753 ipsam
1099 3683 1228 3734 rationem

187 3767 258 3816 irritu
275 3764 367 3817 cecinit
383 3764 456 3836 quod
465 3765 542 3838 sapit
555 3775 668 3835 speratus
684 3762 777 3831 bonos,
793 3763 833 3816 vel
846 3763 921 3838 sapit
933 3773 1046 3835 sperones
1060 3761 1140 3814 Ιιοιιοι
1155 3763 1227 3834 quod

187 3845 258 3896 irrita
272 3847 371 3897 cecinit.
385 3847 411 3902 si
424 3845 531 3899 dixisset
543 3858 636 3917 poeta,
653 3847 762 3898 ulrritus
775 3847 815 3896 sui
830 3845 926 3916 sperati
937 3843 1048 3898 honoria
1060 3861 1141 3914 quum
1153 3846 1226 3897 irritu

186 3943 342 3992 canerem‚·
359 3945 413 3979 non
424 3929 524 3986 ierres;
539 3926 612 3995 atqui
624 3943 655 3975 co
668 3923 759 3976 recidit
771 3925 939 3977 Gronoviana
951 3923 1037 3974 lectio.
1055 3922 1227 3974 detinendum

186 4003 301 4076 igiturri
310 4007 418 4071 Invida,
432 4023 457 4058 et
470 4005 532 4058 alibi
543 4002 680 4076 querenda
691 4003 769 4073 hujus
781 4004 831 4054 loci
842 4003 1008 4073 depravatio,
1022 4017 1115 4071 nempe
1126 4001 1151 4052 in
1162 4021 1226 4054 voce
