2850 4488
196 343 261 420 iao
388 320 527 388 NOTAE
551 315 601 379 IN
624 307 821 375 CARMEN
844 303 1045 368 PRIMUM

195 472 329 538 peratores
341 467 426 525 usque
438 445 472 498 ab
484 445 622 512 Augusto,
638 435 703 508 «qni
714 445 814 485 onncta
826 426 963 482 discordiis
975 425 1096 479 civilibus
1106 427 1177 479 fessa
1187 446 1238 480 no-

195 545 266 595 rnine
280 534 408 610 principis
424 525 473 580 snb
492 520 631 593 imperium
649 515 789 584 accepit,·
807 520 838 560 ut
853 507 887 559 de
903 525 935 558 eo
951 507 1073 571 Tacitus,
1090 507 1167 558 initio
1183 508 1238 558 An-

195 625 248 676 nal.
261 623 282 672 l.
295 612 426 671 Marullus
439 602 543 678 quidem
551 597 666 671 ¹Epidius
678 606 704 646 et
713 591 808 644 Flavus
820 589 944 641 cesenas
955 584 1057 638 tribuni
1069 583 1153 658 plebis
1165 587 1193 638 in
1205 603 1237 636 eo

196 701 343 775 arguebant
356 691 429 766 repnt'
443 684 621 743 voluntatem,
635 688 666 728 ut
679 685 770 726 narrat
782 669 849 722 Vell.
864 665 993 720 Patercul.
1009 669 1047 732 11,
1062 667 1113 730 68;
1127 664 1175 718 sed
1188 665 1238 717 im.

196 787 303 847 merito,
314 773 471 831 utvidetur3
484 778 510 818 et
521 762 570 814 hac
581 772 683 812 tantum
695 772 773 807 causa
786 765 816 804 ut
826 748 952 802 invidiam
963 747 1002 799 illi
1014 747 1169 800 conflarent.
1182 748 1239 799 Neo

197 862 358 936 quidquam,
372 848 445 927 quod
463 845 607 912 adnomen
625 836 722 912 rapiam
740 832 849 894 attinet,
868 828 895 879 in
909 825 961 878 bac
980 839 1055 897 parte
1068 827 1240 891 innovatum,

197 957 257 998 ante
270 944 391 994 insanum
404 925 529 998 Caligulae
544 932 685 982 conatum,
699 913 734 967 de
748 930 802 983 quo
818 908 973 973 Suetonius,
988 924 1046 978 cap.
1064 922 1111 958 aa:
1129 906 1239 973 «Quum

198 1023 302 1078 audiret
317 1020 386 1071 forte
402 1027 484 1086 repet,
497 1004 546 1076 qui
561 999 642 1053 officii
653 1013 734 1049 causa
745 994 773 1044 in
784 991 878 1042 arbem
892 987 1068 1052 advenerant,
1083 998 1241 1038 concartau.

197 1121 236 1159 tes
249 1100 320 1176 apud
333 1118 361 1151 se
376 1111 456 1166 super
467 1102 569 1140 coenam
582 1080 615 1133 de
627 1075 766 1131 nobilitate
776 1072 896 1142 generis,
909 1065 1078 1133 exclamavit,
1092 1061 1130 1123 Εἷς
1142 1067 1241 1134 „tm

431 1169 437 1187 ⁶
577 1158 661 1212 ultum
678 1154 778 1220 abluit,
795 1152 859 1224 quin
875 1149 962 1200 statim
974 1145 1096 1199 diadema
1108 1157 1240 1209 sumeret,

197 1288 209 1318 s
229 1267 365 1332 aciemque
375 1252 540 1328 principatus
554 1244 581 1295 in
591 1238 786 1314 aequiformem
798 1240 970 1283 converteret.
980 1227 1080 1278 Verum
1092 1225 1242 1278 admonitus

197 1363 223 1402 es
234 1343 383 1418 principum
398 1344 424 1386 et
438 1345 526 1404 repam
542 1339 569 1374 te
582 1317 725 1372 excessisse
738 1311 890 1381 fastigium,
902 1306 1018 1360 divinam
1030 1323 1061 1357 ex
1073 1322 1105 1356 eo
1121 1307 1243 1374 majesta-

198 1444 251 1482 tem
269 1435 384 1476 asserere
404 1412 454 1468 sibi
472 1405 584 1477 coepit·
603 1402 659 1452 Nec
679 1395 713 1448 ab
730 1388 930 1463 insequentibus
947 1384 1150 1458 imperator-Ibus
1165 1382 1244 1455 quid.

199 1527 279 1582 quam
292 1511 421 1555 mutatura
431 1491 481 1544 fuit
493 1477 623 1556 usquead
635 1477 829 1532 Domitianum
842 1487 891 1522 neo
904 1467 938 1520 ab
947 1467 1006 1537 ipso
1017 1466 1185 1527 Domitian03
1198 1465 1244 1535 qni

197 1593 258 1643 licet
276 1581 405 1637 Dominus
420 1585 445 1626 et
457 1572 526 1624 Deus
539 1573 624 1616 noem
636 1555 766 1630 appellari
781 1551 912 1613 voluerit,
926 1563 1058 1618 nusquam
1072 1557 1161 1598 tamen
1179 1546 1244 1616 legi-

199 1688 257 1723 mus
272 1683 332 1719 curn
350 1660 415 1733 repis
428 1667 527 1707 nomen
538 1645 698 1699 affectasse:
714 1652 765 1686 nec
778 1635 807 1685 in
819 1643 878 1682 tota
893 1627 1050 1698 antiquitate
1064 1625 1245 1676 testimonium

200 1748 272 1803 aliud
289 1745 400 1814 hujusce
417 1725 601 1808 appellationis
621 1718 794 1773 Domitianas²
813 1707 925 1764 inveniri
944 1723 1024 1779 posse
1044 1718 1131 1777 pato,
1150 1718 1246 1777 practer

199 1831 270 1883 bunc
288 1824 364 1878 Statii
381 1820 491 1874 locum
510 1809 583 1860 hunc
603 1814 709 1873 quoqne
726 1805 900 1864 corruptum:
921 1787 1027 1859 scripsit
1046 1788 1117 1838 enim
1135 1786 1246 1852 Statius,

203 1910 382 1976 «longamque
397 1895 461 1960 tibi,
483 1889 537 1941 dux
552 1900 664 1953 magne,
680 1879 818 1948 juventam
835 1870 965 1922 Annuit.»
985 1865 1132 1918 Familiaris
1148 1865 1204 1918 laec
1221 1878 1247 1917 et

201 1991 325 2056 frequens
340 1975 467 2031 Romanis
483 1960 689 2039 imperatoribus
706 1952 858 2027 appellatio.
874 1948 1016 2012 Horatius,
1033 1945 1069 1997 ad
1084 1947 1245 2018 Augustum:

203 2068 322 2130 «Lucem
339 2054 422 2110 redde
436 2066 504 2115 tute,
523 2045 576 2096 dux
593 2040 681 2104 bone,
700 2036 829 2106 patriae3·
846 2026 993 2082 luculenter
1010 2025 1120 2091 Noster,
1132 2026 1244 2076 Lacr-ian¹

200 2149 302 2198 Etrusc.
315 2160 339 2191 v.
357 2137 405 2189 50:
424 2125 560 2201 apropriis
578 2119 629 2172 snb
646 2116 742 2188 repieta
759 2111 844 2164 omnis
855 2109 951 2167 Terra;
968 2107 1067 2176 premit
1083 2123 1171 2179 sepum
1185 2103 1247 2156 felix

202 2225 352 2280 diademata
361 2219 460 2272 Roma;
473 2211 547 2260 lianc
560 2198 673 2254 ducibus
685 2191 790 2247 frenare
801 2190 903 2264 datum.
915 2211 925 2235 ι
939 2185 1021 2239 Vides
1034 2205 1115 2257 qaam
1127 2185 1197 2239 clare
1208 2185 1245 2238 di·

202 2310 320 2378 stinguat
333 2303 402 2352 inter
419 2309 489 2365 repes
502 2288 613 2339 aliarum
626 2277 766 2351 gentium,
785 2286 812 2326 et
825 2271 901 2322 duces
916 2269 1013 2318 Romae.
1028 2265 1164 2333 Phasis-ua,
1182 2266 1248 2320 Fal),

203 2389 242 2452 II,
257 2383 289 2450 5,
301 2380 334 2433 de
345 2373 468 2435 Tiberio,
485 2390 497 2414 ι
506 2365 582 2416 Tunc
596 2361 633 2411 sir
642 2359 736 2427 jocata
748 2366 788 2406 est
799 2350 866 2401 tanti
880 2348 1002 2416 majestas
1014 2344 1098 2396 ducis.
1108 2369 1120 2392 ι
1136 2346 1252 2418 Maqm

204 2483 268 2516 vero
285 2462 338 2513 dar
353 2451 521 2509 Domitianus
540 2444 568 2494 in
584 2439 625 2490 bis
642 2435 718 2488 Silvis
737 2451 792 2484 non
806 2426 887 2481 semel
904 2437 1022 2477 vocatur.
1038 2426 1116 2475 Hero.
1132 2423 1252 2475 Surrent.

129 2563 132 2567 ·
207 2566 232 2597 v.
245 2543 294 2603 62;
306 2533 399 2610 Capill.
412 2530 500 2584 Earin.
513 2544 538 2578 v.
556 2520 590 2592 57
605 2537 661 2589 sq.;
676 2517 806 2583 Protrept.
820 2507 951 2579 Crispini,
964 2524 987 2555 v.
1003 2503 1059 2556 125.
1077 2503 1116 2554 Ita
1127 2501 1252 2554 Juvenal.

208 2626 251 2688 tv,
269 2620 334 2687 ¹4⁵,
348 2615 381 2667 de
394 2607 565 2668 Domitiano,
583 2599 684 2651 ironice
697 2591 811 2647 Illudens
824 2588 887 2640 huic
906 2585 1001 2651 titulo,
1015 2606 1027 2629 a
1037 2601 1104 2656 qnos
1121 2581 1256 2636 Albanam

209 2704 263 2755 dux
274 2713 386 2770 magnus
398 2697 425 2744 in
439 2705 526 2743 arcem
537 2686 663 2735 Traxcrat
675 2675 801 2730 attonitos
812 2683 838 2722 et
850 2669 975 2721 festinare
987 2679 1128 2727 coactos„
1141 2682 1257 2718 summm

211 2785 277 2851 dax,
291 2779 369 2831 idem.
384 2768 529 2833 Martialis,
541 2763 631 2834 Epigr.
644 2760 671 2822 I,
684 2771 733 2825 7²²
750 2749 886 2803 «Plurima
898 2765 953 2818 qua
967 2747 1062 2798 summi
1074 2744 1157 2816 fulget
1169 2745 1256 2814 imago

213 2863 322 2923 ducis„
344 2871 370 2911 et
384 2857 435 2920 vt,
455 2867 502 2922 9¹·
523 2843 640 2897 «Sancta
659 2836 735 2889 ducis
753 2832 849 2886 summi
863 2825 987 2900 probibet
1004 2843 1114 2879 censura
1133 2838 1259 2895 vetatque

213 2941 373 2995 Moccheris
386 2939 426 2989 Ita
436 2940 536 2985 mactus
546 2927 612 2986 dux,
626 2920 659 2973 de
672 2916 777 2982 eodem,
793 2913 841 2978 IV,
857 2928 886 2975 ²3
900 2907 1028 2960 Ausonias
1045 2907 1113 2971 dtas,
1125 2905 1197 2968 VIII,
1210 2921 1261 2970 ar,

214 3040 239 3077 et
253 3024 325 3078 alibi.
336 3021 398 3072 Non
414 3015 494 3086 igitur
509 3025 553 3061 rex
567 3019 677 3079 mopsus
689 2997 871 3057 Domitianus,
883 2987 931 3042 sed
942 2989 996 3041 dux
1007 3005 1129 3061 mopere:
1142 3003 1261 3057 quorum

216 3105 353 3156 nominum
364 3094 540 3150 differentiam
553 3089 616 3140 scire
628 3093 704 3153 potes
717 3097 748 3130 ex
759 3075 878 3138 Iustino,
888 3071 928 3136 II,
944 3069 990 3122 1'5:
1005 3070 1127 3120 «Ducem
1138 3085 1188 3118 suo
1200 3084 1263 3118 sun·

215 3198 327 3252 rumque
341 3175 466 3231 exercitui
479 3169 599 3240 deligunt
611 3158 780 3216 Pausaniam
796 3155 841 3225 qui
854 3170 904 3222 pro
919 3148 1016 3200 ducatu
1035 3165 1143 3220 aequum
1158 3147 1263 3198 Graecias

217 3261 364 3322 affectans,
378 3249 537 3328 proditionis
551 3242 687 3316 premium
702 3254 763 3288 cum
779 3233 863 3284 Xerxe
878 3229 986 3301 nuptias
1001 3225 1059 3279 lilia
1076 3227 1132 3297 ejus
1150 3224 1264 3296 pacisci-

219 3351 270 3390 tur.
282 3362 293 3385 »
308 3337 387 3388 Corn.
402 3335 508 3402 Nepos:
524 3325 579 3376 «IIi
593 3323 649 3373 iere
661 3319 770 3368 fuerunt
782 3311 887 3364 Graeciae
898 3309 984 3380 gentis
995 3306 1091 3374 duces,
1106 3306 1153 3376 qni
1164 3321 1264 3356 memo·

219 3422 259 3472 ria
271 3417 343 3488 digni
358 3413 506 3476 videantur,
517 3415 609 3478 prater
625 3415 703 3471 repes.
715 3419 726 3444 a
740 3391 816 3446 Clare
828 3404 854 3443 et
866 3391 987 3461 apposite
998 3388 1082 3439 Tacit.
1094 3383 1193 3437 Annal.
1204 3384 1266 3446 xit,

222 3501 268 3566 23,
286 3497 319 3550 'de
336 3491 457 3568 augendo
473 3485 603 3561 pomoerio
618 3479 690 3532 urbis
706 3477 832 3546 loquens:
851 3472 928 3523 «Neo
940 3483 1028 3522 tamen
1043 3467 1125 3519 duces
1135 3467 1268 3528 Romani,

222 3593 374 3650 «quanquam
389 3571 490 3642 magnis
504 3561 656 3618 nationibus
669 3556 784 3617 subactis
791 3590 801 3618 ,
816 3561 1019 3622 usurpaverant,
1031 3547 1083 3599 nisi
1093 3546 1124 3596 L.
1136 3543 1226 3610 Sulla,
1242 3555 1268 3594 et

220 3660 303 3710 Divus
319 3657 467 3724 Augustus:
482 3662 570 3719 repam
584 3645 611 3694 in
628 3658 660 3692 eo
675 3637 785 3690 ambitio
801 3631 843 3686 vel
857 3630 940 3702 gloria
954 3630 1025 3682 varie
1038 3625 1157 3696 vulgata.
1167 3649 1179 3672 s
1196 3626 1268 3694 seps

222 3755 285 3788 vero
298 3749 376 3785 voces
388 3747 432 3780 rex
444 3740 470 3778 et
482 3727 534 3778 dux
546 3741 561 3773 a
573 3719 686 3772 librariis
697 3716 810 3769 invicem
821 3721 989 3763 commutatas
1000 3706 1125 3769 luerunt3
1139 3704 1178 3755 ita
1190 3699 1268 3757 Osiri.

223 3819 323 3869 Pastor.
341 3814 385 3877 tv,
400 3807 467 3874 884,
483 3823 533 3878 pro
548 3802 601 3853 dux
619 3799 745 3864 Pleuron,
762 3795 859 3848 Moreti
874 3789 960 3842 codex
977 3787 1071 3840 babuit
1084 3803 1136 3837 rex.
1154 3786 1269 3847 Contra,

227 3899 318 3949 llorat.
333 3893 420 3945 Carsu.
434 3889 481 3953 IV,
497 3883 528 3950 5,
546 3903 568 3932 v.
585 3883 628 3950 37,
644 3897 694 3951 pro
714 3879 839 3946 «Longas
855 3891 870 3922 ο
885 3871 1004 3934 utinam,
1019 3864 1072 3916 dux
1087 3863 1176 3926 bone,
1190 3862 1269 3913 ferias

224 3981 330 4030 l‘rsrstes
344 3970 512 4043 Hesperiae„
534 3959 654 4016 nonnulli
671 3957 776 4010 codices
795 3953 901 4024 optimae
918 3961 987 4000 notas
1005 3945 1106 3997 babent
1124 3960 1169 3994 res·
1189 3935 1268 4000 boae,-
