2776 4484
388 349 519 420 stam
545 343 686 421 tunm
710 347 959 426 stnvtnun.
1149 369 1189 455 s,

151 483 246 535 suffio?
254 483 355 554 premis
367 479 471 531 habenis
484 479 554 531 idem
567 479 640 552 quod
646 483 742 554 juncto
753 485 845 534 cumn?
858 489 947 537 revera
959 503 1014 538 non
1026 487 1194 545 credidissem

152 563 203 614 hoc
213 579 229 614 a
241 563 378 614 Gronorio
394 561 547 632 proiectum
562 573 634 626 esse,
649 579 711 628 suo,
729 575 755 613 et
766 562 899 632 vigilanti:
918 572 943 615 et
958 565 1026 618 b'ane
1041 569 1112 639 quod
1125 573 1194 625 inter

152 643 245 693 Errare
257 641 378 714 ponitur.
391 643 438 692 Vir
451 638 546 692 doetus
560 638 612 691 hoc
625 641 653 691 iu
670 643 759 691 animo
773 641 852 692 lixum
867 641 973 708 hebuit,
988 660 1109 715 prensum
1123 645 1194 704 idem

152 736 210 775 esse
222 721 295 794 quod
303 725 426 793 junctum
433 743 443 783 ,0
456 719 526 772 unde
540 737 645 791 quaque
658 723 798 772 occasione
810 720 977 794 hoc'ingerit.
992 725 1063 792 Quid
1075 729 1107 780 sit
1117 733 1194 802 pren.

153 803 185 854 ris
195 803 313 866 habenis,
321 804 344 853 si
353 803 453 864 nescis,
465 793 537 852 disci
548 817 578 852 ex
587 799 639 852 hoc
649 800 710 852 loco
720 801 817 852 Valerii
828 801 929 869 Flacci,
941 802 1044 873 llb.Vl‚
1053 826 1118 862 vers.
1130 829 1193 883 209,

155 881 187 933 sle
197 879 321 948 Castore,
332 894 474 952 postquam
488 894 518 931 ex
531 892 599 951 equo
611 879 703 932 Gelam
715 878 863 950 dejecerat:

784 978 951 1043 Alipedemque

340 1049 447 1094 Constitit
455 1058 550 1094 excusso
560 1056 640 1094 vector
649 1047 707 1095 duee
717 1065 722 1094 :
731 1049 780 1096 risit
789 1049 818 1094 ab
827 1049 870 1095 alta

340 1120 407 1166 Nube
416 1129 495 1180 pater,
503 1119 640 1180 prensisque
648 1122 749 1181 equitem
758 1121 865 1180 cognorit
873 1120 983 1176 habehim

154 1211 191 1262 ita
200 1209 315 1262 restituit
325 1203 451 1259 celeberr.
463 1208 629 1257 Burmannus
640 1225 690 1277 pro
703 1208 791 1258 vietor.
804 1207 883 1273 Risit,
896 1209 982 1280 inquit
994 1211 1118 1283 Flaccus,
1130 1217 1197 1271 loeta·

155 1303 196 1340 tue
211 1303 250 1341 est
263 1289 387 1358 luppiter
400 1285 454 1337 hoc
469 1283 514 1337 illii
529 1285 570 1337 sui
585 1285 737 1356 piaeclarum'
751 1286 854 1338 facinus
869 1300 994 1352 cernens;
1008 1289 1036 1342 et
1049 1288 1135 1346 slatim
1149 1317 1196 1350 co.

155 1371 245 1439 gnorit
258 1369 375 1438 equitem
388 1379 460 1432 esse,
471 1362 608 1417 Castorem
620 1364 690 1435 (non
701 1363 849 1432 Pollucem,
864 1365 908 1418 ille
920 1371 989 1420 enim
1002 1385 1081 1424 caestu
1093 1376 1196 1447 gaude-

115 1475 120 1487 ·
155 1449 229 1520 bat),
245 1445 436 1520 quia'habenhs
447 1444 639 1517 prehenderat,
655 1445 760 1497 frenum
778 1465 952 1518 occupaverat
969 1454 1043 1522 equi;
1059 1445 1111 1506 hoc
1127 1460 1197 1511 enim

156 1543 194 1582 est
200 1529 300 1602 prensis
310 1527 427 1592 lichenis,
438 1539 465 1578 et
476 1528 503 1577 in
515 1525 580 1591 hoc,
594 1523 619 1577 et
629 1527 655 1576 ln
668 1525 742 1577 Statii
754 1533 833 1596 supra
844 1529 925 1579 citato
935 1528 1011 1595 loco',
1020 1537 1117 1601 prensis
1129 1555 1197 1588 nunc

156 1608 232 1661 celsus
244 1607 364 1660 hedenis:
378 1613 449 1658 utrnc
460 1603 556 1677 pedes,
568 1622 640 1657 nunc
653 1603 737 1658 celsus
751 1607 777 1656 in
791 1609 869 1657 curru
881 1619 907 1658 et
913 1607 994 1679 frena
1007 1607 1106 1681 tenens,
1119 1635 1198 1685 pren-

157 1689 188 1741 sis
199 1689 315 1754 habenis,
328 1703 383 1739 non
395 1703 471 1738 curru
475 1687 579 1758 juncto.
592 1687 660 1738 Nam
674 1683 706 1736 de
717 1683 846 1736 Thebaid.
858 1684 902 1752 tt,
916 1704 981 1756 219:

341 1787 409 1829 Arma
419 1781 486 1828 simul
494 1797 635 1845 prensatque
640 1783 698 1843 jugo
708 1781 843 1827 moderatur
850 1771 965 1842 habenas,

157 1874 279 1944 imposuit
286 1874 343 1924 viro
355 1873 449 1923 eximio
459 1871 549 1937 locus,
559 1884 589 1921 ut
598 1869 662 1922 milti
673 1869 784 1933 videtur,
794 1869 1033 1943 depravtrtissimus¹
1045 1875 1117 1945 Elige
1127 1881 1197 1932 onim

158 1971 233 2024 mam
243 1955 282 2006 ris
290 1952 431 2005 verborum
441 1953 681 2012 constructionem
693 1953 746 2004 sive
756 1947 841 2016 hanc,
850 1951 998 2004 moderetur
1007 1953 1117 2010 iubenes
1123 1978 1199 2029 pren·

158 2051 194 2085 sas
201 2035 267 2108 jugo
280 2033 313 2104 (i.
325 2052 348 2085 e.
356 2071 365 2098 ,
374 2029 521 2085 seeundum
531 2031 694 2083 Gronovium
700 2031 835 2103 ‚junctas)
848 2029 944 2083 falsum
954 2035 1085 2086 continet:
1100 2041 1198 2110 quippe

159 2111 266 2164 habene
278 2129 332 2163 non
345 2115 495 2182 junguntur
505 2114 586 2182 jugo:
601 2112 654 2162 sive
668 2110 754 2176 illam,
762 2114 829 2183 juqo
844 2111 992 2164 moderatur
1001 2131 1106 2184 prensos
1120 2117 1198 2170 hebe-

160 2210 217 2256 nus,
229 2191 342 2244 absurda
354 2203 411 2252 est;
425 2191 515 2262 jugum
528 2191 598 2240 enim
609 2207 664 2240 non
678 2203 767 2260 potest
778 2189 909 2242 moderari
920 2190 1047 2244 habenas.
1060 2195 1131 2247 Nihil
1146 2199 1197 2268 igi-

160 2283 201 2322 tur
210 2268 273 2322 ltine
285 2269 394 2342 probari
406 2281 507 2340 potest,
520 2270 571 2320 nisi
583 2265 671 2320 locum
684 2285 741 2322 esse
753 2271 986 2339 corruptissimum.
1000 2271 1083 2341 Lege,

319 2427 322 2432 1
339 2371 408 2412 Arma
418 2363 486 2414 simul
495 2366 631 2428 prensisque
639 2365 720 2427 jugum
730 2365 865 2412 moderatur
875 2365 980 2413 habenis.
1048 2429 1050 2432 Ι

159 2469 223 2520 Dicit
239 2465 431 2538 Amphiaraum
447 2478 575 2517 armatum
589 2481 707 2536 pugnare
719 2483 733 2516 e
746 2483 841 2515 curru:
857 2465 960 2536 sinistra
976 2485 1054 2519 manu
1066 2489 1153 2537 anne,
1170 2473 1197 2524 id

158 2561 207 2615 est,
219 2548 333 2618 elipeum
342 2528 505 2610 moderatur,
518 2541 607 2596 dextra
617 2543 715 2616 prensis
725 2541 843 2608 habenis,
855 2537 946 2594 tenens
955 2532 1084 2613 hebenus,
1096 2553 1161 2620 regit
1172 2565 1198 2602 et

160 2627 308 2679 moderatur
319 2633 403 2697 equos
416 2627 463 2677 se'u'
477 2625 592 2675 edictum.
605 2619 678 2674 Nihil
688 2625 743 2692 jam
755 2617 893 2673 intellectu
907 2619 1018 2676 lucilius.
1033 2621 1067 2676 Et
1076 2621 1120 2678 his
1131 2628 1197 2681 locis

162 2709 271 2758 maxime
286 2705 462 2772 confirmator,
477 2703 550 2776 quod
565 2701 660 2754 diiide
675 2704 784 2755 notione
793 2704 865 2754 vocis
878 2699 1002 2775 prendere
1015 2723 1065 2775 pro
1076 2708 1198 2780 junqere,

165 2785 269 2856 quardo
279 2785 312 2836 de
322 2787 392 2856 equis
400 2783 441 2837 vel
449 2782 537 2835 bobus
548 2789 633 2834 sermo
645 2795 697 2850 cst,
708 2778 794 2832 arat'ro
805 2781 845 2834 trel
856 2783 943 2832 currui
953 2779 1092 2834 adhibitis:
1104 2805 1198 2858 nempe

164 2865 226 2935 quia
239 2876 398 2934 occupantur
411 2873 436 2916 et
449 2880 465 2914 a
476 2863 580 2914 feritate
592 2881 640 2914 sua
652 2863 678 2913 in
691 2859 823 2912 mitiorem
834 2859 1140 2990 habitumredipuntur:
1156 2868 1198 2916 oui

162 2959 329 3013 consequens
346 2953 383 2995 est
397 2952 425 2994 ut
435 2943 582 3014 jungantur
599 2945 687 2994 alatro
702 2937 743 2990 ecl
759 2939 854 2990 cunni.
869 2937 949 2990 Extra
963 2937 1012 2991 hoe
1045 2957 1092 2991 nes
1107 2945 1200 3011 prendi

159 3039 208 3094 pro
211 3024 298 3097 junqi
306 3036 375 3074 recte
385 3022 438 3073 dici
451 3034 529 3093 posse
541 3039 595 3072 non
607 3033 689 3092 puto:
702 3030 751 3069 nec
763 3019 791 3068 in
802 3019 853 3068 isto
866 3007 1005 3069 Claudiani
1016 3015 1076 3070 loco
1082 3057 1091 3084 ,
1098 3017 1201 3090 famuli

158 3103 376 3173 metrumjnusere
386 3099 533 3166 uolantem,
545 3099 705 3151 suhstituere
717 3097 795 3168 potes
806 3095 930 3167 prendere
941 3088 984 3147 vel
991 3097 1143 3168 prendidere
1154 3097 1165 3170 (
1171 3117 1200 3154 ut

157 3180 201 3234 Sil.
216 3181 322 3233 italicus
335 3179 443 3249 effert),
455 3196 504 3231 nec
518 3181 545 3230 in
557 3181 609 3231 isio
624 3175 773 3242 Ciceronis,
789 3190 804 3226 a
818 3173 954 3227 Gronovio
968 3179 1062 3229 citato':
1078 3170 1198 3236 «Vedius

155 3263 226 3313 venit
242 3259 307 3312 mihi
324 3261 428 3311 obviam
445 3275 504 3310 cum
520 3259 625 3311 duobus
642 3255 739 3310 essedis
754 3269 779 3308 et
796 3253 877 3307 rheda
893 3257 966 3328 equis
978 3255 1086 3328 ju'ncta,
1096 3284 1108 3307 s
1124 3281 1198 3334 teque

156 3341 222 3394 hene
234 3340 331 3393 dhisse
345 3342 434 3410 potuit
447 3339 528 3392 rheda
542 3341 616 3412 equis
626 3357 726 3411 prenso.
740 3337 850 3395 Pr'ensus
861 3355 923 3387 vcro
938 3355 986 3408 pro
1000 3349 1137 3411 occupatus
1147 3356 1199 3394 rra.

156 3419 267 3474 latitium
280 3429 327 3474 est.
339 3421 451 3486 Noster,
461 3419 590 3472 Thebaid.
602 3421 650 3483 Vl,
663 3419 715 3488 479
728 3430 752 3478 et
764 3417 824 3485 641]
839 3415 931 3468 liabeo
942 3429 967 3469 et
978 3417 1050 3490 quod
1062 3438 1198 3491 opponam

157 3500 334 3552 emendationi
344 3499 518 3552 Gronoviant'e
531 3501 558 3552 in
567 3499 673 3564 Tacito,
686 3512 712 3550 et
721 3496 815 3551 ovidio
826 3497 871 3549 ubi
884 3497 946 3568 legit
956 3515 1060 3569 prensos
1067 3517 1119 3568 'pro
1127 3519 1198 3570 pres-

155 3597 200 3632 sos.
212 3579 290 3632 Velut
301 3578 355 3632 hoc
368 3581 472 3632 &neon
483 3581 559 3632 Hero.
571 3579 633 3631 Fur.
649 3595 729 3646 1019:
747 3577 889 3650 eJugoque
902 3595 1020 3647 pressum
1033 3575 1117 3630 libera
1128 3585 1199 3652 turpi

153 3657 244 3710 lovem
253 3681 260 3709 ι
269 3683 281 3705 ι
293 3657 355 3724 ubi,
364 3660 387 3710 si
395 3655 466 3729 legat
475 3661 608 3729 prensum,
617 3661 734 3729 ingeram
742 3654 835 3709 illihoc
843 3649 965 3707 Auctoris
974 3657 1088 3710 Octavia
1099 3677 1122 3709 r.
1135 3661 1197 3712 250:

158 3738 262 3789 sorbis
274 3752 419 3810 tyrannus,
435 3755 512 3809 quem
527 3740 622 3810 premit
634 3739 705 3808 turpi
716 3739 817 3808 jugo;»
832 3749 858 3788 et
872 3728 938 3801 613:
958 3754 1097 3807 «premere
1109 3734 1199 3808 subje-

154 3817 212 3867 rt'os
222 3819 286 3888 jugo
296 3819 402 3870 Tauros
413 3817 529 3880 ferod'es;
540 3841 550 3865 s
566 3827 592 3868 et
602 3814 667 3870 alios
679 3815 791 3867 aliorum
803 3814 886 3866 locos.
896 3809 963 3866 vide
973 3813 1049 3867 Ovid.
1062 3813 1125 3866 Met.
1137 3812 1198 3882 ΧΠ,

155 3904 196 3962 57.
207 3895 292 3964 Quod
306 3913 371 3948 vero
386 3908 480 3946 contra
491 3897 654 3947 Gronovium
669 3893 815 3966 disputavi,
826 3893 890 3945 nolo
904 3895 940 3945 ita
952 3895 1079 3965 occipias,
1094 3891 1198 3961 Lector,

153 3977 230 4044 quast
241 3976 382 4045 profruete
397 3973 536 4038 affirmarim
551 3980 606 4026 hon
618 3972 678 4025 dico
694 3975 747 4025 haec
763 3975 798 4024 ita
810 3990 882 4037 esse,
896 3971 942 4023 sed
954 3971 1044 4023 videri.
1058 3970 1103 4021 llle
1115 3975 1198 4038 enirn,

154 4055 175 4103 si
188 4057 345 4126 quisquam,
363 4037 567 4122 lingoae'latinse
581 4053 695 4105 indolem
710 4051 819 4122 pulchre
834 4065 998 4121 perspectam
1011 4049 1116 4113 hnlntit,
1134 4067 1157 4102 et
1172 4057 1199 4106 in

1028 4141 1057 4204 5.
