2858 4492
378 298 508 368 LIBRI
532 303 742 370 SECUNDI
766 304 1017 374 SILVARUM.
1154 314 1220 378 263

172 429 270 502 Eligia3
282 452 294 475 ι
308 429 343 479 ita
358 428 458 498 optime
471 426 560 480 Codex
572 430 717 481 Patrensis:
730 430 809 500 uulgo
821 429 910 484 Eiieis.
924 434 991 485 Hinc
1003 447 1077 506 petet
1089 435 1153 490 nihii
1165 457 1222 492 mu-

174 510 285 564 tandum
297 527 354 560 esse
364 506 426 558 loeo
436 507 520 560 Curtii
530 508 575 573 IV,
589 523 616 574 ι,
630 525 676 562 ot:
690 507 814 564 abortum
825 511 938 576 intrant,
951 531 1029 583 quem
1041 516 1110 568 forte
1122 519 1222 571 steriles

175 589 272 643 herbas
287 588 387 661 eligens
399 584 599 660 Abdalonymus
612 588 808 659 repurgemus
822 589 860 641 ihi
872 593 943 644 enim
954 593 988 645 N.
998 597 1119 648 Heinsius
1132 599 1222 652 maluit

176 673 292 745 stipem
302 667 398 742 eiiyere
406 665 503 721 steriles
515 668 604 722 hardas
617 679 657 720 ast
668 683 761 720 notere
774 687 817 722 ees
830 687 888 740 qun
900 671 1100 740 sterilensium,
1114 689 1142 728 ut
1155 677 1223 732 evel-

175 752 241 805 ieret
252 762 280 802 et
290 747 427 818 abjiceret.

210 899 254 954 62.
272 895 503 952 namnetim
520 894 650 950 Vesuvina
669 894 790 948 inoendia
804 895 904 948 torma
923 897 984 950 Scio
1000 899 1135 970 quomodo
1151 899 1222 958 hunc

175 979 265 1031 iocum
274 975 561 1048 explieatGronovius,
570 975 652 1030 Diatr.
662 993 686 1026 c.
694 974 744 1028 5οι
755 974 880 1028 incendia
891 986 1028 1032 ructassent
1036 977 1223 1043 draitonam,

174 1059 202 1112 id
217 1070 270 1124 est,
286 1057 386 1128 iuquit,
400 1055 526 1113 ructando
540 1057 628 1126 ignem
641 1055 740 1108 Locros
756 1066 901 1110 serment.-
916 1059 953 1109 ita
967 1059 1065 1112 nodare
1075 1056 1222 1130 palaestras,

175 1139 253 1192 uere.
268 1138 385 1190 Surrent.
402 1137 464 1206 quis
476 1136 506 1190 in
517 1134 644 1207 palestris
654 1135 716 1188 nodi
727 1135 859 1208 ligantur:
871 1135 995 1207 plaudere
1004 1137 1109 1193 choreas
1118 1141 1224 1194 Maroni

176 1231 203 1270 et
216 1216 289 1282 aliis,
304 1216 366 1288 quia
376 1214 497 1270 saltando
510 1230 579 1268 terra
589 1212 738 1287 plaudimr3
749 1214 808 1268 vide
822 1214 926 1268 locam:
942 1214 1055 1287 piurima
1068 1220 1137 1270 enim
1152 1221 1224 1290 ejus-

175 1297 249 1368 modi
261 1295 380 1368 exemplo
389 1296 427 1348 ihi
436 1293 554 1348 adducit.
569 1294 636 1348 Mihi
648 1308 736 1348 tomen
748 1314 801 1347 non
814 1297 940 1350 satisfacit
952 1297 980 1348 in
993 1295 1044 1348 hae
1058 1296 1162 1369 phrasi3
1174 1317 1225 1352 nec

176 1377 254 1432 simili
266 1375 348 1430 modo
361 1374 414 1428 diei
428 1391 507 1445 posse
521 1373 651 1427 videntur·
660 1373 757 1427 nodare
769 1373 914 1445 palaestras,
925 1375 1053 1448 plaudere
1065 1377 1183 1445 choreas,
1199 1393 1224 1430 et

176 1466 278 1509 metare
294 1457 404 1522 beros,
419 1471 466 1506 seu
484 1455 610 1506 ructando
627 1454 713 1528 ignesn
730 1472 822 1514 aesare
836 1455 947 1508 Locros:
963 1453 1035 1524 quod
1053 1457 1222 1520 affectatum,

175 1533 317 1604 ιιιὸξιλοι,
330 1547 356 1588 ει
367 1533 448 1603 longe
460 1535 616 1586 accersitum
627 1531 693 1584 mihi
705 1530 816 1584 ridetur.
830 1536 862 1585 Et
874 1535 897 1584 si
908 1531 964 1584 hnc
977 1533 1131 1587 admittatur
1141 1537 1224 1588 inter-

176 1618 309 1688 pretatio,
325 1613 386 1668 vide
404 1611 470 1685 quid
487 1614 625 1684 sequitur:
643 1610 797 1664 «Vesuvina
815 1611 937 1666 incendia
954 1612 1085 1664 ructando
1103 1614 1225 1667 incendia

176 1708 315 1749 vexassent
324 1695 456 1746 Locros..
471 1690 561 1760 Quid?
572 1710 606 1743 an
618 1691 738 1744 incendia
751 1704 865 1762 possunt
877 1701 977 1743 ructare
990 1711 1037 1745 seu
1052 1711 1172 1746 evomere
1185 1695 1225 1746 in-

177 1775 287 1829 cendia?
300 1786 370 1826 certe
384 1790 441 1824 non
453 1769 506 1823 hoo
519 1769 628 1824 dixisset
641 1771 808 1839 Gronovius,
825 1767 887 1822 lieet
904 1773 960 1840 ejus
976 1771 1158 1843 interpretatio
1171 1772 1224 1824 hoc

176 1855 257 1908 dicat.
269 1852 337 1906 Mihi
348 1853 455 1904 minime
467 1849 576 1904 dubium
590 1863 630 1904 est
640 1849 710 1902 hane
721 1867 814 1901 vocem
827 1859 965 1902 ructassent
974 1849 1143 1921 depravatam
1155 1872 1224 1917 esse;

177 1949 202 1987 et
216 1933 376 1986 medicinam
389 1930 482 1984 ridear
494 1933 641 1996 invenisse,
659 1952 669 1976 a
681 1931 704 1983 si
715 1929 756 1982 rel
769 1929 889 1981 fumante
903 1930 979 1981 ruins
992 1930 1142 1984 Undassent
1156 1932 1224 1986 dites

176 2015 310 2067 Vesuvina
320 2010 444 2064 incendia
455 2012 592 2073 Locros3·
607 2028 637 2062 ex
648 2007 788 2061 thiileid.
801 2010 827 2075 i,
842 2009 891 2061 86:
906 2032 918 2055 ι
928 2011 1017 2077 Quum
1031 2023 1092 2062 tuus
1105 2013 1225 2065 AEacides

177 2093 268 2166 tepido
283 2091 364 2144 modo
379 2091 506 2162 sanguine
520 2091 637 2142 Teucros
651 2088 769 2143 Undabit
782 2107 926 2160 campos3·
941 2089 988 2141 ubi
1001 2090 1109 2145 undabit
1122 2112 1225 2166 campos

176 2173 317 2244 sanquine,
331 2174 361 2222 ut
373 2167 426 2222 hoo
439 2167 500 2220 loco
515 2167 652 2220 undassent
664 2169 756 2221 Locros
770 2169 854 2219 ruina.
872 2167 976 2219 Undare
988 2185 1051 2220 vero
1065 2168 1097 2222 de
1102 2173 1225 2246 flammis

178 2254 303 2306 usitatum
319 2252 415 2322 poetis.
432 2248 525 2315 Silius,
539 2249 589 2315 IX,
603 2248 671 2316 446:
689 2247 846 2301 «Undantes
860 2247 942 2300 volvit
955 2247 1073 2302 flammas
1090 2251 1124 2303 ad
1139 2252 1223 2305 sidera

176 2345 296 2385 sertem
312 2329 381 2382 Vide
398 2331 534 2382 Heineinm
550 2328 583 2381 ad
597 2328 715 2399 ejusdem
731 2331 793 2395 vu,
809 2327 878 2396 355,
895 2328 941 2381 abi
957 2331 1020 2383 satis
1034 2330 1222 2401 exemplorum.

175 2410 347 2464 Constructio
360 2421 412 2475 est,
425 2409 615 2482 privesuviua
631 2406 757 2460 incendia
769 2409 888 2459 fumante
904 2409 979 2460 ruina
996 2407 1141 2462 nudassent
1152 2411 1184 2482 (i.
1200 2431 1222 2464 e.

177 2491 279 2545 nudare
295 2489 439 2562 fecissent)
456 2488 523 2541 dites
540 2489 676 2554 Locros„
693 2488 793 2540 fundos
810 2499 836 2539 et
848 2487 946 2558 predia
963 2501 1010 2541 tuo
1025 2491 1097 2540 cirea
1108 2491 1225 2554 locros,

176 2573 337 2625 Bruttiorum
351 2567 453 2621 urbem.
470 2571 564 2620 Posses
579 2570 671 2634 etiam,
687 2567 834 2619 Nndassent
847 2565 928 2632 dites,
943 2579 991 2618 ete.
1011 2568 1059 2620 sed
1071 2569 1143 2621 istud
1157 2570 1224 2622 slte-

178 2669 238 2703 rum
248 2651 337 2722 placet
348 2650 446 2721 megin
458 2660 484 2700 et
497 2665 587 2700 veram
598 2660 681 2718 puto,
696 2648 746 2698 uisi
760 2645 849 2709 maiis,
864 2649 1044 2700 «narrassent
1057 2649 1124 2701 dites
1138 2651 1224 2703 Vesu-

179 2731 241 2780 vina
252 2727 373 2780 incendia
383 2727 495 2792 Locri;·
511 2725 584 2799 quod
596 2729 673 2779 etism
685 2725 763 2778 facile
776 2723 882 2778 defendi
892 2738 989 2797 potest.

214 2867 260 2934 64.
279 2867 330 2919 Seu
341 2865 460 2920 hacanos
476 2884 551 2940 aper,
567 2878 617 2917 etc.
633 2863 692 2915 Fidi
710 2875 736 2915 et
748 2861 814 2914 boui
830 2863 980 2934 interpretis
999 2881 1055 2916 esse
1074 2877 1155 2936 puto,
1170 2885 1224 2918 non

177 2949 265 3002 solnm
275 2944 403 3019 explicare
416 2965 473 3018 quse
484 2944 528 2998 aiii
540 2944 660 3008 acinon,
671 2940 713 2995 rel
724 2941 805 3008 maie,
818 2941 1007 3004 intellexeriut3
1020 2942 1069 2994 sed
1080 2945 1161 2995 etiam
1171 2963 1226 2996 rno-

175 3049 254 3097 nere,
266 3029 289 3080 si
300 3025 364 3099 quid
374 3039 498 3078 occurrat
506 3023 580 3098 quod
590 3025 647 3095 ipse
656 3041 711 3076 non
721 3021 859 3092 intelligat.
869 3021 950 3089 Quod
959 3020 1024 3073 mihi
1032 3021 1083 3076 hoo
1093 3023 1154 3076 ioco
1167 3045 1226 3080 eve-

174 3109 245 3162 nisse
255 3106 327 3158 ultro
339 3107 441 3159 fateor:

365 3207 413 3252 Seu
421 3205 528 3251 Insanus
537 3219 606 3267 sper,
616 3217 658 3249 seu
667 3200 776 3266 Tybridis
785 3203 885 3266 impetus
893 3199 950 3247 sitas

363 3278 391 3324 ln
400 3276 506 3324 &suum
515 3277 619 3324 torsisset
627 3291 712 3338 aquas,
722 3287 830 3337 peterere
838 3288 921 3320 serens

362 3349 449 3396 Fronte
458 3349 520 3396 Deos
529 3362 535 3393 :
545 3349 593 3396 sire
602 3346 674 3404 airus,
685 3359 730 3395 etc.

171 3447 228 3502 Ubi
234 3448 407 3501 Gousuuctio
417 3459 471 3512 est,
484 3445 553 3499 asra
560 3447 683 3500 Lucanus
692 3461 755 3516 ager
762 3446 881 3497 torsisset
887 3445 914 3495 iu
923 3442 1044 3496 dextrum
1054 3445 1118 3498 sitas
1129 3465 1226 3520 squas,

171 3544 221 3579 seu
233 3523 350 3579 Tibridis
368 3523 483 3595 impetus
498 3527 616 3578 torsisset
630 3527 658 3576 iu
676 3523 800 3576 dextrum
815 3521 881 3575 sitas
900 3541 1013 3595 aquas.»
1030 3524 1087 3575 Nisi
1104 3527 1140 3578 its
1158 3546 1224 3581 con-

170 3620 276 3673 struas,
290 3623 348 3658 non
364 3603 441 3655 video
455 3621 508 3675 quo
524 3606 619 3657 referri
635 3617 747 3678 possunt
758 3601 839 3656 verbs
853 3603 905 3655 Seu
917 3603 1036 3655 Lucanus
1047 3623 1123 3678 ager:
1136 3625 1185 3676 per
1197 3627 1225 3658 se

170 3688 247 3740 enim
260 3685 327 3738 nihii
346 3682 472 3736 efficiunt.
492 3686 550 3736 ism
568 3704 631 3737 vero
650 3687 744 3737 mirum
764 3683 890 3754 estquod
908 3681 973 3734 dicit
991 3681 1024 3734 de
1040 3682 1146 3735 Lucano
1161 3705 1224 3761 apro

169 3784 259 3839 eques
269 3775 427 3835 torquente:
440 3766 575 3817 nonenim
585 3783 707 3838 aprunam
718 3777 771 3830 est,
783 3763 994 3841 sedflnoionrsn,
1004 3781 1084 3834 aquas
1093 3773 1224 3836 torquem

169 3858 257 3920 prout
270 3865 302 3899 ex
316 3845 462 3899 irmumeris
475 3857 615 3916 poetarum
628 3845 695 3898 loeis
708 3844 798 3916 liquet.
812 3845 869 3896 Nan
878 3844 1025 3896 mutatione
1034 3841 1224 3908 distinotionis,

169 3941 221 3980 sut
233 3925 287 3979 aiio
300 3924 429 3998 quopiam
441 3939 520 3997 paeto
531 3943 641 3998 possum
654 3923 716 3977 huie
727 3923 788 3976 loco
802 3923 941 3995 opitulari:
955 3941 1016 3976 nem
1029 3921 1100 3991 quod
1113 3925 1140 3974 in
1151 3941 1223 3974 men-
