2850 4488
395 333 527 399 msnt
551 335 735 418 Qusn'rt
761 335 1014 402 stuvsnnu.
1159 341 1251 426 ⁴89.

109 453 118 476 ⁸
184 481 210 514 v.
225 461 294 532 467,
315 455 495 532 sBsochoque
505 479 559 512 nox
570 459 706 533 jungenda
719 461 842 533 pervigili
855 460 941 513 datur.
951 484 963 508 ι
976 461 1084 515 Rectius
1096 461 1149 516 boc
1163 461 1224 516 loco

180 541 313 606 Graccus,
325 551 419 613 utpote
432 538 577 592 secundum
591 542 673 612 ipsius
688 541 762 594 Statii
775 539 1141 608 sententiam,Tbebaid.Vl,
1157 544 1224 614 289,

181 631 207 672 et
219 620 285 684 xu,
302 618 370 685 301,
387 637 404 671 a
417 636 469 689 qua
485 637 540 670 non
554 637 622 692 opus
637 631 677 671 est
689 619 828 687 recedere,
842 621 987 691 presertim
1001 638 1082 690 quum
1095 619 1165 673 hanc
1179 641 1224 674 ex-

178 699 349 772 plicationem
360 716 472 770 passura
484 701 518 750 sit
527 717 579 750 vox
589 710 697 766 cuncta,
709 717 765 769 qnae
777 698 906 771 sipiificat
917 700 1082 764 corfinum,
1094 701 1122 750 in
1134 718 1223 772 quom·

178 781 216 834 sis
229 780 418 852 longitudinem
432 789 574 850 prosecta.-
589 781 626 832 its
638 782 676 842 11,
689 779 707 831 6
714 819 723 847 ,
729 782 855 852 junonem
865 790 974 832 stemma
981 818 991 846 ,
1002 779 1111 850 longum
1118 818 1127 846 ,
1142 783 1224 832 conti·

177 873 288 912 nuatum
295 897 304 926 ,
317 879 334 911 a
344 859 448 930 proavis
458 859 593 912 danum
603 897 611 924 ‚
623 871 653 912 nt
665 859 728 911 alibi
739 857 857 931 loquitur
870 882 876 910 ι
890 857 949 911 ride
961 859 1048 929 ipsum
1059 857 1176 910 Gronov.
1189 859 1224 910 ad

177 939 282 994 senece
295 935 393 990 locum.
408 938 441 990 Et
453 937 515 990 inde
525 937 582 990 hec
593 957 647 991 nox
657 938 766 991 Herculi
778 941 896 1010 impensa
911 956 927 990 a
941 936 1057 1009 quodam
1069 935 1166 990 dicitur
1176 958 1223 1005 sps·

177 1009 268 1066 olum
277 1007 328 1076 ulf·
341 1027 435 1062 novem
447 1021 532 1063 noctes
542 1009 605 1062 huic
618 1013 693 1082 operi
704 1012 818 1081 assignat
828 1008 978 1074 Amabius,
988 1006 1034 1061 lib.
1045 1009 1094 1074 lv,
1102 1026 1129 1078 p.
1144 1006 1203 1074 145.

213 1159 254 1225 ²4·
274 1158 311 1208 Et
325 1176 378 1210 nort
391 1158 518 1230 inscriptis
527 1169 659 1212 auctorem
672 1159 773 1212 reddere
783 1161 881 1234 siyrtis?
895 1159 984 1211 Refert
995 1155 1062 1209 Plin.
1076 1157 1104 1207 in
1119 1155 1220 1208 Praeiat.

175 1239 244 1290 Hist.
252 1240 312 1290 Nat.
323 1239 439 1310 pictores
449 1256 480 1290 ae
490 1241 632 1292 statuarios
643 1251 742 1292 veteres
753 1239 878 1310 oporibus
888 1258 903 1292 a
914 1257 941 1292 se
950 1240 1026 1291 factis
1035 1254 1133 1288 nomen
1143 1253 1220 1287 suurn

174 1317 355 1388 inscripsisse,
369 1315 447 1370 titulo
460 1335 579 1390 appenso
590 1321 618 1372 in
629 1316 702 1370 hunc
713 1318 821 1372 modum
831 1341 836 1370 ι
847 1318 953 1391 Apelles
958 1317 1089 1390 faciebat:
1101 1313 1221 1386 Polycle-

175 1405 215 1448 tus
222 1396 356 1467 faciebat,
375 1409 425 1449 eto.
446 1397 518 1464 Quin
532 1396 599 1450 ‘huic
613 1398 721 1450 Herculi
738 1399 919 1470 Epitrapezio‚
939 1417 1017 1468 quem
1033 1395 1077 1447 hic
1095 1392 1221 1446 describit

174 1473 288 1542 Sutins,
301 1477 409 1549 Lysippi
426 1496 524 1530 nomen
541 1479 698 1551 inscriptum
712 1491 776 1530 erat.
791 1477 907 1532 Martial.
924 1476 968 1529 lib.
983 1475 1034 1544 IX,
1048 1475 1137 1548 Epigr.
1153 1487 1218 1539 xcv,

173 1553 207 1607 de
221 1555 267 1607 illo
281 1557 359 1629 ipso:

389 1647 486 1694 Alciden
495 1647 566 1695 modo
574 1647 691 1706 Vindicis,
701 1649 810 1711 rogabam

389 1720 454 1764 Esset
462 1719 529 1779 cujus
538 1735 609 1781 opus,
619 1718 733 1781 laborque
742 1719 805 1766 lelir.

388 1789 458 1846 bisit5
469 1805 523 1835 nans
532 1789 591 1837 solet
599 1789 660 1848 boc,
671 1790 765 1854 levique
774 1802 847 1845 nutu,

387 1861 467 1907 Grecos
477 1861 604 1925 numquid,
614 1864 740 1925 ait,‚poeta
748 1897 755 1918 ,
764 1863 858 1910 newis?

387 1933 500 1994 inuripta
511 1933 629 1989 estheris,
640 1933 774 1996 indicatque
783 1948 878 1980 nomen.

388 1999 513 2050 dusinus
523 2001 575 2068 lego
583 2021 590 2060 ;
599 2005 687 2052 Phidiae
697 2005 784 2068 putavi.

166 2103 215 2154 Ait
227 2121 290 2155 vero
304 2103 403 2157 Statius
411 2104 551 2158 Vindicem
564 2109 680 2159 amicum
695 2124 772 2159 suum
786 2107 813 2158 in
827 2107 936 2178 picturis
950 2123 981 2157 so
993 2107 1084 2158 statuis
1099 2117 1216 2162 veterum

166 2182 301 2237 artificum
310 2183 486 2255 dijudicandis
501 2186 569 2240 odeo
581 2188 663 2241 luisse
676 2201 826 2254 versatum,
841 2200 870 2239 ut
881 2188 983 2240 tametsi
993 2205 1090 2238 nomen
1099 2189 1215 2239 auctoris

165 2281 224 2315 non
239 2275 309 2316 esset
320 2262 501 2340 adscriptum,
517 2279 607 2338 posset
619 2281 707 2320 tamen
720 2286 751 2319 ex
763 2267 827 2338 ipsis
839 2265 963 2318 ductibus
976 2284 1007 2317 sc
1019 2265 1140 2318 colorum
1152 2278 1215 2318 tern-

164 2345 329 2416 peramentis
343 2355 465 2398 auctores
481 2349 569 2418 operis
584 2365 737 2418 agnoscere.
757 2347 872 2399 chssr.

203 2493 246 2545 25.
258 2493 309 2546 Hic
318 2494 364 2546 tibi
371 2513 429 2569 quse
436 2495 511 2550 docto
521 2497 635 2550 mullum
646 2498 756 2570 ui9iloto
765 2497 890 2568 Myroni,
901 2510 951 2548 etc.
959 2495 1071 2547 Porodia
1079 2507 1117 2546 est
1124 2513 1214 2547 versus

163 2571 255 2624 Cinnae
264 2585 363 2644 poete,
376 2596 387 2620 α
397 2577 457 2626 lieo
468 2575 515 2628 tibi
525 2579 626 2631 Arateis
636 2576 747 2628 multum
755 2575 860 2647 vigilata
871 2575 984 2627 lucernis
994 2573 1129 2638 carmina,
1139 2587 1188 2626 etc.
1200 2599 1211 2620 n

162 2649 271 2704 OEtstur
286 2670 300 2703 a
314 2651 461 2723 scaligero,
475 2653 572 2725 castig.
587 2659 615 2708 in
629 2655 725 2708 Catuli.
741 2674 768 2726 p.
786 2654 832 2720 14,
846 2653 894 2705 Ed.
906 2656 1035 2706 Patisson.

203 2807 247 2862 ²7.
266 2793 349 2845 Pitoeo
358 2791 463 2864 pollice.
475 2792 596 2846 Phidiam
608 2794 746 2867 intelligit,
760 2797 806 2866 qni
816 2797 909 2848 lovem
920 2795 1029 2846 Pisaeum
1040 2813 1087 2847 seu
1098 2794 1214 2868 Olympi-

161 2889 228 2925 cum
242 2871 313 2924 fecit.
332 2873 430 2926 Dourr.

199 3032 246 3086 ²9·
265 3015 420 3089 lineaque
435 3026 560 3080 murem,
578 3027 627 3070 etc.
649 3019 706 3070 Hoc
717 3027 800 3069 estex
810 3015 936 3078 historie;
951 3033 1014 3069 nam
1029 3014 1137 3087 Apelles
1152 3035 1213 3068 cunr

159 3096 315 3167 Protogene
329 3097 455 3164 certarit,
469 3096 555 3149 ductu
570 3095 648 3151 lineis
660 3095 837 3151 subtilissimis
849 3095 995 3164 intabuit,
1009 3113 1069 3167 quse
1081 3108 1173 3168 postea
1186 3097 1214 3149 in

157 3173 266 3246 palatio
281 3171 327 3227 diu
345 3175 396 3226 fuit
411 3193 508 3248 magna
524 3175 714 3242 admiratione,
731 3176 876 3248 presertim
893 3175 950 3228 nliis
968 3174 1124 3246 pictoribus.
1143 3176 1214 3229 Con·

158 3266 252 3305 sumta
263 3265 302 3305 est
313 3253 401 3324 priore
410 3253 535 3307 incendio
546 3253 642 3306 domus
652 3254 768 3308 Csesaris.
783 3253 906 3326 Denique
918 3253 1024 3324 Apelles
1034 3251 1134 3304 nnllam
1143 3252 1213 3305 diem

54 3399 60 3412 ·
158 3334 216 3406 egit
228 3345 284 3384 tam
296 3347 467 3404 occupatam,
478 3335 543 3404 quin
552 3334 648 3387 lheam
659 3333 769 3386 duceret
780 3347 862 3386 artem
876 3330 1038 3386 nascendo:
1049 3331 1213 3385 indonatum

158 3409 195 3464 ab
210 3432 246 3466 eo
260 3411 438 3484 proverbium.
458 3415 556 3468 nostr.

195 3555 242 3610 30.
261 3555 384 3627 Namque
395 3555 458 3622 boec,
469 3556 567 3628 quoties
576 3556 672 3628 chelyn
682 3557 764 3610 exasit
772 3555 827 3622 ille,
840 3555 945 3607 Desidia
955 3564 998 3608 est.
1009 3553 1149 3607 Gerartius
1161 3571 1214 3605 ms·

155 3633 216 3686 vult
227 3634 281 3706 legi
291 3645 317 3686 et
327 3633 450 3706 distingui
457 3674 467 3702 ,
482 3653 618 3707 «namque
630 3635 700 3701 hac,
714 3637 818 3708 quoties
830 3632 925 3706 chelyn
939 3635 1039 3698 exsuit,
1053 3631 1092 3684 illi
1105 3631 1212 3685 Desidia

155 3726 199 3767 est
205 3753 216 3782 ,
231 3711 278 3766 hic
288 3715 394 3780 Aoniis,
405 3728 454 3767 eto.
467 3740 478 3764 s
494 3733 608 3789 nomque
621 3716 675 3768 boec
687 3715 730 3768 illi
741 3715 836 3768 desidio
847 3725 896 3780 est,
913 3715 1011 3786 quoties
1024 3713 1121 3784 chelyn
1132 3713 1215 3764 exsuit

154 3810 207 3846 sen
219 3793 346 3866 deponit:
361 3810 456 3866 perum
469 3797 592 3857 interest;
604 3795 650 3848 sed
663 3809 752 3848 tamen
762 3797 946 3850 Gernrtiansm
956 3795 1097 3848 lectionem
1108 3792 1212 3862 elegan-

154 3873 258 3926 tiorem
270 3887 345 3944 puto.
361 3873 474 3927 Notabis
485 3893 548 3927 vcro
560 3892 653 3928 vocem
664 3873 771 3928 Desidia
783 3892 863 3928 sensu
874 3873 963 3942 bono,
977 3892 1026 3946 pro
1042 3892 1074 3925 eo
1087 3870 1160 3942 qnod
1174 3889 1211 3922 rr·

154 3952 251 4024 quiem
263 3950 327 4005 dicit
340 3955 478 4018 floreum,
493 3953 576 4028 Epist.
593 3956 604 4006 l
612 3992 622 4020 ,
639 3969 669 4023 7,
689 3955 749 4006 ιΔο
763 3955 814 4006 sibi
829 3953 894 4005 dum
908 3954 1028 4024 requiem
1036 3989 1045 4017 ,
1065 3948 1129 4002 dum
1143 3949 1210 4000 riam

154 4030 281 4102 undique
294 4033 403 4103 querite
416 4055 427 4079 ι
441 4046 468 4085 ct
479 4035 515 4086 ita
524 4031 699 4100 Claudianus,
711 4035 788 4104 lispt.
802 4037 874 4085 Paos.
887 4035 937 4097 111,
955 4031 1021 4092 2053
1039 4042 1065 4082 et
1080 4028 1125 4083 Sil.
1140 4027 1211 4080 ltali-
