2858 4492
235 329 1280 366 mmmmm-mmmmm

657 578 865 684 NOTAE

290 839 345 916 rn
372 833 594 914 elenau
621 833 841 914 rnrnun
866 835 1015 914 orani
1040 811 1228 913 ranan

631 1046 883 1118 SlLVARUM.

235 1495 1285 1597 Vens.9.Eeparvecrutosinploriuscroe.Paruoearc‚utoppootturhluaime

236 1605 274 1663 illi
285 1625 343 1680 quse
351 1602 459 1662 Herculi
469 1621 543 1656 sacra
553 1615 618 1658 erat.
632 1602 756 1671 Ovidius,
766 1605 867 1660 Fastor-
878 1607 904 1672 l,
914 1605 962 1660 581
974 1627 980 1658 ι
994 1605 1212 1678 «Constituisque
1221 1603 1285 1672 sibi,

236 1707 293 1760 quc
303 1689 418 1744 Maxime
426 1683 536 1752 dicitur,
547 1701 635 1743 arant:
647 1707 659 1734 ι
670 1683 718 1739 ubi
726 1684 786 1737 ride
795 1703 853 1756 que
862 1684 971 1758 collagit
979 1684 1012 1738 de
1021 1684 1073 1741 hec
1081 1704 1110 1744 re
1120 1685 1246 1744 floram
1256 1685 1283 1736 in

237 1769 308 1820 notis
317 1765 382 1819 edit.
393 1766 518 1816 Burman.
529 1761 668 1836 Virgilius,
677 1762 779 1815 AEncid.
789 1763 836 1816 lib.
846 1764 920 1833 Vlll,
928 1783 995 1818 vers.
1007 1781 1055 1834 ²7¹
1067 1787 1074 1816 :

422 1871 487 1916 Hanc
496 1883 559 1914 amm
567 1867 620 1915 lucc
629 1871 722 1926 statuit,
732 1885 784 1933 quse
794 1871 895 1917 Maxime
903 1857 996 1934 semper

422 1941 518 1986 Dicetur
527 1938 609 1995 nohis,
620 1952 644 1986 et
652 1941 697 1987 erit
705 1957 757 2004 qnae
767 1943 865 1988 maxima
874 1957 973 2005 temper.

236 2041 316 2113 Quod
326 2038 528 2105 hemistichion,
542 2050 567 2090 ct
579 2039 629 2090 crit
640 2057 699 2112 quoe
710 2041 828 2092 maxima
841 2059 952 2113 semper,
966 2042 1013 2113 qui
1026 2059 1083 2092 non
1092 2037 1163 2105 odit,
1176 2055 1285 2091 necem

237 2137 276 2177 est
288 2125 311 2174 is
320 2133 390 2174 amet
398 2118 558 2173 Ouidianum
568 2116 639 2172 istud
650 2120 767 2173 -Omnia
776 2134 875 2193 pontus
884 2135 956 2174 erat:
970 2121 1081 2174 deerant
1089 2139 1196 2192 quoquc
1206 2119 1285 2172 litora

236 2216 330 2276 ponto.
342 2225 353 2248 ι
367 2201 478 2250 Putasne
488 2197 624 2269 Virgilium
634 2201 669 2251 ita
680 2199 796 2253 scribere
807 2203 942 2272 potuisse?

275 2363 316 2399 ro.
334 2343 436 2419 Apresti
444 2341 553 2394 Alcidae.
569 2344 623 2411 Qui
633 2357 660 2397 et
670 2345 787 2398 Rusticus
796 2345 942 2399 dicebatur.
954 2344 1135 2418 hmpmdius,
1143 2340 1284 2398 Commod.

238 2447 261 2480 c.
273 2428 299 2478 X
313 2449 318 2476 :
339 2423 458 2476 «Habuit
472 2435 499 2475 et
512 2422 647 2478 hominem
662 2442 741 2494 quem
754 2425 835 2482 Onon
849 2424 1019 2498 appellabat,
1041 2424 1090 2477 sibi
1105 2424 1285 2484 carissimum

237 2503 495 2640 ‚effiassizlndm'
510 2515 536 2556 et
550 2503 699 2556 sacerdotio
712 2504 834 2557 Herculis
847 2507 949 2558 Rustici
962 2507 1116 2577 praeposuit.
1127 2527 1139 2550 s
1157 2502 1211 2557 Ubi
1227 2501 1286 2554 ride

277 2731 318 2784 15.
339 2730 464 2801 Quaenam
478 2729 559 2782 subito
567 2727 682 2800 fortuna
696 2730 805 2803 n'penm
816 2730 941 2784 Ductuvr't
953 2731 1079 2804 scopulos.
1093 2732 1146 2782 Diu
1160 2726 1286 2800 estquod

237 2813 308 2866 banc
317 2829 410 2863 vocem
420 2809 542 2862 Ιὶιωῑαυίε
551 2824 700 2881 suspectam
711 2810 807 2875 habui,
816 2825 927 2883 propter
937 2829 968 2863 ea
978 2831 1035 2885 quse
1044 2823 1120 2863 notat
1128 2809 1285 2877 Quintilian.

239 2895 323 2949 instit.
334 2893 409 2958 Vlll,
424 2890 456 2955 3,
467 2888 519 2958 44:
535 2888 742 2962 «sedquoniam
752 2893 815 2944 vitia
829 2893 903 2962 prius
916 2890 1095 2944 demonstrare
1109 2891 1227 2961 aggressi
1241 2907 1287 2941 sn-

239 2993 312 3041 mus,
331 2972 371 3024 vel
384 2970 437 3024 hoc
451 2971 543 3020 viuum
558 2971 607 3033 sit,
623 2968 696 3041 quod
710 2967 864 3036 Καίμφιντοι
878 2984 1006 3023 vocatur:
1022 2972 1076 3024 sive
1088 2967 1156 3020 mala
1169 2985 1287 3021 consue·

239 3054 331 3108 tudine
338 3055 365 3103 in
373 3051 527 3104 obscoenum
537 3048 702 3102 intellectum
712 3068 798 3102 sermo
808 3049 927 3104 detortus
935 3063 988 3120 est,
998 3063 1027 3102 ut
1034 3051 1137 3105 ductare
1145 3049 1288 3115 exereitus,

238 3147 265 3186 et
272 3144 377 3206 putrere
389 3129 502 3197 bellum,
517 3129 590 3201 apud
603 3128 756 3182 Sallustium
771 3128 843 3183 dicta
858 3144 948 3183 sancte
963 3144 989 3183 ct
1003 3133 1124 3203 antique,
1137 3125 1288 3182 ridentibus

117 3204 125 3220 ’
237 3215 260 3266 si
272 3210 430 3283 displacet.
441 3233 452 3256 n
466 3209 500 3259 Et
510 3209 645 3279 Sosipater
655 3208 805 3275 Charisius,
816 3209 862 3262 lib.
873 3210 921 3278 IV,
931 3231 958 3283 p.
971 3211 1021 3279 ala
1035 3235 1041 3263 r
1058 3209 1235 3276 exanimum
1246 3224 1286 3262 cst

238 3293 395 3364 compositio
407 3287 550 3342 verborum
562 3284 691 3340 obscoenae
703 3289 915 3362 significationis,
926 3305 972 3345 aut
983 3293 1060 3344 unius
1072 3289 1147 3344 verbi
1159 3289 1287 3343 obscoena

237 3371 436 3444 pronuntiatio;
449 3369 478 3422 fit
489 3383 515 3422 ct
528 3373 556 3422 in
572 3387 626 3422 uno
638 3367 737 3437 verbo,
753 3383 783 3421 ut
800 3369 873 3442 apud
889 3371 1040 3424 Sallustium
1056 3370 1178 3422 ductalm
1190 3371 1288 3422 amni·

238 3461 310 3517 urm,
324 3462 366 3514 et,
382 3449 478 3502 arrexit
490 3449 591 3500 animos
603 3447 724 3500 militnm.
738 3472 749 3495 ι
766 3449 899 3504 Nimirum
911 3451 1017 3504 ducmre
1031 3465 1069 3503 est
1083 3450 1193 3502 verbum
1208 3448 1289 3501 leno·

238 3533 312 3582 nium
327 3542 353 3581 et
369 3529 523 3580 obscoeuum
543 3527 619 3600 (ride
636 3526 669 3580 el.
690 3529 884 3597 hermannum,
904 3531 938 3583 nd
958 3532 1046 3584 locum
1065 3529 1240 3597 Quintiliani3
1260 3541 1287 3580 et

117 3617 123 3627 '
237 3611 386 3675 Muretum,
399 3609 460 3659 Var.
472 3611 544 3661 Lect.
554 3611 603 3676 vt,
615 3625 629 3679 7
638 3606 648 3678 )
657 3631 664 3670 ;
674 3620 700 3660 et
710 3609 737 3661 in
747 3609 880 3662 lasciviori
889 3629 969 3663 sensu
978 3630 1010 3663 eo
1020 3611 1061 3662 usi
1072 3623 1133 3662 sunt
1143 3609 1252 3661 Plautus
1262 3621 1288 3660 et

237 3692 394 3743 Terentius:
409 3684 556 3738 honestiori
566 3685 674 3738 demum
688 3687 840 3756 Sallustius,
851 3689 956 3742 Catilio.
972 3709 995 3742 c.
1008 3691 1057 3757 Xl,
1073 3703 1162 3741 tamen
1177 3701 1289 3760 propter

238 3769 435 3839 ambiguitatem
446 3768 519 3819 vocis
530 3764 632 3820 derisus
646 3780 671 3819 et
686 3767 754 3821 male
768 3781 909 3840 acceptns;
926 3783 987 3842 post
1002 3769 1089 3836 hunc,
1106 3769 1217 3842 opinor,
1233 3767 1288 3821 boc

238 3849 346 3904 verbum
358 3868 373 3899 a
384 3848 473 3918 lingua
488 3850 581 3900 Latina
596 3846 737 3910 exsulavit;
749 3868 836 3922 neque
849 3849 926 3915 alibi,
940 3849 1034 3917 eredo,
1050 3851 1180 3921 reperies,
1194 3851 1245 3903 nisi
1261 3853 1291 3902 in

239 3933 318 3984 unico
330 3927 382 3980 hoc
394 3928 468 3980 Statii
478 3926 539 3979 loco
550 3950 557 3981 r
572 3927 634 3979 bine
645 3947 753 4001 quoque
764 3927 923 4001 ejiciendum
936 3953 941 3981 :
955 3949 1016 3983 narn
1027 3931 1128 4002 optima
1138 3932 1292 3984 Parmensis

239 4012 320 4065 editio
330 4009 400 4062 clere
409 4007 490 4060 habet
502 4030 514 4052 ι
524 4027 643 4082 quasnam
658 4011 745 4062 subito
760 4011 868 4064 fortuna
882 4011 995 4081 rigentes
1010 4011 1103 4062 Divisit
1118 4011 1263 4082 scopulos:
1279 4039 1291 4062 ι
