2804 4490
122 271 125 274 ’
155 299 216 375 124
326 293 461 358 norm
486 292 535 356 ιιι
559 293 758 356 carues
783 293 1012 358 ΤΕιιιιιιιι

148 430 175 469 et
188 418 260 490 epod
278 431 381 470 ceteros
397 419 538 488 scriptores
551 417 663 470 Graecos.
682 418 709 470 Si
723 418 827 489 plenam
845 414 944 483 arquis
959 437 1045 490 pones
1059 432 1121 493 post
1134 423 1195 490 ria,

146 497 247 569 relique
259 500 334 549 nimis
347 495 459 567 abrupte
470 509 546 548 erunt
557 509 583 548 et
596 514 649 546 non
662 495 834 548 coherentia:
850 497 957 564 melius,
973 499 1069 566 credo,
1080 514 1142 571 post
1151 521 1192 555 as·

147 576 205 628 tris.-
218 578 291 628 etita
303 575 346 628 edi
358 577 453 628 curavi.
467 576 517 626 Pro
530 575 655 626 Pliadum
667 577 694 626 in
706 577 837 628 Parmensi
849 578 955 630 invenio
967 577 1110 649 placidum.

183 727 570 780 interannuntiantem
584 729 658 802 nipm
674 727 790 803 rubipine
803 729 891 781 turbes.
907 727 1073 781 Borbomius
1080 715 1188 800 ,Epist

145 805 179 858 ad
193 807 308 860 Gronov.
321 806 399 879 legit,
416 827 515 879 nigrae
528 807 649 878 rubigine
664 807 782 874 turbae,-
772 827 865 862 voce
878 807 983 862 tollas
968 805 1189 862 erlmsrodintel·

144 886 225 954 lecta,
239 903 269 940 ιιι
283 887 330 952 sit,
350 890 424 940 «sive
439 887 515 940 tolles
529 887 623 961 chelyn
641 885 675 938 ad
689 887 770 940 heroa
789 888 903 955 robora,
922 888 1066 968 sivetollas
1081 890 1187 942 satiram

143 967 265 1020 liventem
279 967 434 1040 rubigine'
409 987 488 1039 nigre
498 967 610 1019 turbe.-
625 967 708 1031 Male3
720 968 782 1020 licet
793 971 863 1020 enim
872 981 943 1022 recte
956 983 982 1022 et
993 970 1102 1042 proprie
1114 967 1188 1021 dicas

146 1046 260 1100 «tollere
273 1047 366 1119 chelyn
381 1047 415 1099 ad
429 1047 511 1099 heros
527 1047 659 1113 robora,·
648 1066 771 1119 »poema
787 1051 907 1118 epicum,
919 1047 1020 1121 grande
1033 1063 1059 1101 et
1075 1047 1187 1102 sublime

145 1141 227 1196 opus:
241 1144 296 1178 non
308 1139 395 1178 tamen
407 1127 442 1178 ad
450 1126 555 1178 satiram
570 1125 661 1179 tollere
672 1125 767 1198 chelyn
781 1127 872 1179 eadem
885 1131 1046 1200 proprietate
1057 1141 1133 1200 potes
1146 1126 1187 1180 tli-

144 1222 211 1256 cere.
224 1204 362 1258 Gerartins
379 1203 492 1258 affirmat
506 1220 579 1258 certo
595 1208 690 1258 certius
706 1204 846 1276 legendum
864 1225 921 1260 esse
935 1219 1034 1280 turpes:
1048 1224 1098 1276 ego
1112 1220 1187 1258 certo

142 1285 240 1336 certius
250 1288 304 1336 scio
313 1303 367 1338 non
377 1287 415 1337 ite
425 1304 481 1338 esse
491 1285 638 1356 legendum.
651 1286 768 1357 Turpare
776 1288 846 1338 enim
858 1288 962 1339 satiram
973 1300 1011 1339 est
1022 1285 1187 1353 dedecorare,

142 1363 210 1414 utin
221 1365 271 1416 isto
283 1364 344 1417 loco
356 1363 485 1418 Thebaid.
500 1365 546 1417 lib.
559 1367 597 1432 X,
609 1385 668 1440 cap.
682 1365 748 1435 437,
760 1365 807 1418 ubi
818 1364 858 1418 bre
870 1385 948 1420 voces
958 1367 1057 1438 pariter
1067 1365 1184 1417 confuse

144 1457 233 1510 mm’
483 1521 631 1565 Summnmne
641 1517 687 1564 boc
696 1515 813 1573 cladibus,
825 1519 912 1582 iniusti

327 1593 424 1647 Deerat,
434 1601 461 1635 ιιι
469 1589 566 1637 sillictos
575 1601 693 1652 turparem
704 1605 749 1652 ego
757 1589 865 1652 proditor
873 1592 963 1652 Arpos?

141 1689 181 1740 lta
192 1706 224 1740 ex
235 1688 306 1742 Mss.
323 1702 394 1742 recte
410 1687 532 1742 emendat
542 1688 687 1741 Gerartius.
700 1683 773 1756 Quid
783 1689 861 1740 vero?
876 1706 909 1739 an
923 1685 1061 1759 probabile
1076 1697 1114 1737 est
1125 1683 1184 1738 su·

141 1768 220 1832 tium,
236 1768 299 1820 dum
314 1771 426 1820 amicum
439 1787 514 1821 suum
529 1781 556 1820 et
572 1781 715 1838 patronum
730 1767 861 1819 Manlium
871 1763 966 1819 laudat
978 1765 1013 1817 ob
1029 1764 1185 1816 multifarias

140 1848 168 1898 in
183 1847 322 1900 scribendo
335 1847 425 1915 dotes,
434 1868 467 1900 ec
480 1847 622 1899 insolentie
634 1865 821 1918 processurum
837 1865 909 1912 esse,
920 1860 948 1898 ιιι
961 1844 1055 1897 eodem
1067 1857 1185 1913 ternpore

140 1922 214 1976 illum
227 1928 335 1978 satiram
347 1938 450 1999 turpare
461 1939 487 1978 et
498 1926 604 1978 dedecus
615 1943 665 1978 esse
676 1927 761 1978 satire
773 1925 893 1978 diceret?
907 1938 977 1977 certe
989 1923 1137 1996 politissimi
1149 1924 1185 1972 in·

139 2005 210 2074 genii
218 2006 257 2056 vir
263 2005 401 2059 Gersrtius
411 2024 546 2077 nunquam
553 2005 606 2057 tale
615 2006 755 2076 quicquam
765 2003 914 2058 admisisset
922 2006 949 2055 in
956 2018 1099 2074 patronum
1108 2017 1183 2055 suum

140 2083 293 2136 Auberium.
307 2085 346 2138 Ne
359 2099 445 2138 tamen
459 2086 554 2137 frustra
566 2085 594 2136 in
606 2084 731 2138 hocloco
744 2099 844 2157 qureret
855 2083 949 2136 hanam
960 2101 1056 2140 vocum
1067 2098 1185 2134 commu·

139 2166 281 2228 tationem,
293 2164 363 2216 dabo
374 2164 412 2216 illi
423 2163 525 2216 illustre
535 2163 682 2236 exemplum
692 2183 723 2215 ex
735 2162 814 2235 Apul.
825 2163 888 2215 Met.
902 2165 927 2225 1,
939 2181 965 2233 p.
981 2160 1026 2227 td,
1039 2160 1080 2212 ed.
1092 2162 1182 2211 Priore:

142 2266 153 2288 ι
164 2239 207 2294 Sic
218 2241 334 2314 denique
345 2263 404 2296 eum
414 2243 497 2296 vitalis
507 2243 583 2295 color
595 2242 761 2308 turbaverat,
772 2256 801 2294 ιιι
812 2240 875 2294 mibi
887 2260 938 2312 pne
948 2253 1033 2306 metu,
1046 2253 1097 2292 etc.
1108 2262 1120 2286 τ
1132 2237 1185 2292 Ubi

139 2323 265 2373 Priceus:
283 2320 342 2374 «De
357 2341 421 2374 voce
436 2323 581 2374 turbaverat
594 2321 777 2394 querendum
792 2339 840 2392 ego
855 2319 898 2372 hic
913 2339 955 2372 me
970 2339 1024 2372 non
1038 2318 1181 2389 expedio.»

139 2401 197 2453 Nec
209 2401 317 2452 mirum:
330 2419 385 2452 non
398 2403 468 2453 enirn
482 2403 509 2453 in
524 2401 580 2454 solo
592 2419 658 2453 voce
671 2403 817 2452 turbaverat
829 2400 905 2452 latuit
916 2398 996 2471 hujus
1008 2397 1059 2450 loci
1071 2395 1184 2448 difficul-

139 2494 188 2532 tas.
201 2481 296 2532 Omnia
307 2478 356 2533 tibi
368 2481 487 2552 expedita
501 2480 636 2552 spondeo,
648 2481 728 2533 modo
741 2480 825 2551 legas,
841 2504 852 2526 ι
864 2481 905 2534 Sic
917 2477 1031 2550 denique
1043 2495 1102 2530 eum
1117 2476 1182 2528 lete·

139 2557 171 2610 lis
182 2556 256 2610 color
265 2571 430 2630 turpaverat,
440 2575 470 2613 ut
479 2560 542 2614 mihi
549 2581 602 2634 pre
612 2574 698 2627 metu,
709 2572 779 2612 etc·
791 2557 876 2612 letalis
884 2558 957 2612 color
964 2572 1004 2612 est
1014 2577 1091 2630 quem
1100 2553 1182 2628 paulo

140 2650 199 2689 ante
207 2637 422 2691 dixeratbuxcum
432 2639 574 2712 pallorem:
585 2642 674 2694 mortis
683 2639 809 2706 colorem,
821 2638 866 2693 sit.
879 2640 961 2692 ltalic.
971 2639 1017 2691 lib.
1025 2640 1074 2704 vt,
1083 2657 1107 2688 r.
1116 2637 1184 2705 4093

138 2717 258 2791 Stygiam
270 2717 396 2786 colorem,
410 2721 472 2785 llll,
488 2721 552 2789 ι44ς
566 2723 644 2774 morti
654 2719 746 2774 similis
758 2716 838 2784 color,
852 2719 924 2794 apud
936 2721 1063 2774 Senecam
1074 2714 1181 2788 Hippol-

140 2815 209 2852 vers.
221 2799 286 2860 586;
298 2801 392 2852 iterum
404 2798 450 2852 Sil.
462 2801 519 2853 ltal.
531 2801 576 2853 lib.
586 2803 647 2867 Vll,
659 2819 727 2852 vers.
738 2800 786 2853 631
798 2821 803 2850 ι

324 2903 432 2953 Volvitur
441 2910 550 2956 exanimis
556 2920 696 2970 ‚turpatque
706 2907 792 2954 decors
798 2907 894 2968 juventa

325 2979 371 3026 Ora
382 2994 455 3026 novus
465 2978 547 3042 pallor.

139 3071 206 3123 Vide
219 3085 245 3123 et
255 3075 352 3126 Lucan.
364 3077 423 3138 Vll,
439 3093 495 3146 ¹²9·
509 3079 594 3147 Hujus
606 3079 759 3149 oppositum
772 3089 812 3128 cst
825 3077 897 3126 vivus
907 3072 987 3138 color,
1000 3069 1136 3124 Claudiae.
1149 3065 1183 3117 de

140 3149 203 3201 Bell.
214 3151 299 3203 Get«
288 3172 435 3226 vivusque
445 3157 513 3208 redit
524 3156 598 3208 color
609 3155 719 3208 urbibus
729 3174 834 3226 agris
823 3151 899 3204 Sed
910 3151 962 3204 hoc
973 3151 1072 3202 obiter
1086 3147 1184 3214 majore

141 3232 210 3280 enim
221 3231 354 3284 molimine
365 3253 413 3286 nos
423 3249 500 3288 vocat
510 3235 820 3305 Gronovius,quiD1atr
831 3252 890 3304 cap.
904 3249 931 3284 ιι
946 3244 972 3282 et
983 3229 1029 3294 50
1039 3245 1110 3278 more
1120 3241 1184 3286 suo

140 3307 192 3359 hoc
205 3321 243 3360 est
256 3309 369 3376 erudite,
382 3311 500 3366 defendit
512 3328 537 3365 et
550 3313 665 3385 explicat
675 3313 745 3365 istud
758 3314 855 3379 turbes,
868 3328 963 3381 nempe
975 3327 1006 3359 ex
1021 3307 1128 3357 notione
1139 3319 1184 3353 vo·

141 3390 273 3440 cismtiroe
278 3409 356 3485 ,quse
368 3391 432 3444 nibil
444 3391 514 3444 aliud
527 3406 566 3444 est
573 3394 693 3463 ‚inquit,
707 3410 786 3462 quam
800 3394 926 3463 scriptum
937 3383 1184 3460 proarbitriovsria

140 3466 332 3540 complectens:
345 3472 381 3522 ita
394 3469 436 3521 lex
444 3471 521 3523 satira
533 3471 574 3521 vel
585 3483 671 3522 samm
677 3488 757 3541 ,que
770 3488 823 3522 una
835 3471 973 3541 rogatione
985 3464 1066 3524 multa
1079 3476 1105 3513 et
1114 3459 1185 3512 raris

140 3546 431 3619 comprehendebat‚'
408 3570 471 3614 ιιμιε
481 3548 559 3602 πολλὰ
568 3570 619 3616 mp
621 3549 704 3618 ίίχιιι,
717 3565 746 3602 ut
758 3564 797 3603 est
807 3553 835 3602 in
847 3547 949 3622 glossis.
965 3549 1001 3598 lta
1012 3561 1062 3617 per
1070 3553 1183 3595 saturam

100 3626 197 3702 βᾶτ’
210 3629 305 3680 dicitur
323 3631 378 3681 lere
393 3630 519 3701 quicquid
533 3633 709 3698 confusores,
723 3630 871 3682 inordinate
876 3625 1038 3698 ,multiplici
1054 3641 1141 3676 rerum
1157 3632 1184 3673 et

140 3725 249 3780 operum
262 3709 373 3761 mixtura
386 3709 533 3762 conficitur.
548 3712 630 3764 Satira
645 3729 750 3766 carmen
763 3711 826 3762 olim
840 3669 904 3761 rude
919 3722 945 3759 et
957 3706 1143 3767 bisti-ionium,
1155 3702 1183 3752 in

141 3807 194 3860 quo
207 3785 288 3840 multa
300 3791 424 3862 variaque
438 3793 504 3843 risus
516 3791 646 3842 excitandi
657 3792 740 3861 gratia
753 3789 947 3844 miscebantur.
963 3787 1006 3838 cui
1021 3787 1121 3857 primus
1131 3780 1184 3832 Lu·

142 3868 217 3921 cilius
229 3868 334 3922 dentem
346 3869 446 3922 addidit
458 3884 484 3922 et
495 3870 628 3922 licentiam
639 3873 732 3924 veteris
744 3869 887 3922 comoedie.
897 3868 977 3918 Duo'
971 3867 1051 3935 igitur
1060 3875 1121 3916 sunt
1133 3861 1186 3932 qui·

143 3947 194 3999 bus
209 3963 311 4003 constat
326 3954 403 4003 satira
415 3951 565 4017 Luciliana,
580 3951 645 4004 ordo
658 3950 779 4003 turbatus
791 3963 817 4002 et
831 3949 1022 4010 confusaneas,
1036 3957 1062 3996 et
1074 3945 1185 3995 insecte-
