2844 4484
418 339 550 402 LIBRI
574 336 748 420 QUINTI
772 339 1024 405 SILVARUM.
1177 341 1240 410 553

227 468 357 521 omitiauae
372 463 444 534 agit:
461 463 518 534 ipse
535 458 661 531 explicat,
676 457 817 533 puerilibus
833 460 951 514 intueris.
968 463 1010 514 Dii
1024 462 1103 516 bonil
1121 483 1155 517 au
1165 485 1243 519 raro-

202 547 286 600 asmile
302 557 342 597 est
356 543 545 614 Imperatorem
559 559 639 612 poem
654 543 843 612 permissurum
860 559 918 594 esse
939 545 1078 614 «viresque
1096 545 1243 618 modosque

201 627 306 700 lmperii
317 638 432 676 tractare
444 641 559 689 manu,»
575 635 601 674 et
613 622 687 674 obire
700 624 789 675 omnia
802 641 898 693 magna
911 624 998 676 officia
1011 643 1067 694 quae
1080 643 1141 678 moa
1152 647 1244 680 recen·

201 719 241 759 set
252 705 368 758 Statius?
380 702 453 756 Nihil
464 704 547 772 magis
559 700 659 773 puerile
671 700 725 754 dici
737 706 832 773 potuit.
845 703 942 755 Nescio
954 705 982 758 in
995 721 1047 775 qua
1059 701 1176 756 editione
1188 707 1243 776 pri-

201 803 273 836 mum
285 783 462 854 comparuerit
472 781 595 834 mbnctiv
609 799 658 851 ego
669 782 697 832 iu
708 780 821 845 Aldine,
834 781 916 848 1502,
928 783 963 833 ita
975 783 1080 834 invenio
1090 803 1097 845 ;
1109 781 1156 834 sed
1165 783 1244 836 seria·

202 866 296 916 simum
309 875 365 928 est,
379 860 557 933 undecunque
568 861 678 912 venerit.
689 859 827 912 Translata
839 877 891 912 vox
902 873 942 912 est
954 881 968 914 e
979 878 1009 912 re
1022 861 1136 923 rusticas
1149 863 1176 912 in
1191 879 1244 934 qna

202 955 267 996 term
276 961 322 996 seu
332 941 415 996 soltun
421 979 430 1006 ,
443 941 539 994 dicitnr
548 939 645 1013 sobiqi,
658 958 740 1010 quum
751 953 840 992 aratro
850 940 979 1010 frangitur
987 953 1013 992 et
1020 939 1113 992 usibus
1124 939 1243 1008 agricole

202 1020 297 1075 habilis
313 1020 449 1074 redditur:
466 1023 571 1076 domare
587 1018 705 1072 tellurem
721 1034 799 1073 vocat
809 1019 950 1090 Virgilium
966 1018 1025 1072 vide
1033 1021 1194 1084 Varronem,
1209 1018 1243 1071 dc

174 1091 178 1096 ¹
202 1101 240 1154 lle
253 1102 328 1154 liust.
343 1103 370 1168 l,
386 1117 432 1168 20,
447 1115 473 1154 et
487 1098 617 1171 ejusmodi
631 1101 770 1170 scriptores
783 1102 890 1171 passim.
905 1101 972 1150 Hinc
986 1097 1020 1152 ad
1032 1097 1096 1151 alias
1108 1116 1149 1150 res
1159 1111 1245 1152 trans·
1315 1125 1317 1130 ·

202 1180 300 1245 fartor,
316 1199 373 1252 qnae
389 1181 450 1233 usui
467 1194 493 1235 st
503 1180 643 1252 proposito
655 1191 747 1232 nostro
760 1193 826 1250 apte
840 1178 993 1232 redduntur.
1004 1179 1146 1243 Horatius,
1161 1196 1243 1230 carm.

201 1261 241 1328 ll,
253 1259 283 1327 ⁵,
297 1277 320 1326 t,
335 1260 481 1313 «Nondum
490 1262 593 1314 subacto
603 1261 670 1313 ferre
677 1263 771 1332 jugum
781 1259 851 1312 valet
859 1262 980 1327 Cervice,
990 1283 1001 1308 ι
1013 1259 1243 1333 scilicetjnoencaf
1323 1281 1327 1287 ·

155 1353 157 1358 '
201 1340 397 1408 Quintilianus,
410 1340 556 1394 Declamat.
568 1343 618 1406 lll,
630 1341 660 1406 3,
676 1343 773 1393 :Pater
785 1340 862 1408 huic,
877 1341 991 1392 emeritis
1005 1337 1076 1391 bello
1091 1337 1244 1409 stipendiis,

202 1434 258 1472 tum
274 1440 355 1494 Qum
371 1434 426 1474 tota
443 1420 583 1473 subnixum
595 1419 718 1474 Numidia
733 1421 859 1491 fregimus
871 1419 1045 1489 iugurthino,
1062 1429 1243 1472 exauctoratae

201 1499 271 1554 bello
284 1518 376 1554 manus
386 1503 482 1572 agresti
491 1500 585 1554 labora
597 1501 703 1572 subepit.
716 1524 728 1549 ι
746 1504 782 1553 Ut
793 1501 873 1572 igitur
883 1502 968 1554 ceruix
980 1513 1006 1552 et
1018 1518 1110 1552 monus
1120 1499 1242 1564 sudatio,

200 1581 237 1632 ita
250 1580 351 1634 inmari
360 1580 462 1633 abacti.

236 1743 280 1811 89.
295 1741 441 1795 Binominis
451 1743 512 1795 Istn'
519 1766 527 1795 .·
539 1741 603 1795 hinc
614 1745 708 1796 sumsit
719 1743 867 1810 Ausonius,
879 1740 982 1794 Mosell.
996 1759 1032 1793 rs.
1046 1739 1110 1804 106,
1125 1739 1244 1808 tsmgna

200 1820 344 1874 binominis
354 1822 421 1874 lstri.
431 1845 443 1870 ι
455 1822 496 1874 Iri
507 1822 659 1888 binominis,
671 1820 749 1875 Ovid.
761 1819 850 1888 ibide,
861 1839 899 1872 vs.
912 1822 974 1891 4¹9·

235 1963 281 2033 93.
298 1961 433 2034 Nullaque
438 1962 544 2035 famosa
558 1965 676 2038 sipontin
685 1963 776 2016 lancea
786 1964 878 2034 pinna.
891 1965 929 2016 lta
940 1961 1014 2015 hunc
1028 1959 1118 2014 locum
1131 1959 1244 2011 restitnit

199 2040 356 2107 Salmasius,
367 2054 480 2094 testante
489 2043 641 2108 Gronovio,
652 2043 736 2094 Diatr.
745 2059 805 2114 cap.
819 2040 862 2112 47.
873 2041 939 2094 Vide
948 2044 1049 2113 ipsum,
1061 2049 1116 2092 not.
1130 2037 1164 2092 ad
1175 2039 1242 2091 llist.

199 2121 269 2193 Aug.
282 2121 375 2192 Script.
390 2121 442 2174 vol.
462 2122 489 2190 l,
508 2139 569 2193 pag.
589 2123 664 2175 1023.
678 2123 764 2176 Antea
782 2122 929 2193 legebatur,
943 2121 1078 2193 multoque
1091 2119 1198 2192 fumosa
1217 2130 1244 2170 ot

198 2219 294 2272 penna.
305 2201 356 2254 Res
365 2200 429 2254 laetae
439 2201 656 2272 significabantur
665 2201 772 2256 Senatui
782 2221 837 2254 non
847 2201 931 2255 solum
941 2221 991 2275 par
999 2200 1099 2267 literas,
1108 2197 1156 2252 sed
1165 2199 1243 2250 etiarn

200 2298 249 2351 per
259 2279 347 2334 hastas
360 2279 434 2334 horo
448 2282 570 2344 vestitam
583 2301 624 2337 res
636 2282 750 2336 adversm
763 2301 812 2354 par
822 2284 919 2354 pinnas
929 2283 958 2334 in
971 2299 1075 2334 summo
1090 2279 1242 2332 lancearum

198 2355 271 2413 Saus.
283 2361 322 2414 De
335 2359 455 2414 inunctis
467 2360 551 2415 hastis
563 2360 679 2414 Martini.
692 2362 782 2434 Eplffr·
794 2363 856 2430 Vll,
867 2363 900 2432 6,
912 2361 942 2414 5:

383 2465 479 2512 Publica
487 2468 593 2514 victrices
601 2479 716 2514 testantur
725 2467 807 2531 gaudia
817 2469 902 2516 chorte
911 2485 916 2514 :

413 2537 498 2582 Martia
507 2536 621 2599 laurigera
632 2537 728 2601 cuspide
738 2537 783 2600 pila
795 2539 885 2585 virent:

198 2629 264 2680 l'lin.
279 2631 346 2682 Hist.
361 2631 422 2682 Nat.
441 2632 499 2696 XV,
514 2633 564 2698 30,
584 2633 617 2685 de
634 2634 729 2686 lauro:
748 2637 892 2686 sRomanis
906 2637 1037 2706 praecipue
1053 2632 1145 2683 letitie
1158 2632 1242 2681 victo-

198 2709 349 2779 riarumque
365 2711 458 2760 nuntia
477 2708 584 2778 additur
601 2711 683 2763 litoris
702 2725 729 2763 et
746 2711 860 2763 militum
881 2711 981 2765 lanceis
998 2710 1151 2782 pilisque3·
1172 2707 1242 2760 unde
1263 2719 1267 2728 “

198 2785 314 2852 Seneca,
326 2788 480 2858 Agamemn.
493 2808 516 2840 v.
531 2789 597 2841 388:

382 2894 429 2940 Sed
439 2909 493 2942 acce
501 2907 566 2942 vasto
576 2897 680 2940 concitos
689 2896 754 2942 miles
763 2896 836 2958 prado

382 2965 504 3012 Manifesta
515 2978 625 3028 properat
634 2968 697 3028 signa
707 2965 790 3012 laetitioe
800 2967 893 3024 ferens;

288 3069 296 3078 .
384 3037 489 3099 Namque
498 3036 562 3082 hasta
572 3052 663 3084 sirmmo
672 3037 774 3084 lauream
783 3037 846 3085 ierro
856 3038 929 3100 gerim

197 3137 244 3190 ubi
259 3137 362 3190 Chorus
375 3136 533 3210 Arpinorum
547 3138 667 3210 loquitor
683 3140 758 3210 quasi
774 3141 800 3191 in
818 3139 905 3192 media
919 3142 1004 3194 lloms
1016 3151 1177 3201 versaretur;
1194 3137 1242 3190 sed

196 3219 322 3289 frequem
334 3217 385 3270 hoo
397 3217 510 3270 Seneca.
522 3218 560 3269 Ex
570 3217 611 3271 his
620 3218 688 3271 locis
698 3219 770 3271 vides
779 3239 855 3272 versu
864 3219 1022 3290 precedenti
1032 3217 1172 3289 legendum
1184 3236 1241 3270 essa

198 3297 400 3369 transfretans,
420 3316 475 3350 non
496 3298 608 3364 taem,
623 3317 684 3352 cum
698 3302 782 3351 Porm.
799 3313 825 3352 et
842 3302 969 3353 Romana.
990 3300 1035 3352 11ae
1049 3317 1127 3352 voces
1143 3300 1241 3370 pariter

197 3377 427 3452 commutabantur
437 3379 521 3432 Soter.
539 3378 631 3430 Gallio.
646 3397 712 3430 vers.
731 3379 774 3432 88.
790 3381 830 3432 De
842 3381 941 3451 pinna,
956 3393 1031 3431 vetus
1049 3382 1177 3451 interpres
1192 3380 1240 3430 Ju-

197 3455 296 3508 venalis
316 3457 349 3508 ad
367 3456 442 3510 Satir.
459 3458 505 3521 IV,
519 3476 585 3510 vers.
609 3459 675 3528 149:
694 3458 816 3526 «Antea,
834 3461 936 3532 inquit,
955 3462 978 3514 si
997 3449 1061 3530 quid
1078 3458 1241 3510 nunciabant

197 3532 320 3586 consules
334 3535 361 3584 in
373 3535 483 3602 urbem,
501 3555 549 3607 per
564 3536 689 3608 epistolas
703 3539 886 3592 nunciabant:
906 3542 928 3592 ai
944 3541 1059 3592 victoriae
1075 3537 1240 3591 nunciaban-

196 3623 249 3678 tur,
263 3611 353 3664 laurus
364 3614 391 3664 in
408 3614 519 3683 epistola
537 3615 678 3687 figebatur3
697 3619 718 3668 si
735 3632 822 3670 autem
839 3617 940 3689 aliquid
953 3619 1070 3685 adversi,
1082 3621 1163 3690 pinna
1178 3615 1241 3688 lige·

195 3687 303 3743 batum
318 3691 384 3743 Vide
398 3691 573 3759 Gronovium,
587 3694 648 3748 loco
663 3697 750 3747 citato.
764 3695 850 3750 Valde
866 3711 955 3750 tamen
971 3697 1065 3750 dubito
1076 3697 1109 3750 de
1121 3696 1239 3767 famem

197 3782 223 3820 et
238 3766 317 3820 credo
334 3769 443 3822 Statium
456 3773 590 3844 scripsisse
602 3774 727 3828 damnosa
736 3776 820 3848 pinna
827 3816 836 3843 ‚
852 3791 945 3849 utpote
958 3797 1015 3850 quse
1028 3777 1119 3830 domni
1130 3775 1239 3843 alicujus

195 3848 323 3899 nuncium
341 3849 472 3902 attulerit:
487 3854 632 3923 signantius
647 3852 699 3906 hoc
715 3873 793 3924 quam
803 3857 930 3928 famosa,
945 3877 1002 3930 quse
1017 3856 1144 3927 ambiguae
1157 3854 1240 3922 signi·

195 3925 325 3979 liestiouis
341 3947 392 3979 vox
406 3942 454 3982 est.
471 3933 506 3982 lta
522 3931 648 3985 damnosa
662 3933 726 4000 dies,
740 3936 863 4004 lloratio,
875 3949 902 3989 et
919 3939 1044 3991 damnoso
1062 3935 1160 4001 Venus,
1182 3953 1239 4004 quse
1293 3943 1297 3952 '

195 4005 320 4058 damnum
333 4008 392 4060 fert.
411 4010 568 4080 Suetonius,
586 4011 709 4080 Tiberio,
728 4032 785 4084 cap.
807 4017 855 4082 52,
874 4016 1054 4071 sGermanico
1071 4012 1238 4084 usqueadeo
