2784 4484
410 343 541 409 LIBRI
565 345 705 409 PRlMl
730 343 979 413 stLvtttUM.
1170 373 1210 439 ²7
1277 373 1279 376 ·

353 471 383 516 tu
390 471 458 533 queis
466 485 491 517 se
499 470 555 516 totis
564 469 661 516 Temese
671 469 735 522 dedit
742 468 824 518 11111111
833 470 935 519 metallis.

351 541 373 588 lt
381 553 449 603 terp
457 541 555 588 demlsu
564 539 674 606 chlamys.

169 629 203 680 Et
213 627 250 678 ita
260 623 316 676 iere
326 621 416 674 inveni
427 633 521 692 postes
533 622 562 672 in
572 619 636 672 edit.
649 619 758 688 Aldina,
772 622 824 674 nisi
839 621 911 694 quod
921 621 1052 692 volgatam
1064 623 1212 678 distinctio-

168 725 232 758 nem
240 705 358 756 retincat
371 703 450 753 Mitto
461 699 544 772 quod,
555 703 577 752 si
586 703 757 772 interpungere
769 713 831 771 post
841 699 870 753 ro*
882 719 962 770 curos,
973 703 1057 756 multo
1068 705 1161 758 melius
1172 705 1212 757 le-

169 784 285 856 gendnm
293 784 364 834 foret
375 791 405 832 at
415 779 459 832 eui
466 798 492 832 se
502 780 572 846 totis,
585 798 639 832 non
652 791 684 833 et.
696 779 798 832 Habeat
808 783 896 853 itaque
906 784 1047 836 Domitiani
1056 798 1148 856 pectus
1159 805 1212 840 rae·

169 863 232 916 talla
241 864 427 916 sua'l'emesaea
433 882 442 924 ;
452 872 478 911 et
488 859 652 931 elegantiam,
662 861 716 912 sive
725 863 816 928 mavis,
824 860 1004 914 adulationem
1012 881 1095 932 suam,
1105 863 1209 918 Statius.

206 999 250 1065 46.
263 997 298 1050 Ar
305 997 420 1068 sonipes,
431 995 569 1048 nannet.
579 996 713 1068 equesffis,
723 994 813 1048 Acrius
821 994 923 1049 attollit
931 997 1024 1050 11111111.
1036 999 1097 1049 Non
1106 1000 1211 1069 penitus

83 1137 88 1153 .
171 1077 268 1130 damno
277 1075 345 1128 bane
355 1073 508 1135 lectionem
515 1073 620 1126 mallem
630 1087 717 1128 tamen
728 1078 876 1147 scripsisse,
883 1079 1036 1150 animosque
1044 1077 1157 1130 imitatur
1164 1079 1213 1128 ιη’-

172 1155 223 1222 les,
234 1156 261 1208 ld
271 1169 325 1221 cst,
340 1153 446 1216 herilem
460 1155 563 1205 aninuu
573 1153 632 1206 beri
645 1156 699 1221 rui,
715 1157 866 1208 Domitiani.
881 1155 968 1210 Valer.
982 1156 1069 1210 Flacc.
1084 1160 1132 1226 Vt,
1143 1157 1209 1225 413:

355 1251 415 1298 llinc
422 1250 526 1313 bijuges,
535 1247 670 1297 illineretur
679 1252 807 1299 tenduntur
815 1252 908 1301 beriles.

170 1317 204 1368 El
216 1315 283 1385 ⁷⁰6²
495 1384 649 1432 ...euhion
659 1400 686 1430 er
695 1401 736 1432 ore
745 1401 840 1434 cruores

353 1456 434 1502 Saucia
444 1457 507 1516 tigris
516 1455 574 1516 agit,
585 1455 701 1518 vitamque
711 1453 812 1502 effundit
821 1456 926 1506 herilem.

170 1546 274 1610 Noetu,
291 1542 432 1596 schiltero.
449 1545 475 1608 l,
494 1543 546 1610 246
561 1563 567 1594 ι
588 1565 667 1596 1....
675 1547 742 1615 jugo
757 1543 820 1598 lessi
837 1544 973 1618 delphines
989 1545 1097 1598 herili.»
1118 1545 1209 1615 virgil.

172 1624 270 1677 haid.
283 1621 330 1676 lib.
339 1625 412 1690 vill,
423 1641 491 1677 vers.
502 1623 566 1691 461:

352 1723 401 1767 Nec
410 1737 459 1768 non
468 1733 492 1768 et
500 1722 586 1782 gemini
594 1721 704 1770 custodes
712 1721 791 1768 limine
800 1721 830 1768 ab
838 1733 890 1769 erto

350 1793 494 1851 Procedant,
505 1807 655 1858 gressumque
666 1809 735 1840 canet
745 1795 884 1840 comitantur
892 1791 1000 1842 herilem:

172 1882 209 1932 ita
224 1879 372 1950 legendnm
384 1881 464 1952 vulgo
479 1879 570 1934 limine
585 1884 619 1936 ab
635 1881 703 1947 olto,
723 1880 796 1953 quod
809 1881 953 1935 abrurdm
966 1893 1019 1945 est,
1035 1897 1115 1952 quum
1129 1877 1210 1950 paulo

172 1973 232 2012 ante
244 1960 341 2014 dixerat
356 1960 453 2014 tomitt
466 1971 546 2027 tecto,
565 1981 603 2015 vs.
617 1961 685 2029 455,
696 1976 722 2016 et
737 1975 803 2016 tecta
815 1963 934 2034 pauperis
946 1959 1076 2027 Evandri,
1090 1978 1127 2013 vs.
1144 1958 1210 2019 3603

171 2040 244 2092 Orid.
258 2041 371 2094 lucem
384 2043 432 2106 lll,
442 2061 466 2094 v.
481 2041 545 2107 llo:
558 2063 570 2087 ι
582 2081 588 2092 .
598 2079 604 2092 .
614 2082 619 2091 .
630 2046 751 2112 Nosque
763 2059 842 2094 canes
853 2044 952 2095 sedate
963 2037 1184 2112 sanguine'berili.
1196 2061 1207 2085 ι

172 2119 306 2172 Claudian.
318 2123 352 2173 tv
366 2120 446 2172 Cone.
458 2123 560 2172 Honor.
572 2141 596 2170 v.
609 2119 659 2171 65:

462 2214 865 2264 ...0solitocurnmnrmm-etctu's

350 2284 389 2332 Sol
398 2285 500 2333 occurrit
507 2285 587 2346 equis:
598 2286 639 2347 qni
648 2297 770 2347 postquem
778 2299 859 2332 rursus
866 2282 951 2333 beriles

352 2357 472 2418 Agnovere
482 2371 565 2411 sonos,
575 2355 645 2402 rediit
653 2355 747 2402 meliore
756 2357 864 2418 magistro

351 2425 471 2483 blachiae,
482 2437 656 2490 concentusque
665 2425 720 2490 poli.

168 2522 256 2592 Equus
270 2518 388 2571 inritatus
403 2519 505 2570 animos
518 2530 652 2588 equestres
663 2535 712 2588 pro
727 2517 830 2568 animos
845 2517 939 2588 equitis
952 2527 978 2567 et
990 2516 1141 2582 insessoris‚
1154 2533 1208 2568 non

168 2599 244 2652 valde
253 2597 356 2670 placet=
370 2595 436 2650 nibil
451 2609 539 2650 umen
555 2596 640 2648 audeo
657 2609 767 2650 mutare.
778 2625 815 2636 -
823 2596 958 2668 Equestres
973 2595 1074 2648 babitus
1085 2594 1209 2648 dicuutur

171 2677 295 2728 ut‘lbeb.
304 2681 329 2742 l,
343 2694 368 2730 t:
376 2677 502 2748 fraterne
512 2677 586 2730 acles.
597 2678 685 2746 Quare
696 2677 722 2728 id
732 2695 787 2728 non
798 2675 939 2728 sollicitare
952 2674 1066 2728 debebat
1078 2672 1209 2726 Marklan-

175 2756 241 2820 dus,
253 2759 326 2824 cnjus
337 2755 481 2808 emendatio
493 2774 654 2830 magnopere
666 2755 796 2826 displicet.
809 2759 891 2808 Hrrn.
903 2783 936 2796 -
946 2752 1047 2806 Deinde
1059 2770 1107 2822 pro
1118 2753 1209 2804 Acrius

176 2839 277 2908 optime
286 2835 368 2906 legere
377 2851 447 2907 potes
458 2836 558 2903 Altius,
570 2850 599 2890 ut
611 2837 682 2910 apud
694 2837 784 2890 Silium
796 2836 930 2901 Italicum,
941 2835 998 2902 XV,
1010 2831 1075 2894 5083
1087 2846 1112 2883 ot
1124 2833 1209 2902 xvtt,

172 2917 239 2988 ³98;
255 2915 364 2968 Ovidius
377 2917 510 2970 llalieutic.
526 2937 551 2970 v.
566 2915 613 2988 693
628 2915 720 2990 Virgil.
736 2917 831 2986 Georg.
846 2919 894 2980 tlt,
912 2911 971 2965 552.
985 2913 1122 2963 Petronius
1136 2909 1209 2982 Saty-

168 3001 241 3049 rico:
257 2999 413 3068 tl’ostqnarn
429 2997 550 3050 reamari
564 2999 659 3063 sensit,
672 2994 842 3067 supercilium
854 2993 931 3044 altius
944 2989 1077 3042 sustulit.»
1091 2989 1136 3040 lle
1147 3007 1207 3042 vero

166 3095 245 3130 voces
257 3077 340 3129 caius
354 3090 380 3128 et
389 3078 467 3129 altius
480 3075 614 3128 interdum
625 3077 695 3128 inter
706 3095 734 3127 se
742 3082 939 3126 commutantur
953 3072 980 3120 in
990 3065 1127 3120 codicibus
1136 3068 1206 3121 MSS.

166 3157 233 3210 Vide
244 3159 380 3209 Heinsium
392 3157 424 3209 sd
433 3154 509 3210 Orid.
519 3155 628 3208 Remed.
636 3156 727 3207 Amor.
739 3174 763 3205 v.
775 3152 835 3206 651.
846 3153 878 3203 Et
890 3169 952 3203 sane
963 3150 1003 3202 vir
1015 3147 1132 3220 intelligo
1146 3148 1208 3220 quid

163 3237 197 3288 sit
208 3239 296 3288 acrius
307 3235 426 3288 attollere
436 3233 538 3287 vultus:
551 3236 642 3288 saltem
654 3233 751 3287 dixisse
762 3231 855 3285 debuit
862 3229 955 3284 Aerior
963 3229 1074 3299 attollit,
1085 3243 1115 3281 ut
1124 3249 1148 3281 v.
1163 3230 1207 3296 111,

163 3335 215 3368 oon
234 3314 354 3388 mplier
368 3317 462 3375 annin
477 3315 524 3367 nbi
537 3317 636 3388 pariter
650 3314 778 3366 editiones
796 3324 972 3384 occupaverat
987 3309 1108 3382 amplius.
1123 3309 1208 3360 llesti-
1236 3332 1239 3340 ·

161 3398 210 3448 tait
223 3397 394 3460 Bernartius,
411 3414 428 3447 a
444 3396 546 3448 Cruceo
561 3394 741 3466 improbatus,
758 3395 804 3467 qui
818 3412 873 3446 non
887 3393 1063 3446 necessarium
1078 3391 1130 3454 ait,
1145 3390 1208 3460 quia

162 3476 276 3549 anplius
289 3475 400 3528 denotat
414 3475 581 3550 qualitatem,
595 3493 650 3528 noa
664 3489 777 3548 tempus.
794 3474 926 3546 lntellr'qat
942 3473 988 3544 qui
1004 3482 1101 3544 potest.
1114 3467 1205 3532 Claud.

162 3553 195 3606 Vl
208 3557 293 3610 Cous.
312 3557 414 3608 llonor.
430 3575 455 3607 v.
473 3556 539 3608 331:

349 3653 432 3698 Acrior
440 3653 529 3700 interea
539 3651 627 3700 risendi
635 3653 747 3716 principie
755 3652 826 3700 udor

349 3723 462 3770 Accendit
470 3737 523 3770 curo
531 3721 600 3785 plebe
609 3736 694 3786 patres.

157 3810 196 3862 lta
216 3813 300 3864 etiam
319 3809 393 3862 Baln.
415 3813 534 3878 Etrusci,
550 3831 573 3864 1.
594 3809 697 3878 ultim,
715 3829 765 3883 pro
784 3809 878 3864 melior
893 3808 973 3880 vulgo
993 3807 1089 3878 leqitur
1106 3802 1205 3854 melius.

155 3888 290 3944 Thebaid.
305 3889 354 3942 lib.
369 3891 419 3956 lX,
432 3909 499 3944 vers.
513 3891 580 3944 8052

350 3988 433 4032 Aerior
439 3985 487 4033 hoo
493 3987 602 4048 juvenem
612 3989 691 4036 stricto
700 4001 809 4054 mamone
818 3985 913 4046 petebat

352 4055 484 4118 Amphion.
497 4093 501 4102 .
512 4093 516 4102 .
529 4094 533 4102 .
