2850 4488
215 343 279 410 500
462 343 497 404 P.
517 339 558 402 P.
582 338 737 404 STATH
760 337 1002 404 SILVARUM
1051 362 1055 373 ’

350 473 472 534 Tentat
480 463 598 531 audaci
610 461 677 530 fide
690 466 882 530 Mantuanae

442 574 570 644 Gaudia
582 573 690 640 famae.

348 688 412 759 Sed
423 687 542 756 damus
554 684 646 753 lento
658 687 808 768 veniam,
823 685 914 779 quod
926 684 1013 754 alma

348 799 445 869 Prole
453 796 602 866 fundasti
613 818 737 864 vacuos
750 812 898 888 penates.

347 908 619 980 O.diemlaetu1n!
635 907 726 973 venit
737 929 813 974 ecee
827 905 924 974 nobis

441 1023 608 1088 Maximus
620 1018 716 1086 alter.

349 1134 482 1202 Orbitas
494 1133 587 1199 omni
598 1128 757 1222 fiagienda
768 1132 862 1210 nisu,

346 1250 455 1333 Quam
467 1245 589 1337 premit
598 1243 686 1310 votis
697 1242 854 1308 inimicus
866 1239 991 1324 haeres,

345 1359 481 1449 Optimo
493 1376 654 1448 poscens,
666 1352 772 1446 pudet
783 1351 867 1420 heu!
882 1355 1114 1450 propinquum
1217 1369 1249 1422 35

438 1473 553 1534 Funus
565 1467 683 1533 amico.

345 1581 478 1650 Orbitas
490 1578 585 1648 nullo
597 1577 763 1645 tumulata
775 1575 857 1645 fletu
870 1604 877 1643 ε

345 1695 415 1759 Stat
426 1689 528 1758 domo
539 1705 637 1781 capta
649 1686 792 1780 cupidus
804 1705 973 1782 superstes

345 1805 529 1870 Imminens
541 1801 598 1869 leti
609 1799 744 1892 spoliis,
757 1815 791 1865 et
802 1801 915 1892 ipsum

434 1919 615 2007 Computat
626 1914 748 2004 ignem.

343 2022 646 2116 Duretin'longum
658 2044 841 2113 generosus
852 2021 982 2106 infans;

345 2140 473 2230 Perque
484 2158 553 2206 non
566 2131 681 2204 multis
693 2134 757 2200 iter
769 2131 962 2224 expeditum

342 2248 476 2312 Crescat
488 2246 522 2311 in
534 2265 645 2310 mores
657 2243 803 2333 panim,
816 2264 986 2335 avumque

435 2359 596 2420 Provocet
607 2351 707 2419 actis!

333 2465 396 2533 'Tu
407 2481 483 2532 tuos
495 2487 600 2557 parvo
611 2463 813 2530 memorabis
825 2485 940 2543 enses,

337 2581 433 2660 Quos
444 2575 488 2643 ad
499 2579 608 2642 Eoum
619 2571 735 2641 tuleris
747 2575 925 2657 Orontem,

337 2685 589 2776 Signafrenatae
602 2683 795 2752 moderatus
807 2681 869 2750 alae

434 2799 570 2864 Castore
581 2793 717 2863 denuo:

240 2935 242 2942 ’
345 2906 423 2989 Ille,
437 2924 474 2974 ut
486 2909 601 2975 invicti
612 2905 769 3000 rapidum
783 2922 917 2975 secutus

239 3094 282 3144 30.
302 3093 420 3146 Penates.
434 3093 502 3147 cod.
517 3095 596 3146 Paris.
617 3105 642 3144 et
658 3091 699 3144 ed.
782 3093 824 3160 44.
844 3095 895 3143 Pro
915 3091 993 3156 actis,
1016 3091 1101 3142 Parm.
1121 3088 1190 3140 anis.
1210 3117 1245 3127 -

202 3185 243 3238 pr.
255 3170 365 3238 penatis.
384 3169 416 3221 Δ.
746 3171 794 3223 ud.
810 3191 849 3243 pr.
864 3170 940 3238 dctis,
956 3181 983 3223 et
994 3171 1030 3221 sic
1041 3172 1119 3221 etiam
1134 3169 1161 3220 in
1173 3181 1243 3220 textu

239 3245 280 3299 35.
299 3248 351 3299 Pro
364 3252 559 3323 pmpinquum,
576 3253 660 3302 Parm.
676 3262 701 3301 et
746 3249 806 3303 eod.
819 3253 900 3304 Paris.
913 3254 959 3323 qui
971 3248 1007 3302 ad
1016 3267 1099 3321 marg.
1111 3260 1175 3301 arte.
1195 3247 1225 3298 Α.

201 3327 277 3377 Rom.
298 3327 443 3400 propinqui
449 3352 458 3391 ,-
479 3343 506 3382 et
526 3347 576 3400 pro
596 3329 680 3380 amico
690 3367 699 3394 ‚
781 3330 823 3397 46.
842 3334 893 3384 Pro
910 3329 1012 3397 tuleris,
1028 3332 1112 3381 Parm.
1129 3340 1156 3380 et
1168 3328 1242 3378 Rom.

200 3406 286 3456 Parm.
299 3405 510 3461 ceruici-C&¹
525 3410 583 3460 Par.
593 3407 700 3481 propin·
745 3407 841 3464 tuleras
848 3432 859 3471 ,-
885 3426 1045 3480 perperam:
1073 3404 1245 3469 metuebant,

200 3501 279 3554 quo...
288 3487 387 3545 amico:
397 3500 423 3538 at
431 3505 463 3538 ex
470 3487 600 3538 emendat.
610 3485 698 3537 amici.
745 3491 850 3562 opinor,
861 3501 960 3550 metr03
971 3485 1017 3538 sed
1028 3503 1083 3537 nnn
1095 3503 1164 3556 opus
1176 3495 1244 3545 eran

199 3561 248 3615 Ed.
261 3583 301 3636 pr.
313 3567 488 3637 propinquo...
501 3567 594 3617 amieo.
616 3566 646 3616 A.
743 3569 801 3621 vide
820 3568 898 3620 Ovid.
914 3569 1057 3632 Fastor.1‚
1073 3581 1119 3634 ιγ,
1140 3578 1166 3617 st
1181 3582 1244 3637 pas·

236 3641 279 3712 37.
295 3645 347 3694 Pro
358 3643 498 3709 tumulata,
511 3646 594 3696 Parra.
608 3663 700 3696 cumu-
744 3651 801 3701 sim.
813 3675 849 3686 -
863 3644 931 3698 cod.
947 3647 1007 3698 Par.
1024 3644 1086 3698 edit.
1103 3645 1189 3716 princ.
1207 3653 1244 3694 tu-

201 3718 270 3781 lata5
284 3723 359 3772 Rom.
374 3720 502 3772 simulata.
515 3751 551 3762 -
561 3719 624 3774 ood.
640 3723 696 3775 Par.
745 3727 817 3780 tems.
836 3728 867 3777 A.

200 3817 231 3852 ex
240 3797 371 3851 emendat.
381 3798 523 3851 cumulata.
534 3800 602 3853 Edit.
613 3804 697 3874 princ.
779 3807 822 3876 47.
830 3809 880 3859 Pro
887 3805 945 3874 aloe,
954 3809 1038 3858 Parm.
1048 3817 1074 3856 et
1080 3806 1158 3856 Rom.
1165 3801 1241 3855 aule.

199 3875 337 3930 sumamu-
357 3879 389 3929 A·
742 3885 793 3940 sed
810 3885 889 3937 taedet
906 3885 1000 3938 harum
1020 3886 1190 3956 ineptiarum.
1208 3909 1243 3920 -

235 3959 277 4029 39.
298 3959 361 4011 leti.
376 3958 442 4011 cod.
457 3959 538 4014 Paris.
554 3961 594 4014 ed.
611 3967 695 4036 princ.
741 3965 789 4018 Ed.
802 3985 842 4038 pr.
854 3967 937 4034 aule,
951 3981 976 4020 et
989 3969 1027 4019 sic
1037 3985 1053 4018 a
1064 3984 1145 4018 manu
1157 3965 1242 4038 prima

196 4036 258 4092 lati.
278 4039 309 4090 Δ.
741 4045 801 4098 cod.
812 4049 890 4100 Paris.
902 4049 947 4121 qni
956 4065 989 4101 ex
998 4044 1130 4100 emendat.
1141 4043 1198 4100 ale.
1208 4044 1240 4096 Δ.
