2784 4484
173 305 250 369 xxiv
549 305 837 368 MARKLANDI

172 449 219 486 sus
230 427 337 499 nullus,
350 427 452 484 crebre
463 427 661 499 absurditates,
675 429 903 486 contradictiones
919 449 976 486 nou
989 451 1098 508 paucas,
1111 451 1170 490 mos
1187 449 1215 491 et
1279 441 1281 444 ’

172 525 335 600 compositio
347 524 460 578 minime
471 523 593 578 Poetica:
607 522 740 600 denique,
752 525 828 582 otto
844 525 916 595 tyna.
930 527 1026 594 Atrox,
1039 528 1160 603 inquies,
1172 548 1216 584 ae-

172 619 290 674 cusatio:
305 627 332 671 et
347 628 389 672 est
406 635 484 681 sane;
501 617 550 672 sed
567 615 731 687 manedum‚
748 623 859 684 Lecton
876 632 903 673 et
919 620 972 674 nisi
986 620 1015 674 in
1032 623 1108 675 Notis
1119 641 1215 678 veram

170 713 334 788 praestitero,
346 729 402 765 non
413 710 568 780 intercedo,
580 730 637 787 quo
646 714 737 768 minus
750 709 994 790 impudentissimis
1004 723 1032 768 ct
1043 713 1217 772 mendacissi-

171 807 224 915 ml⁸
235 804 393 861 mortalium
405 822 450 860 me
462 823 612 860 accenseas.

209 1011 256 1064 His
270 1009 352 1084 igitur
363 1003 572 1062 difficultatibus
584 1007 671 1082 magis
685 1009 828 1077 incensus,
840 1006 933 1062 denuo
948 1007 1060 1063 adortus
1073 1025 1148 1074 sum;
1162 1009 1214 1064 boc

170 1099 239 1171 fine,
250 1112 282 1157 ut
290 1099 326 1156 ad
335 1117 446 1155 sensum
456 1109 483 1152 et
491 1100 665 1175 propositum
677 1099 802 1154 Auctoris
812 1117 924 1174 quoquo
935 1099 1017 1155 modo
1028 1103 1213 1178 pervenirem:

171 1213 283 1272 sperans
295 1193 355 1248 fore
367 1190 458 1269 (quod
471 1193 498 1246 in
511 1191 571 1248 aliis
585 1191 750 1248 Auctoribus
762 1191 875 1248 solenne
886 1197 1048 1268 noveram),
1062 1205 1106 1265 ut,
1121 1198 1143 1251 si
1155 1214 1215 1251 rem

170 1287 367 1366 providissem,
376 1285 460 1342 verba
467 1295 494 1340 et
502 1305 572 1340 verae
579 1289 721 1340 Lectiones
729 1304 785 1341 non
796 1287 887 1342 invitae
898 1298 1089 1363 sequerentur3
1102 1286 1214 1342 diversae

171 1380 283 1458 quidem
301 1377 366 1448 iltae,
384 1390 503 1433 attamen
521 1397 537 1432 a
552 1374 668 1453 vulgatis
685 1397 742 1432 uon
761 1375 878 1434 multum
899 1377 1099 1457 discrepantes,
1116 1377 1213 1434 calami
1266 1423 1269 1430 .

171 1473 267 1529 saltem
285 1472 428 1542 ductibus,
447 1482 474 1526 et
492 1469 616 1547 apicibus
634 1469 777 1528 literarum
796 1471 990 1529 alludentibus.
1007 1478 1055 1543 At,
1073 1474 1117 1529 Dii
1134 1471 1214 1541 boni,

170 1568 345 1645 quantumin
364 1566 416 1621 hac
431 1583 542 1641 quoque
556 1576 633 1642 parte
649 1563 735 1620 falsus
753 1565 811 1620 fui!
829 1568 923 1624 Statim
938 1569 1011 1622 enirn
1029 1565 1213 1642 deprehendi,

170 1681 226 1717 non
239 1681 303 1718 cuns
317 1662 426 1738 punctis
438 1671 466 1715 et
477 1658 600 1736 apicibus
613 1670 640 1712 et
653 1659 778 1714 minutiis
790 1659 865 1715 hisee
877 1662 977 1716 criticis
989 1679 1048 1716 rem
1059 1659 1128 1715 mibi
1139 1658 1214 1715 futu-

169 1773 245 1820 ram;
258 1752 307 1809 sed
321 1750 483 1808 debellanda
495 1769 555 1806 esse
570 1763 714 1806 umonstra
727 1752 879 1822 horrenda,
895 1752 1039 1822 informia,
1055 1754 1210 1828 ingentia,»

170 1858 198 1902 et
213 1845 316 1919 (utllle
327 1848 380 1919 ait)
396 1845 497 1922 quibus
514 1864 595 1900 omne
609 1845 697 1898 lnnren
712 1848 853 1900 ademtam.
869 1850 929 1900 Non
947 1849 1021 1901 enim
1039 1845 1152 1916 leviter,
1168 1855 1215 1900 aut

170 1959 247 1996 more
259 1938 340 1995 solito
353 1942 382 1993 in
397 1938 440 1994 bis
451 1935 537 2013 sylvis
550 1949 676 2012 grassata
688 1949 753 1992 sunt
767 1940 920 2012 ignorantia
935 1951 962 1993 et
972 1937 1150 2015 depravatio:
1167 1936 1214 1992 sed

169 2036 292 2113 penitus,
308 2034 374 2089 etin
389 2035 457 2088 imas
470 2029 602 2086 medullas
614 2031 755 2088 descendit
769 2033 868 2108 pestis,
884 2050 940 2087 non
953 2033 1011 2086 sine
1023 2031 1096 2086 ferro
1108 2042 1136 2084 et
1149 2050 1214 2085 cau·

168 2137 227 2182 tere
241 2124 424 2202 exstirpanda.
441 2126 547 2180 Notatis
559 2125 644 2198 igitur
658 2121 797 2179 nonnullis
810 2122 876 2178 locis
890 2141 951 2198 que
966 2140 1023 2177 non
1038 2121 1173 2192 intellexi,
1188 2136 1215 2178 et

170 2219 317 2297 dequibus
329 2216 461 2274 siluerant
473 2222 652 2292 interpretes,
663 2214 773 2271 lectioni
785 2217 909 2271 Statiauae
920 2212 1077 2291 diligentius
1087 2214 1214 2270 incubui:

170 2324 330 2391 experturus
347 2309 461 2383 scilicet,
476 2331 511 2366 an
528 2308 619 2366 lucem
635 2309 757 2386 aliquam
772 2309 825 2364 sibi
839 2311 891 2386 ipsi
905 2308 1053 2364 foeneraret
1066 2313 1147 2362 Vates
1162 2307 1214 2362 ob-

170 2407 350 2463 scurissimus.
363 2410 421 2461 Hoc
435 2403 546 2460 tandem
557 2402 641 2460 modo
653 2421 712 2458 sese
724 2403 845 2478 primum
859 2403 980 2478 aperuit:
996 2400 1084 2457 donec
1095 2399 1170 2454 aliud
1182 2418 1215 2454 ex

94 2555 99 2566 ,
169 2497 223 2555 alio
232 2500 380 2574 arripiens,
392 2509 419 2552 et
429 2499 544 2554 Statium
556 2497 607 2552 sibi
618 2498 672 2572 ipsi
681 2514 857 2571 comparans,
869 2493 1061 2550 adblandiente
1073 2491 1214 2569 profectu,

169 2594 198 2647 in
211 2591 283 2647 banc
294 2593 501 2668 persuasionem
513 2589 687 2659 devenerim,
700 2599 731 2641 ut
742 2606 775 2642 ex
787 2587 943 2664 quingentis
955 2583 1022 2641 locis
1033 2604 1095 2662 quas
1105 2604 1162 2640 non
1174 2587 1215 2638 in·

168 2683 341 2754 tellexeram,
349 2689 406 2760 jam
417 2703 474 2740 non
486 2695 590 2738 restent
601 2680 796 2757 quadraginta,
807 2680 843 2735 de
855 2678 956 2756 quibus
968 2677 1120 2755 desperem.

207 2884 241 2936 Et
249 2876 298 2935 illa
309 2877 420 2958 quidem
432 2876 510 2934 lacile
520 2876 631 2933 tolerari
643 2886 670 2931 et
681 2875 740 2932 tolli
751 2887 903 2953 potuerunt
913 2875 1102 2931 Librariorum
1114 2883 1214 2938 errata,

170 2991 232 3050 quaa
251 2972 433 3028 nascebantur
453 2989 486 3026 ex
506 2971 643 3048 positione
661 2971 738 3025 vocis
760 2967 876 3044 alicujus
896 2987 948 3044 pro
966 2967 1073 3022 diversa
1093 2962 1215 3038 ejusdem

170 3068 346 3142 quantitatis,
355 3077 381 3121 et
390 3085 451 3142 quae
463 3064 498 3120 ab
510 3063 605 3126 eadem
614 3063 693 3119 litera
702 3065 840 3140 inciperet.
851 3059 958 3116 Planius
969 3058 1080 3133 loqarar:
1093 3055 1213 3110 Obvium

170 3157 236 3228 fuit,
249 3157 344 3214 saltem
355 3177 412 3214 non
424 3157 493 3213 adeo
505 3157 631 3228 difficile,
648 3175 731 3212 sensu
743 3154 897 3210 necessario
908 3149 1078 3227 postulante,
1092 3159 1118 3203 et
1130 3147 1215 3203 literis

170 3249 370 3327 preeuntibus,
388 3269 440 3326 pro
456 3263 482 3304 et
491 3253 598 3324 servent
611 3253 725 3324 compita
737 3249 868 3323 flammis,
888 3243 1053 3300 substituere
1069 3243 1215 3316 effulqent,¹

170 3361 223 3421 pro
238 3345 338 3398 verbere
353 3344 446 3411 cmdo,
465 3345 566 3404 crelun,¹
584 3361 635 3419 pro
649 3345 723 3396 docto
738 3343 864 3404 nurnine,
882 3341 985 3401 dextra·
1003 3354 1054 3413 pro
1070 3337 1215 3389 admirante

172 3439 301 3502 Fortuna,
313 3439 476 3497 adversarum
487 3453 540 3512 pro
550 3455 665 3490 serenam
672 3474 681 3500 ,
693 3437 820 3488 sedentem
827 3455 835 3494 ,·
850 3450 902 3509 pro
914 3449 1022 3484 manera
1034 3441 1142 3495 cenant,
1155 3447 1214 3479 mu-

172 3548 234 3582 nera
247 3548 350 3592 censam
360 3547 413 3605 pro
424 3530 467 3582 Sic
479 3539 532 3583 tota
546 3547 606 3581 cum
620 3537 686 3582 veste
697 3528 764 3592 mit,
779 3528 852 3580 Sicut
865 3536 920 3579 erat
932 3543 992 3577 cam
1007 3533 1072 3578 veste
1083 3522 1150 3584 ruin-
1164 3539 1215 3595 pro

172 3623 257 3696 pudor
268 3623 327 3675 inde
338 3641 411 3678 novoe
424 3625 532 3691 mentis,
548 3625 667 3698 inpense
678 3622 769 3675 mentis
775 3643 784 3683 ,-
800 3637 852 3695 pro
866 3631 926 3687 aut,
941 3619 1024 3678 atria;
1038 3633 1089 3693 pro
1102 3614 1158 3682 illi,
1175 3615 1215 3666 1ιί-

175 3713 224 3767 lan'
230 3735 239 3775 ,·
250 3731 302 3790 pro
311 3733 373 3767 cum
380 3752 390 3780 ,
402 3713 493 3776 cultus
504 3733 564 3790 quae
576 3715 669 3768 omnia
680 3714 724 3785 (et
735 3710 823 3768 multo
835 3710 914 3788 plura
925 3710 1052 3787 possem)
1064 3727 1096 3761 ex
1107 3704 1215 3761 duobus

174 3806 312 3883 prioribus
325 3805 414 3863 Libris
428 3808 528 3864 harum
541 3806 686 3885 sylvarum
697 3808 834 3882 excerpsi:
847 3806 920 3874 haec,
937 3807 1061 3880 inquam,
1079 3789 1106 3856 et
1117 3797 1215 3855 similia

174 3920 230 3958 non
245 3899 364 3958 multum
379 3901 450 3958 forte
463 3906 567 3979 negotii
583 3901 746 3960 facesserent
761 3911 866 3958 attento
880 3901 1001 3966 Lectori,
1018 3909 1044 3952 et
1060 3895 1107 3972 qui
1123 3891 1215 3948 sensui
