2782 4486
178 325 245 404 544
358 307 495 372 notra
518 305 566 368 tu
591 302 790 368 cannen
815 301 1044 366 Tnurtuu

181 449 230 503 13:
248 443 354 511 «lnque
370 437 455 486 vicem
473 429 567 484 dulces
580 442 661 482 cantu
679 427 779 481 duxere
794 426 949 498 querelem
966 428 984 477 i.
999 446 1022 478 e.
1038 425 1225 498 quaetenus,

177 529 256 600 vulgo
270 519 341 574 male
352 515 454 568 disere:
467 511 557 563 ducere
571 526 676 561 cannen
689 504 767 561 Ouid.
781 508 859 558 'hist
872 505 922 572 ΙΙΙ,
937 505 982 572 14,
997 506 1047 558 St:

363 623 437 684 inque
446 627 481 662 tot
489 615 591 663 adversis
600 629 695 661 armen
704 613 826 659 mirabitur
834 610 906 658 ullum

394 693 487 736 Ducere
494 703 532 733 sne
542 687 601 732 tristi
610 686 744 732 sustinuisse
753 699 822 730 manu
830 701 838 740 ;

179 820 206 858 et
219 801 303 874 Epist.
316 812 348 846 ex
359 793 459 851 Ponto,
471 788 498 853 l,
510 783 543 850 5,
556 805 579 836 v.
593 801 618 854 7.
638 785 739 835 Ducere
750 793 842 834 cantata
852 800 911 834 serto
921 781 1000 854 pede,
1012 794 1053 834 est
1063 801 1157 837 cunm
1167 805 1227 838 m

177 884 244 961 pede
260 897 307 932 seu
319 891 390 928 versu
402 869 512 922 heroico.
527 865 625 918 Aonios
635 864 685 916 hos
697 873 788 916 cantus
799 851 961 914 infra'vooat
972 861 1062 916 modos
1073 863 1186 932 Aonius,
1201 880 1228 919 et

180 961 289 1037 inferius
299 953 398 1008 Aonias
410 947 522 1000 Lacrim.
535 945 638 996 Etrusc.
651 957 746 995 utnon
759 961 827 1014 opus
840 944 873 994 sit
883 941 953 994 hunc
966 959 1059 995 vocem
1070 946 1099 996 in
1110 945 1229 998 Andgm,

180 1042 220 1096 vel
239 1033 366 1091 Ausonios
381 1045 442 1082 cum
455 1025 583 1078 Gronovii
599 1025 684 1076 antico
699 1023 859 1096 depravare:
876 1023 912 1074 sic
926 1021 1016 1076 ducere
1033 1025 1137 1076 cantica
1154 1024 1228 1077 Alei.

180 1138 239 1174 mus
254 1116 359 1178 Avitus,
376 1107 436 1159 libr.
451 1104 484 1156 de
499 1101 584 1156 Laud.
598 1105 747 1174 Virginitas.
760 1122 783 1153 v.
801 1099 848 1162 15;
864 1101 1049 1169 Nemesianus,
1063 1101 1157 1156 Bucol,
1170 1103 1227 1157 Ecl.

180 1204 192 1254 Ι
200 1241 209 1269 ,
220 1198 270 1251 63:
286 1195 389 1244 «lictus
405 1184 518 1238 Phoebea
532 1180 629 1237 duxisti
641 1201 747 1236 carmen
763 1198 859 1244 avena;
870 1205 881 1228 ι
896 1179 943 1234 ubi
954 1182 1033 1254 ωηο
1045 1181 1115 1236 mle
1126 1184 1228 1247 &3555

180 1267 454 1347 idem,Ecl.11,60:

368 1378 467 1424 Munera
476 1387 577 1438 namque
588 1371 655 1428 dedi,
665 1384 744 1419 noster
753 1387 805 1434 quse
814 1386 862 1418 non
871 1369 936 1416 dedit
944 1369 1009 1424 ldae>¹

368 1445 478 1494 Vorslem
488 1445 570 1508 lonflos
579 1459 631 1508 quae
640 1443 705 1490 ducit
714 1443 804 1491 aedona
814 1452 902 1488 mutus.

182 1561 215 1612 Et
226 1575 258 1609 ex
271 1555 323 1607 hac
337 1549 427 1624 phrasi
439 1545 625 1618 intelligendus
637 1543 713 1596 loeus
724 1542 839 1614 Virgilii,
852 1540 954 1594 AEneid.
966 1541 1018 1607 IX,
1032 1541 1099 1612 267:

367 1657 390 1702 Si
400 1669 456 1701 sero
465 1667 550 1715 capere
559 1649 647 1698 ltaliam
651 1683 659 1707 ,
669 1651 814 1712 sceptrisque
823 1647 894 1710 potiri

368 1727 497 1788 Contigeris
504 1725 602 1779 victori,
613 1735 637 1770 et
645 1721 729 1785 prtedae
739 1722 824 1768 ducere
834 1731 935 1775 sortem

183 1839 200 1888 i·
213 1855 235 1888 e,
245 1832 330 1886 ,οηῐή
341 1828 467 1901 pradum.
478 1825 576 1876 Ducere
587 1840 668 1875 oemos
676 1840 726 1892 pro
736 1821 861 1894 semipane
869 1816 946 1871 Ovid.
959 1837 990 1870 ex
1000 1819 1094 1870 Ponto.
1105 1820 1117 1869 Ι
1123 1858 1132 1886 ,
1144 1821 1174 1888 5,
1185 1824 1229 1890 40.

219 1993 263 2065 93.
282 1993 318 2044 Et
329 1990 420 2062 quibus
429 1988 543 2041 Arcadia
555 2004 661 2037 cannen
676 1983 800 2037 testudine
810 1981 904 2033 mensis
916 1979 988 2051 Cyda
999 1979 1075 2032 tator
1086 2000 1232 2056 nomenque

179 2075 245 2147 fuit.
263 2071 379 2124 Maxime
398 2069 516 2119 omnium
534 2063 661 2117 notabilis
679 2063 723 2116 hio
742 2063 817 2114 locus
834 2075 946 2132 propter
962 2061 1048 2112 sarias
1065 2066 1231 2134 conjecturas

186 2153 281 2225 quibus
294 2167 355 2200 enm
369 2145 546 2198 sollicitarunt
559 2147 608 2197 viri
619 2145 700 2200 docti.
714 2144 804 2196 Lectio
817 2159 896 2212 quarn
907 2143 934 2192 in
948 2139 1002 2192 suis
1014 2137 1152 2194 codicibus
1164 2145 1232 2197 inre·

185 2235 224 2283 nit
235 2227 381 2291 Domitius,
393 2225 458 2276 fuit:
469 2243 480 2268 ι
491 2222 565 2296 Cyda
575 2222 656 2275 libem
668 2239 820 2292 nomenque
829 2219 892 2282 tuin
904 2243 915 2266 ι
932 2234 964 2270 ex
977 2237 1030 2290 qua
1044 2218 1177 2290 vulgatam
1192 2221 1232 2275 le-

185 2311 236 2372 cit,
252 2320 278 2358 et
292 2323 324 2356 eo
337 2301 417 2353 modo
431 2297 572 2372 explicavit
587 2312 618 2349 ut
633 2317 689 2358 non
705 2315 792 2369 operae
807 2299 922 2368 pretium
939 2297 973 2348 sit
986 2296 1190 2368 explicationem
1201 2301 1235 2354 il·

185 2387 236 2438 lius
249 2381 404 2437 exsut-ibere.
417 2380 465 2430 Vir
478 2378 587 2430 illustris
600 2377 673 2450 apud
688 2377 809 2442 Getam,
824 2376 916 2446 Papin.
928 2375 1000 2428 Leot.
1015 2378 1045 2442 V,
1061 2375 1093 2442 6,
1107 2377 1234 2448 legebat,

189 2493 200 2514 ι
210 2465 270 2523 oda
281 2465 357 2518 labor
368 2478 520 2532 nomenque
531 2461 594 2520 fuit,
606 2483 616 2506 ι
632 2456 809 2530 applaudente
820 2457 943 2510 Gevartio
956 2459 1066 2510 frustra:
1079 2460 1179 2532 quippe
1191 2461 1234 2534 ly-

185 2552 233 2604 rici
246 2560 344 2621 poete,
355 2543 389 2595 de
402 2543 498 2614 quibus
514 2539 559 2593 hie
571 2542 625 2612 agit
642 2540 754 2604 Statius,
772 2556 827 2590 non
839 2537 903 2590 dicti
916 2539 1039 2606 luerunt,
1053 2537 1144 2609 pinei,
1155 2557 1186 2595 ut
1197 2545 1233 2598 ab

186 2631 236 2682 oda
248 2642 346 2679 nornen
360 2624 520 2688 meruerint,
535 2635 563 2672 nt
576 2621 643 2673 bene
655 2622 777 2672 observat
792 2614 949 2671 Salmasius:
962 2619 998 2671 ob
1011 2639 1090 2692 quarn
1103 2625 1234 2677 rationein

187 2701 354 2780 explodenda
369 2715 409 2754 est
428 2703 507 2755 etiam
525 2701 619 2752 Crucei
633 2699 734 2751 Chorda
753 2697 842 2761 laban
856 2709 883 2750 et
895 2701 985 2751 nescio
1001 2704 1077 2772 cnjus
1095 2702 1194 2773 Lydio,
1208 2719 1234 2756 et

186 2789 249 2842 Sido
262 2799 289 2840 et
300 2783 397 2850 Ludus,
413 2801 470 2854 quse
483 2783 572 2834 omnia
583 2792 712 2831 memorat
723 2780 886 2844 Gronovius,
899 2798 959 2850 cap.
975 2779 1007 2832 ὄπ
1020 2781 1162 2835 Distribes.
1175 2786 1235 2856 lpse

186 2869 265 2940 legit,
282 2865 373 2918 «Cura
388 2863 449 2936 lyrae
466 2879 617 2932 nomenque
632 2861 717 2923 tuin·
735 2878 766 2912 ex
778 2861 909 2930 scriptura
923 2859 1023 2913 codicia
1037 2862 1164 2930 Medicei,
1175 2883 1234 2937 quae

187 2949 238 2998 luit
253 2943 320 2996 ciclo
337 2942 422 2994 libert:
438 2959 488 3012 pro
503 2958 577 3004 cura,
593 2933 721 3010 seriptum
733 2935 784 2990 fuit
795 2935 869 3003 culn,
884 2936 981 2990 dehinc
995 2939 1076 3006 ciclo,
1088 2939 1173 2995 divisa
1185 2947 1236 2997 mi·

187 3039 252 3078 nuta
268 3022 354 3075 coculi
368 3042 385 3072 u
393 3043 403 3084 ‚·
418 3035 444 3072 et
461 3019 529 3072 libert
547 3037 596 3090 pro
611 3017 682 3085 ttroe,
699 3017 803 3070 solenni
816 3018 976 3070 confusione
989 3017 1125 3073 literarum
1139 3025 1154 3075 l
1169 3038 1195 3076 et
1212 3045 1233 3077 r.

187 3103 328 3157 Consuluit
340 3099 435 3152 deinde
448 3097 481 3150 de
493 3098 545 3150 ltoo
557 3099 617 3151 loco
631 3111 657 3150 et
668 3115 716 3149 sua
727 3100 882 3169 conjectura
894 3097 1064 3167 Salmasium,
1077 3104 1138 3174 qui,
1151 3105 1234 3176 Epist.

188 3185 232 3252 87,
249 3181 399 3251 rescripsit,
418 3177 467 3230 sibi
482 3183 536 3230 non
555 3176 661 3249 placere
679 3179 745 3229 Cura
763 3175 840 3246 lyroe;
860 3175 1003 3250 quiahoc,
1022 3181 1118 3250 quibus
1130 3200 1234 3235 cotanen

187 3262 301 3314 rlreudia
316 3257 441 3312 testudine
452 3256 600 3324 modulatis,
614 3256 677 3327 lyroe
693 3273 754 3307 cure
770 3268 795 3308 et
812 3275 907 3310 nomen
913 3257 985 3329 fuit,
999 3255 1068 3310 idern
1087 3275 1156 3313 esset
1168 3279 1198 3313 ac
1213 3265 1236 3315 si

188 3342 310 3404 dixisset,
323 3339 414 3411 quibus
426 3336 483 3408 lyra
497 3355 600 3388 eumen
612 3337 761 3389 canentibus
777 3334 841 3407 lyam
856 3353 919 3389 curu
930 3335 990 3406 fuit
1005 3356 1036 3390 ac
1052 3358 1158 3393 nomen.
1177 3345 1236 3415 lpse

188 3439 243 3472 non
256 3416 361 3470 dubitet
377 3418 440 3489 quin
455 3435 506 3468 vox
520 3435 580 3468 eum
593 3434 608 3467 a
623 3414 706 3468 Statio
722 3418 768 3482 sit,
783 3429 809 3467 et
822 3435 871 3487 pro
886 3415 957 3468 libert
969 3415 1116 3471 hariolator
1129 3419 1236 3485 melin,-

190 3501 285 3565 qCura
300 3497 387 3550 melon
407 3514 558 3567 nomenque
576 3497 639 3557 tuin
650 3519 661 3541 ι
679 3508 709 3546 ut
726 3513 776 3568 pro
794 3494 882 3546 melon
900 3497 993 3550 vitiose
1011 3500 1140 3570 scriptum
1159 3501 1238 3554 fuerit

188 3579 288 3646 meleu,
304 3577 400 3629 deinde
412 3577 618 3647 transpositione
630 3575 765 3627 literarum
776 3575 875 3642 lernen,
888 3576 977 3645 leben,
988 3576 1065 3630 liber.
1078 3579 1163 3634 Idelos
1174 3601 1237 3634 vero

188 3659 270 3711 latine
279 3659 415 3729 usurpavit
424 3658 562 3720 Horatius,
573 3667 599 3706 et
608 3656 748 3708 Lucretius
757 3655 840 3716 mele:
850 3653 884 3708 coi
892 3654 951 3722 uias
961 3679 967 3708 t
980 3655 1042 3710 inde
1050 3659 1141 3724 pertusi
1150 3677 1238 3734 poeto

190 3738 275 3808 lyrici.
290 3739 352 3788 nec
363 3735 520 3787 Salmasius:
536 3733 632 3806 quibus
646 3747 735 3788 umen
749 3737 897 3788 Gronovius
910 3755 964 3789 non
977 3737 1010 3789 de
1024 3753 1094 3791 statu
1109 3752 1135 3791 et
1149 3744 1239 3812 conje-

190 3831 265 3869 ctura
279 3817 362 3888 priori
373 3827 508 3866 moveturs
523 3833 585 3865 nam
599 3815 672 3886 quod
686 3815 731 3867 ille
748 3815 881 3886 objecerat
898 3815 932 3869 de
947 3821 1098 3892 synonymis
1113 3822 1239 3874 testudine

190 3910 216 3948 et
227 3895 299 3967 lyra,
312 3894 340 3948 id
352 3893 454 3947 erudite
465 3907 492 3948 et
502 3911 562 3945 vere
574 3895 671 3948 refutat
682 3895 846 3961 Gronovius,
858 3897 1002 3952 ostendens
1015 3917 1045 3951 ex
1055 3897 1165 3955 diversis
1177 3919 1240 3973 poe

192 3991 276 4028 tarum
292 3976 357 4028 locis
370 3973 520 4028 testudinem
536 3973 668 4026 interdum
683 3989 784 4027 tautum
798 3993 856 4028 ease
870 3975 933 4047 lynu
945 3991 1060 4049 partem,
1075 3993 1102 4032 et
1113 3978 1175 4032 ideo
1185 3979 1239 4032 hoe
