2784 4484
199 341 264 384 xxx
562 313 864 386 ,ntuuunuuor
888 281 918 314 ’“

198 445 381 511 necessitatis,
394 441 491 497 admisi
510 444 539 496 in
554 445 718 496 Contextum
738 441 803 512 (cur
820 441 894 494 euim
913 439 980 496 tnibi
996 452 1152 516 negaretur,
1166 443 1242 518 quod

199 540 253 594 nisi
266 537 327 593 aliis
341 555 501 594 concessum
515 536 630 592 antehac
644 535 732 606 foret,
745 537 791 590 vix
804 534 874 591 duos
888 552 984 590 versus
996 537 1142 593 continuos
1157 538 1185 592 in
1200 537 1244 591 bis

199 629 288 707 Sylvis
306 633 442 707 potuisses
461 629 644 706 intelligeret)
663 649 720 684 non
738 627 856 684 aliorum
875 627 983 698 solum,
1002 628 1049 684 sed
1070 631 1152 683 etiam
1172 649 1244 684 meas

199 728 375 800 Conjecturas
385 747 391 776 ι
403 725 432 778 in
444 722 495 778 hac
506 735 583 798 parte
596 735 702 778 secutus
716 720 862 778 eonsilium
873 723 974 778 surnrni
989 723 1127 796 magistri,
1141 725 1246 776 Grono-

201 818 253 871 vii:
270 821 348 872 «Cur
361 819 433 872 enim
449 817 554 894 (inquit
568 814 630 884 Ille,
644 814 747 870 Praefat.
762 813 798 870 ad
812 817 956 888 Senecam)
970 827 1061 870 tantus
1076 813 1155 869 labor
1168 817 1245 869 iusu-

201 911 286 965 mitur
297 909 423 964 eruenda
431 909 562 964 doctrinae
572 915 716 976 Veterum,
727 920 754 962 et
763 907 892 984 operibus
905 906 1138 982 redintegrandis,
1148 909 1170 962 si
1182 905 1245 960 nul·

202 999 244 1057 lus
260 1001 324 1058 inde
336 1001 371 1057 ad
385 1005 459 1079 ipsos
472 1001 561 1057 redeat
577 1000 698 1079 fructus?
712 1000 785 1071 Quid
795 1006 874 1076 jurat
885 1001 965 1054 toties
977 1018 1079 1054 novare
1090 999 1255 1070 Editiones,¹

201 1106 234 1150 nt
245 1096 347 1151 eaedem
358 1094 519 1172 corruptelae
530 1097 560 1149 in
573 1094 687 1170 singulis
701 1098 843 1149 maneant?
854 1100 948 1169 ltaque
959 1091 990 1147 fit
1001 1112 1205 1169 saepenumero,
1217 1106 1247 1148 ut

202 1190 287 1246 lector
300 1193 330 1246 in
344 1191 470 1247 facilibus
484 1189 641 1260 intellectu,
660 1194 682 1245 si
696 1189 771 1246 bono
785 1188 900 1245 consilio
918 1202 1039 1245 assumta
1054 1209 1068 1244 e
1083 1191 1247 1244 Criticorum

203 1285 312 1357 scriptis
331 1283 405 1357 (quae
424 1281 552 1339 omuibus
572 1282 697 1339 evolvere
711 1302 768 1337 non
783 1301 891 1357 semper
903 1289 998 1355 vacat)
1012 1283 1130 1357 genuina
1149 1300 1247 1336 manus

203 1377 314 1430 Auctori
329 1374 434 1430 reddita
446 1388 531 1445 esset,
547 1377 611 1452 quia
623 1373 765 1450 uulgatum
779 1378 912 1430 retinetur
924 1373 1017 1446 ulcus,
1030 1375 1181 1438 crucietur;
1196 1394 1247 1452 po-

203 1470 302 1524 tiorem
314 1481 433 1544 partem,
445 1481 558 1524 autnon
572 1482 729 1545 perceptam
739 1482 786 1524 eut
799 1468 886 1538 male,
902 1481 1035 1534 transeat;
1050 1481 1076 1523 et
1089 1466 1158 1522 nibil
1174 1467 1248 1546 quod

204 1564 306 1617 imitari
317 1574 377 1618 tuto
389 1565 487 1639 possit,
500 1565 653 1618 iuveniat.»
670 1569 731 1618 Haec
743 1561 805 1633 ilie,
820 1565 924 1640 optima
937 1559 1017 1634 sane,
1031 1576 1057 1618 et
1069 1561 1212 1618 utilissima
1226 1565 1248 1616 si

204 1652 368 1710 adhibeatur
376 1655 512 1730 judicium
522 1681 529 1720 ;
541 1658 602 1724 eui,
617 1668 752 1731 quantum
764 1653 853 1724 valui,
869 1656 989 1711 intendi:
1005 1668 1031 1711 et
1046 1657 1098 1710 boc
1110 1669 1249 1730 tempera-

206 1760 329 1804 mentum
346 1759 454 1806 secutus
472 1768 548 1818 sum,
562 1763 593 1804 ut
610 1753 634 1805 si
652 1753 680 1804 in
694 1748 804 1824 vulgata
820 1749 936 1806 lectione
950 1749 1054 1826 aliquid
1071 1753 1106 1805 sit
1121 1749 1251 1815 absurdi,

206 1842 250 1898 rei
265 1842 343 1912 falsi,
356 1843 399 1898 vel
414 1843 590 1918 inelegantis,
605 1856 700 1898 contra
712 1865 795 1916 vero,
810 1847 838 1900 in
853 1849 1017 1921 Conjectura
1032 1848 1089 1901 sive
1103 1861 1179 1912 mea,
1195 1846 1251 1898 sive

208 1935 277 1991 alius
290 1941 460 2012 cujuspiam,
472 1940 556 2004 ratio,
569 1941 716 1992 auctoritas
729 1939 816 2014 ipsius
827 1941 902 1995 Statii
916 1951 943 1993 et
954 1941 1123 2016 optimorum
1136 1939 1253 2013 Scripto-

208 2051 287 2103 rum,
300 2051 356 2086 una
373 2051 435 2086 eum
451 2033 564 2087 minima
578 2031 622 2086 vel
639 2035 737 2087 usitata
752 2032 935 2110 discrepantia
949 2053 964 2086 a
978 2031 1085 2109 vulgari
1103 2036 1252 2108 scriptura,

208 2127 284 2183 istud
302 2129 425 2202 ejiciam,
444 2126 497 2181 boc
515 2129 544 2182 in
562 2131 723 2182 Contentum
743 2147 889 2183 assumam.
907 2129 1006 2202 Atqui,
1025 2126 1137 2195 dieunt,
1159 2127 1180 2179 si
1200 2125 1253 2179 boc

209 2220 294 2277 semei
313 2220 488 2290 concedatur,
507 2231 597 2276 aetum
616 2232 657 2276 est
673 2220 707 2276 de
726 2224 901 2297 antiquitate,
919 2234 946 2276 et
962 2239 1013 2297 pro
1029 2222 1113 2276 Statio
1130 2218 1253 2292 legemus

209 2317 301 2370 nescio
319 2333 409 2390 quem.
429 2318 533 2384 Immo,
550 2314 719 2392 respondeo,
738 2334 790 2391 pro
808 2318 902 2372 nescio
919 2335 976 2391 quo
993 2313 1067 2390 leges
1086 2316 1209 2372 Statium.
1227 2317 1254 2368 Si

210 2409 284 2464 enim
297 2419 344 2479 tn,
363 2406 416 2463 leri
434 2407 479 2464 vel
498 2412 597 2469 usitata
614 2411 767 2470 mutatione,
780 2428 896 2477 vocum,
913 2427 946 2464 ex
963 2429 995 2464 eo
1014 2407 1088 2484 quod
1103 2406 1255 2464 absurdum

210 2513 269 2556 erat
279 2500 324 2556 vel
335 2520 393 2557 non
406 2501 632 2577 intelligendum,
646 2503 752 2558 efficere
765 2514 844 2579 potes
858 2521 970 2560 sensum
982 2502 1158 2577 perspicuum
1173 2511 1201 2554 et
1212 2501 1254 2552 ri-

211 2593 325 2663 vidum,
345 2591 423 2648 filum
438 2597 570 2650 Poematis
584 2609 612 2652 et
625 2614 781 2652 sermonem
798 2606 860 2670 epte
872 2613 1026 2650 connexum
1038 2591 1256 2670 procedentibus

212 2697 240 2741 et
252 2686 497 2762 subsequentibus,
508 2694 643 2744 Numeros
655 2686 817 2764 aeqrrabiles,
828 2698 856 2742 et
867 2689 964 2743 ceteris
976 2686 1098 2762 ejusdem
1111 2693 1197 2740 Poetae
1209 2703 1256 2760 pa-

212 2798 258 2834 res
272 2791 299 2834 et
311 2777 428 2845 similes;
444 2778 580 2856 denique,
596 2783 639 2836 cui
657 2779 727 2836 nibil
743 2779 778 2834 ab
789 2779 845 2836 ulia
861 2792 939 2857 parte
949 2779 1032 2856 oinci
1047 2781 1147 2856 pessit;
1164 2778 1256 2832 statim

213 2871 502 2949 exclamabo„sdpeue;
514 2886 596 2950 atque
607 2874 674 2945 boc,
685 2893 742 2930 nen
755 2875 807 2932 isto
820 2875 917 2945 ruodo,
929 2880 1039 2930 Portam
1052 2873 1191 2947 scripsisse
1203 2889 1259 2924 ere·

214 2967 288 3024 dam.
301 2968 375 3039 Quid
391 2971 464 3024 enim
481 2972 502 3024 si
519 2980 628 3024 centum
644 2967 759 3024 Codices
776 2972 949 3024 consentiant
964 2973 992 3024 in
1010 2969 1063 3024 hoc
1075 2963 1181 3037 Virgilii
1197 2961 1258 3018 loco

215 3061 320 3116 AEneid.
333 3066 397 3132 vu,
411 3064 482 3135 593:
1031 3048 1037 3060 ⁹

400 3171 473 3216 Multa
483 3173 545 3217 Deos
554 3185 669 3231 aurasque
677 3179 745 3230 pater
752 3179 848 3213 testatus
857 3169 949 3220 inanes,

402 3249 538 3311 Franqimur
547 3248 594 3296 beu
603 3249 690 3304 ventis,
699 3247 787 3308 inquit,
799 3245 943 3307 ferimurque
952 3241 1065 3306 procella:

216 3364 287 3402 anne
299 3343 360 3401 ideo
372 3345 512 3402 dubitares
523 3349 553 3402 in
564 3350 727 3402 Contextum
739 3343 896 3414 admittere,
907 3362 939 3398 er
951 3345 1121 3416 conjectura,

401 3456 474 3504 Mults
483 3459 545 3506 Deos
554 3472 651 3518 erasque
659 3469 727 3520 poter
736 3467 831 3504 testatus
840 3456 939 3502 inanes?
949 3463 955 3484 ¹

219 3679 242 3712 ‘s'
251 3685 256 3707 ¹
276 3673 406 3724 «Addimus
419 3673 464 3723 boe
478 3674 613 3738 suffragium
623 3673 823 3732 membranarum,
834 3691 886 3738 qna·
895 3673 1021 3734 iiambnrqi
1032 3674 1055 3717 in
1065 3667 1207 3716 bibliotheca
1217 3671 1262 3714 Fc-

216 3760 292 3809 eiesiae
303 3755 445 3805 exuetxattx
453 3770 586 3814 tenantur,
600 3759 624 3803 in
634 3755 717 3820 quibus
726 3756 810 3803 diserte
820 3771 916 3820 arasque
926 3753 1056 3802 exhibetur.
1067 3773 1078 3793 ι
1094 3755 1149 3797 Aer.
1160 3751 1260 3795 Enunrr.

222 3853 292 3901 1729,
301 3853 325 3901 p·
337 3837 390 3888 tex.
398 3871 430 3884 ...
438 3839 474 3884 De
482 3835 526 3885 bec
534 3835 695 3884 tertionevide
703 3851 754 3898 quae
764 3837 794 3882 ab
803 3837 893 3899 ileynio
902 3845 1050 3898 exponuntur
1057 3833 1080 3878 in
1087 3832 1163 3877 Variis
1172 3831 1262 3875 Lectio

221 3920 289 3968 nibm
299 3929 359 3966 nost.
369 3917 430 3964 Edit.
442 3929 498 3964 tom,
509 3919 554 3972 ut,
564 3931 618 3978 paq.
628 3915 769 3979 319e1320.
786 3917 829 3962 En.
