2844 4484
360 349 467 417 NOT.
489 353 533 416 IN
550 352 693 417 GARM.
715 353 730 415 l
752 354 839 417 LIB.
859 357 886 418 V
906 353 1018 419 SILV.
1143 359 1207 448 547

170 499 204 544 ιη
220 481 267 553 qui
281 493 340 531 roos
356 489 395 531 εει
411 477 500 530 literas
518 479 620 551 spurius
635 479 754 531 notsodi.
771 479 857 549 Lege,
872 478 1038 554 plueidasque
1053 501 1163 539 accessus
1178 488 1213 540 ad
1316 481 1318 492 '

170 578 252 614 uum.
265 562 323 613 Hoc
335 571 422 611 sutem
435 571 461 611 ει
473 558 521 611 tibi
534 573 559 611 et
570 558 635 611 mibi
646 559 745 627 debeo,
755 560 849 627 lector,
860 574 890 613 ut
902 563 988 614 fatear
999 581 1040 614 me
1052 582 1105 617 non
1117 566 1214 618 intelli·

172 657 235 710 gere
247 638 319 692 bunc
330 639 404 692 Statii
417 638 522 706 locum,
537 640 705 713 miseramque
714 658 823 694 accessus
835 641 870 692 ed
880 659 971 693 aurem
984 641 1105 716 Conjupis
1115 647 1210 697 orbati.-

169 720 252 774 verbu
265 718 370 792 quidem
383 737 474 772 omnes
485 719 667 790 intelligimus;
680 720 727 773 scd
738 739 791 792 quo
803 739 883 774 sensu
891 720 956 773 ltuic
967 719 1028 773 loco
1041 725 1212 797 conveniunt,

171 800 200 854 id
212 800 300 855 adbuc
311 817 417 872 quero,
430 814 456 853 et
468 804 589 872 suspicor
599 801 668 854 mule
680 802 776 854 allecta
789 819 853 853 esse.
1184 795 1188 822 '

210 968 251 1022 εδ.
273 969 364 1022 Omnis
375 978 525 1029 matertcm
545 985 636 1020 omnes
647 969 741 1034 Muses,
755 986 858 1020 sorores
870 966 1000 1040 Calliopes
1013 969 1103 1022 metris
1115 970 1215 1041 Orphei

175 1068 205 1100 ex
216 1050 321 1122 Kagro.
338 1049 435 1100 Dout'r.

211 1204 252 1257 26.
274 1205 364 1258 Omnis
373 1203 527 1277 Apollineus
542 1215 635 1279 teperet
645 1203 791 1278 Bacchique
803 1206 924 1259 sacerdos.
939 1205 1046 1278 Teporet
1056 1217 1095 1259 εει
1106 1210 1216 1260 comita-

82 1341 86 1348 ,
174 1296 252 1352 retur,
270 1298 300 1337 ut
310 1283 440 1339 'Ibebaid
453 1287 491 1352 ll,
505 1303 572 1356 219,
588 1287 685 1339 «Hunc
703 1287 765 1361 teqit
780 1288 914 1359 Iasiusque
930 1303 1025 1354 senex,
1041 1286 1216 1361 placidusque

78 1355 85 1370 ¹
172 1367 336 1419 Phoroneus.
344 1389 357 1413 ι
367 1368 453 1436 Hujus
463 1383 555 1418 sensus
564 1367 640 1418 notio
651 1380 690 1418 εει
699 1369 727 1417 in
736 1364 828 1437 phrasi
841 1365 908 1418 latis
919 1378 1016 1438 tepere,
1030 1384 1082 1437 qus
1093 1367 1216 1420 Horatius

175 1459 201 1500 et
214 1445 258 1499 ulii
270 1459 390 1499 utuntur.
404 1447 510 1512 Cicero,
523 1447 638 1512 Arateis,
655 1447 749 1498 «Hanc
762 1445 836 1496 Aries
848 1445 924 1518 tepit,
937 1457 962 1496 et
974 1464 1144 1516 squammoso
1157 1465 1217 1499 cor-

174 1545 239 1599 pore
247 1529 344 1598 pisces.
355 1551 367 1573 ι

209 1695 253 1752 33.
273 1697 355 1749 citius
366 1693 482 1769 penitrix
494 1691 611 1764 Sipyleia
619 1691 708 1764 fertur
720 1691 871 1744 Extausise
881 1709 970 1764 qenes.
984 1693 1023 1744 lte
1037 1710 1145 1760 omnes,
1161 1697 1219 1767 opi-

175 1796 232 1845 nor,
245 1775 374 1830 editiones
386 1787 448 1845 post
456 1775 614 1840 Domitius,
627 1774 672 1845 qui
684 1773 719 1824 itn
731 1774 851 1843 reposuit
862 1790 912 1843 pro
921 1772 1036 1843 Sipellea
1040 1772 1137 1842 fertur,
1148 1775 1221 1846 quod

173 1859 201 1911 in
218 1859 274 1910 suis
290 1853 414 1907 omnibus
430 1853 542 1916 invenit3
559 1853 637 1905 etita
654 1871 703 1925 ego
720 1853 747 1904 in
764 1854 849 1904 Perm-
866 1850 887 1905 si
896 1851 983 1925 pellea
988 1852 1085 1925 fertur.
1096 1855 1219 1907 Heinsius

174 1957 237 1992 vero
249 1937 283 1990 sd
295 1935 371 1989 Ovid.
383 1937 451 1987 Fost.
465 1933 585 2003 1v‚943‚
598 1931 760 2002 emendavit,
774 1934 869 1984 scitius
880 1934 991 2002 genitrix
1002 1932 1110 2005 Sipylea
1115 1935 1222 2007 feretur

175 2016 332 2073 Exhausisss
343 2034 441 2087 genss5
451 2040 463 2063 ι
478 2032 532 2085 quo
544 2013 609 2068 nibil
622 2031 739 2084 unquam
751 2015 836 2066 verius
847 2014 914 2066 fuit:
930 2016 1050 2085 sequitur
1061 2015 1147 2081 enim,
1161 2039 1173 2063 ι
1184 2017 1221 2067 ci-

174 2100 227 2151 tius
238 2094 380 2149 Tithonida
392 2097 478 2148 moesti
489 2091 617 2168 Dpieient
628 2113 716 2160 rores,
729 2103 775 2146 sut
787 2095 916 2146 exsiccata
921 2093 1065 2164 fatiscet:-
1080 2114 1143 2167 ergo
1150 2097 1221 2168 fene·

114 2187 115 2190 ’
176 2192 219 2232 tur
232 2176 389 2240 olamuce-
406 2174 480 2249 quod
496 2174 661 2227 tantumdem
677 2188 732 2241 est,
747 2193 796 2227 nec
812 2173 872 2246 plus
888 2193 967 2245 quam
983 2173 1132 2237 exhaurien-
1148 2175 1221 2227 nulla

175 2259 277 2310 ratione
289 2254 379 2308 habits
386 2256 471 2327 fame
481 2255 521 2308 vel
534 2255 643 2308 nemoris
654 2255 682 2307 in
693 2272 758 2306 voce
766 2255 878 2326 feretur,
895 2253 942 2306 sed
953 2255 1108 2327 simpliciter
1122 2253 1221 2307 exduu-

176 2337 231 2388 rs'et.
248 2333 279 2387 ld
293 2353 342 2406 ego
354 2332 479 2407 exemplis
492 2333 593 2406 aliquot
604 2333 680 2406 (quio
693 2336 782 2386 neseio
797 2353 829 2386 sn
845 2334 973 2388 hactenus
987 2333 1126 2388 observate
1140 2335 1220 2386 luerit

176 2418 280 2486 poetica
295 2415 351 2468 baee
363 2414 508 2486 elegantia)
520 2415 679 2467 illustratum
690 2413 776 2466 dabor
790 2413 917 2483 Ovidius,
928 2416 1029 2468 Festos.
1042 2417 1081 2481 ΙΙ,
1095 2415 1160 2482 289:

361 2525 420 2568 Ante
427 2524 511 2568 lovem
519 2523 622 2584 genitum
630 2535 705 2570 terra
713 2521 823 2568 bsbrissc
832 2512 940 2568 feruutur

390 2591 504 2646 Arcades,
515 2604 538 2638 et
547 2595 612 2638 Luna
622 2607 679 2654 gens
688 2593 752 2654 prior
761 2591 801 2639 ille
810 2592 869 2638 luit:

177 2691 223 2744 ubi
241 2689 355 2743 lubuissc
364 2689 491 2760 feruntur
506 2689 660 2763 simpliciter
673 2705 714 2742 est
730 2691 891 2752 babuerimu-
908 2703 938 2742 nt
953 2709 1014 2744 mox
1022 2689 1096 2762 fisit:
1115 2690 1219 2742 sienim

175 2773 273 2826 dixisse
284 2771 399 2824 voluerit
408 2770 534 2837 Ovidius,
552 2772 654 2822 uFamo
670 2783 706 2823 est
722 2771 840 2825 Arcados
856 2772 973 2826 babuisse
987 2784 1107 2838 terres,·
1124 2771 1219 2824 dixisse

179 2854 259 2906 etism
271 2850 379 2917 debuit,
394 2865 439 2904 «et
452 2864 559 2922 gentem
572 2853 649 2903 istem
657 2851 742 2922 fisbsc
754 2853 869 2922 priorem
882 2853 992 2918 Luns‚·
1009 2871 1090 2924 quum
1105 2865 1219 2921 utraque

177 2933 326 3005 propositio
344 2929 463 3001 ejusdem
479 2933 513 2983 sit
527 2930 694 2984 certitudinis.
710 2932 770 2982 lam
783 2949 847 2984 vero
863 2949 945 3002 quum
960 2929 1091 3005 affirmet,
1108 2943 1134 2984 st
1148 2930 1220 2982 dicat

171 3013 243 3084 fuit,
258 3030 367 3066 neeesse
383 3013 461 3064 etism
478 3025 564 3064 estut
579 3010 651 3063 dicut
668 3011 818 3065 babuerunt.
834 3015 866 3065 Et
883 3012 916 3066 sd
931 3012 1002 3064 beno
1016 3011 1132 3082 regulam
1146 3013 1220 3081 exige

178 3093 296 3166 exemplu
308 3093 462 3164 sequentis:
475 3091 561 3160 idem,
573 3090 669 3145 eodem
680 3091 762 3159 libro,
774 3112 799 3144 v.
813 3091 878 3160 255,
889 3096 916 3146 in
926 3091 1019 3145 fabulo
1030 3093 1123 3144 Corvi:

360 3197 485 3242 lmmetnor
493 3196 915 3259 imperiiscdissesubarborciertur,
941 3201 943 3210 '

392 3269 455 3314 Dum
464 3267 547 3316 fierent
555 3267 619 3314 tsrds
629 3267 703 3316 dulcit
713 3285 781 3331 poma
791 3285 864 3316 more.

362 3339 419 3386 lndc
430 3351 493 3386 satur
502 3341 572 3402 nigris
580 3337 676 3402 longum
685 3341 746 3404 rupit
754 3341 871 3403 unpuibus
879 3339 978 3404 hydrum
987 3375 994 3396 ,

393 3409 429 3456 Ad
437 3409 604 3473 dominumque
613 3409 683 3466 redit,
694 3411 793 3474 ficteque
802 3411 873 3457 verbe
882 3411 967 3458 refert:

178 3507 265 3560 sedisse
271 3505 360 3580 fertur
370 3520 411 3560 εει
420 3507 499 3575 sedit,
511 3519 542 3558 ut
553 3507 633 3579 rupit,
648 3507 726 3574 sedit,
740 3508 832 3576 refert5
846 3525 895 3578 pro
910 3506 1005 3580 quibus
1018 3505 1113 3558 dixisse
1127 3504 1219 3556 debuit

179 3587 280 3658 rapuit,
292 3586 378 3652 rediit,
392 3585 494 3648 retstlit5
507 3584 553 3638 sed
563 3585 632 3639 bunc
643 3599 792 3656 temporum
804 3590 976 3640 mutationem
989 3589 1128 3658 sepissime
1139 3585 1220 3655 negli-

179 3679 244 3737 gunt
255 3680 355 3738 poeste:
368 3664 502 3730 Tibullus,
515 3668 554 3732 11,
566 3684 591 3733 1,
601 3685 640 3718 vs.
652 3667 700 3734 39,
712 3665 745 3718 de
756 3658 903 3720 Diis'mris:

362 3754 397 3801 Illi
407 3755 539 3818 compositis
547 3757 647 3818 primum
656 3755 757 3802 docuere
766 3753 841 3820 ti'pillis

395 3827 502 3888 Exiguum
511 3827 580 3874 viridi
589 3826 674 3875 fronde
683 3829 773 3889 operire
782 3845 857 3876 casuro
866 3845 871 3874 :

314 3899 320 3912 ⁸
366 3891 400 3939 llli
410 3896 477 3942 etism
487 3909 566 3944 tauros
574 3897 675 3958 primum
686 3894 791 3944 docuisse
800 3898 907 3944 feruntur

395 3965 530 4021 Servitium,
540 3979 564 4012 ει
572 3965 676 4028 plunstro
686 3969 833 4029 supposuisse
843 3981 924 4014 emant.

366 4037 431 4082 Tunc
441 4037 513 4084 victus
523 4036 601 4083 abiere
610 4038 670 4092 leri,
680 4049 724 4084 cte.
