2776 4484
188 289 230 366 44
432 288 468 351 Ρ.
494 286 529 349 Ρ.
556 285 710 351 STATII
735 285 977 353 SILVARUM

231 406 391 477 Nobilitas
403 412 517 502 gavisa
527 409 623 493 tulit,
636 433 853 506 praesagoque
864 413 981 480 formae
994 445 998 454 ·

233 524 548 590 Protinusenostro
559 525 673 615 posuit
685 525 884 614 oognomina
895 523 987 592 caeio.

233 636 332 699 Huno
343 648 475 724 egomet
486 647 556 700 tota
567 631 738 726 quondam
749 631 824 720 (tibi
835 633 1143 729 dulce!)pharetra

231 741 424 837 improbus,
438 759 472 810 et
483 742 587 811 densa
598 742 821 835 trepidantem
833 744 972 836 cuspide
984 745 1054 814 fixi.
1200 763 1233 831 75

230 855 391 939 Quamvis
403 856 558 921 Ausoniis
570 852 716 921 muitum
729 878 831 946 gener
841 853 899 923 ille
910 857 1036 948 petitus

231 963 411 1050 Manibus,
425 964 559 1033 edomui
571 967 713 1047 victum,
726 963 939 1063 dominaeque
948 972 1095 1061 potentis

232 1080 331 1144 Ferre
339 1072 475 1168 jugum,
489 1091 522 1142 et
532 1074 651 1168 longos
660 1073 746 1171 jussi
759 1100 895 1169 sperare
906 1101 970 1170 per
980 1102 1098 1146 annos

231 1189 292 1252 Ast
302 1182 392 1252 illam
405 1207 537 1252 summa
547 1183 682 1268 leviter,
695 1187 743 1252 sic
754 1208 901 1280 namque
910 1183 1067 1278 jubebas,

230 1295 416 1389 Lampade,
428 1312 619 1389 paroentes,
632 1314 666 1365 et
678 1300 778 1366 inerti
790 1300 985 1367 strinximus
998 1323 1089 1368 arcu.
1199 1315 1235 1368 80

231 1413 281 1478 Ex
293 1406 350 1476 ilio
362 1425 506 1503 quantos
514 1406 647 1503 juvenis
660 1426 793 1502 premat
803 1412 922 1479 anxius
933 1412 1027 1503 ignes

232 1521 341 1587 Testis
353 1522 608 1612 ego,attonitus
619 1537 786 1616 quantum
798 1544 852 1588 me
863 1536 961 1588 nocte
971 1520 1091 1618 dieque

234 1635 418 1724 Urgentem
431 1631 516 1700 ferat
529 1659 536 1699 :
550 1631 642 1700 haud
654 1631 714 1700 ulli
725 1631 957 1702 vehementior
968 1657 1118 1729 unquam

233 1743 393 1827 Incubui,
406 1747 568 1836 genitrix,
580 1747 765 1839 iterataque
777 1742 917 1812 vulnera
928 1744 996 1813 fixi.

232 1853 308 1921 Vidi
321 1877 382 1946 ego
394 1869 428 1921 et
439 1858 559 1923 immiti
571 1856 734 1948 cupidum
745 1855 924 1925 decurrere
936 1879 1058 1950 campo
1201 1869 1236 1924 85

234 1965 499 2055 Hippomenem,
512 1987 575 2033 nec
587 1971 635 2035 sic
647 1983 735 2035 meto
747 1964 894 2058 pallebat
905 1968 941 2032 in
953 1969 1039 2033 imo:

233 2074 310 2143 Vidi
322 2093 356 2143 et
367 2076 519 2169 Abydeni
527 2075 661 2171 juvenis
674 2079 834 2147 certantia
846 2077 947 2145 remis

225 2249 267 2318 74.
285 2249 404 2323 Egomet.
425 2252 491 2305 Cod.
512 2255 585 2306 Urat.
607 2253 689 2307 babet
735 2251 1235 2326 Testiseqorottonibu‚querutum,etc.

145 2392 149 2401 Ι
189 2347 236 2402 eqo
248 2346 297 2378 me.
309 2331 391 2380 Hirn.
733 2333 771 2384 lto
787 2332 856 2384 enim
870 2328 1012 2402 legendum
1029 2342 1054 2381 et
1069 2327 1238 2401 distinguen-

227 2407 341 2476 78.Jusri
346 2427 454 2480 sperare.
463 2411 540 2464 Lind.
546 2431 577 2464 ex
585 2426 638 2465 snt.
646 2413 686 2465 ed.
732 2411 813 2464 dum:
829 2425 855 2464 et
868 2413 904 2463 ita
918 2412 974 2463 fere
988 2411 1137 2463 Gronovius
1148 2410 1236 2462 Dietr.

191 2487 268 2540 affort
269 2490 342 2560 jussu
347 2510 357 2550 ,·
370 2487 411 2541 ed.
423 2508 465 2562 pr.
475 2502 601 2561 spectare,
615 2493 689 2564 quod
733 2507 792 2560 cap.
804 2504 834 2557 9,
844 2487 904 2540 iicet
914 2489 941 2539 in
952 2487 1035 2559 Reliq.
1049 2487 1083 2539 ad
1094 2487 1159 2540 Stet.
1172 2487 1237 2541 silv.

191 2565 302 2617 fortasse
322 2564 366 2618 elii
386 2585 435 2638 pro
453 2581 596 2642 exspectare
617 2573 688 2624 acei-
734 2566 818 2640 legat,
831 2567 1099 2642 Testiseqoattonito:
1111 2564 1240 2639 quoden-

191 2643 280 2714 pient;
296 2643 343 2696 sed
354 2661 455 2716 sperare
468 2650 578 2719 proprie
592 2646 625 2700 de
639 2649 690 2702 hae
734 2647 1148 2722 nenoncapio.-Antedldum,
1157 2666 1238 2718 quern

191 2741 220 2774 re
229 2736 386 2793 usurpetur,
399 2722 470 2776 unde
482 2737 594 2797 sperata.
609 2729 691 2782 Hero.
736 2747 828 2786 omnes
846 2727 958 2802 posthac
980 2729 1085 2802 sequuti
1104 2741 1179 2795 sunt,
1197 2729 1241 2781 in-

229 2819 270 2873 79.
288 2803 398 2856 Summa
416 2802 512 2858 leviter.
532 2805 599 2859 Cod.
615 2810 690 2861 Uret.
736 2807 949 2881 terpungebatur
963 2807 1031 2860 testis
1042 2827 1088 2881 eqo
1101 2806 1240 2874 anonim,

193 2880 297 2948 leniter,
308 2881 381 2953 quod
391 2900 469 2933 nemo
478 2882 612 2955 probabit.
623 2885 690 2937 Edit.
738 2899 882 2961 quantum,
892 2899 941 2953 eto
953 2887 986 2940 Et
992 2885 1109 2939 Gronov.
1120 2887 1146 2936 in
1154 2886 1237 2936 Diatr.

193 2960 693 3037 Ven.1494,summam,erroretypo-
737 2987 800 3042 pag.
817 2986 866 3023 too
881 2967 948 3038 (54)
963 2967 1063 3019 dictum
1079 2962 1190 3035 putabat
1204 2961 1238 3016 do

193 3037 301 3110 graphi,
312 3053 342 3090 ut
353 3042 453 3092 noterit
465 3042 598 3096 drantius.
611 3045 692 3096 utun.
738 3050 837 3102 Amore
844 3047 990 3101 admirante
994 3049 1118 3117 juvenem
1126 3042 1238 3107 fortem,

231 3118 695 3191 80.1neni.Vulgoinemi.-1nmi
739 3139 769 3178 nt
783 3127 867 3178 voluit
885 3125 964 3176 etiam
980 3118 1148 3174 maritandas
1162 3137 1238 3170 oom-

194 3207 236 3247 str.
245 3213 316 3248 arcu.
325 3197 605 3264 Inermicoddsseid.
613 3203 692 3255 Paris.
738 3197 1237 3274 matepostattonitusetcoioposteyo

196 3272 254 3326 edd.
265 3293 306 3346 pr.
317 3277 391 3328 Rom.
403 3277 462 3331 Vie.
473 3282 593 3346 Veneto,
603 3281 692 3333 Aldin.
737 3281 837 3351 potito.
855 3279 973 3330 Attonito
990 3276 1063 3348 quod
1080 3273 1122 3328 ille
1139 3273 1239 3342 edidit,

196 3366 222 3405 et
233 3356 393 3409 recentiores
406 3375 512 3423 omnen
529 3359 591 3413 edit.
609 3362 692 3412 Parin.
737 3359 834 3430 legitur
848 3359 926 3410 etiam
939 3355 967 3406 in
978 3352 1040 3407 edit.
1053 3355 1138 3426 princ.
1154 3355 1238 3406 litun.

196 3432 273 3484 inerti
279 3455 288 3494 ,·
302 3431 371 3486 bene
383 3433 524 3488 lectionem
538 3435 694 3490 confirmant
774 3438 818 3490 83.
841 3435 988 3509 Uryeotem.
1010 3433 1076 3486 Cod.
1095 3430 1171 3486 Leid.
1192 3453 1240 3486 ur-

188 3511 469 3582 optimusGodUrtt.
484 3528 509 3566 et
519 3526 632 3587 quatuor
644 3518 695 3568 Ve-
737 3517 861 3594 qendum.
882 3515 962 3566 tirso,

197 3593 290 3660 unani,
303 3613 415 3667 eamque
426 3597 523 3667 recepi.
541 3595 623 3646 Hero.
775 3596 818 3662 84.
839 3595 905 3647 Vixi.
916 3591 981 3644 God.
992 3594 1064 3645 Uret.
1072 3590 1143 3663 sodi.
1155 3593 1240 3646 niun.

234 3673 276 3726 8².
298 3675 377 3728 Testis
396 3691 456 3746 eqo,
479 3673 619 3740 attonitus,
644 3688 694 3726 eto.
739 3675 854 3730 -ndit
866 3694 906 3747 pr.
913 3673 993 3745 facti.

198 3755 298 3805 Veneta
319 3753 398 3806 editio
419 3766 446 3803 et
465 3751 620 3806 chartaceus
639 3753 695 3806 MS.
776 3756 818 3810 86.
833 3756 900 3808 lm.
911 3753 979 3806 cod.
992 3755 1049 3806 Par.
1062 3767 1089 3808 et
1100 3753 1142 3808 ed.
1155 3754 1240 3826 prino.

197 3835 240 3884 Jo.
250 3829 361 3895 Rhodii,
373 3827 603 3884 membranaceus:
618 3831 697 3885 Testis
733 3834 805 3904 ipsa.
820 3833 861 3885 Sic
874 3831 907 3884 ei.
920 3830 1006 3886 Hand.
1019 3833 1128 3904 recepit.

199 3930 245 3982 eqo
263 3907 382 3962 attonito.
401 3907 572 3976 Gronou—
588 3911 630 3962 Ex
649 3909 697 3964 illo
778 3913 821 3984 87.
838 3912 966 3985 Abydeni.
984 3911 1051 3966 Edit.
1069 3929 1109 3982 pr.
1125 3922 1151 3962 et
1164 3909 1240 3960 Rom.

200 3985 619 4060 quantosjuoenisprematonxiiu
628 3989 698 4065 iones
742 3991 854 4046 Abideni
878 4005 905 4046 et
929 4004 1008 4046 entes
1031 3991 1240 4062 Hyppomenem.
