2784 4484
126 261 181 324 xiv
525 256 769 321 PRAEFATIO

126 387 244 452 coruin
259 385 423 476 impetum
437 386 472 448 in
487 406 591 450 unam
607 383 792 449 Thebaidem
808 382 1031 466 deferbuisse,
1048 409 1111 456 nec
1124 403 1168 454 at-

126 505 240 596 tigisse
261 503 398 597 quidem
416 502 469 570 vel
488 483 686 589 Achilleida',
705 502 759 572 vel
779 502 900 587 Silvas,
922 528 991 598 quo
1010 507 1046 572 in
1067 531 1168 600 opere

131 649 315 718 «cuperem
337 627 401 711 (ait
424 627 470 691 M.
494 628 614 692 Antan.
635 625 848 713 Sabellicus),
872 627 1012 694 Statium
1032 650 1170 720 operam
1196 633 1198 640 ’

128 768 263 811 omnem
276 743 423 810 locasse:
439 742 522 810 nihil
535 759 586 812 est
597 747 687 811 enim
702 742 767 810 iliis
784 741 980 826 amabilius,
996 743 1168 828 floridius,

128 865 301 957 magisque
313 865 492 955 poeticum.
508 895 520 922 n

174 1041 238 1110 Sed
258 1045 372 1133 ipsum
392 1066 485 1110 nunc
507 1041 678 1111 Handium
699 1041 894 1138 loquentem
913 1043 1099 1113 audiamus.
1123 1049 1172 1113 Ea

129 1178 208 1228 sunt
218 1162 282 1228 viri
293 1159 484 1252 politissimi
495 1161 612 1243 verba,
627 1165 663 1228 in
675 1162 798 1256 quibus
810 1178 883 1230 tum
898 1179 1067 1256 praecepta
1078 1187 1171 1258 quta·

128 1277 207 1346 dam
220 1279 263 1346 de
278 1304 315 1346 re
328 1283 443 1347 critica
454 1281 533 1348 hinc
547 1297 581 1348 et
597 1281 676 1349 inde
690 1278 843 1375 subjicit,
863 1299 938 1348 tum
955 1281 998 1349 de
1019 1283 1121 1351 Statio
1139 1298 1173 1350 et

128 1398 199 1492 ejus
216 1404 403 1492 praesertim
416 1401 513 1470 Silvis
528 1406 705 1495 sagaciter,
720 1421 759 1471 ut
773 1402 875 1488 solet,
895 1422 929 1472 et
945 1403 1095 1473 modeste
1113 1401 1172 1472 ad·

129 1516 268 1585 modum
280 1518 425 1586 disserit.

191 1683 383 1760 uUniversa,
404 1686 524 1768 inquit,
545 1689 618 1747 artis
642 1701 792 1770 praecepta
814 1707 1004 1770 quamquam
1025 1689 1118 1747 etiam
1141 1689 1174 1746 in

149 1781 247 1864 poetis
265 1783 384 1844 Latinis
399 1784 567 1845 tractandis
581 1787 722 1845 criticum
740 1800 844 1846 tenere
858 1798 999 1868 oportet,
1017 1799 1120 1846 tamen
1142 1801 1177 1845 ut

150 1900 258 1940 omnes
272 1884 319 1942 sui
334 1882 430 1942 officii
448 1895 548 1964 partes
562 1883 705 1965 impleat,
724 1885 752 1943 ei
767 1897 838 1943 ante
852 1887 959 1944 omnia
974 1884 1176 1964 quaerendum

149 1990 195 2037 est
207 1977 246 2038 de
259 1981 411 2054 auctoris,
430 1999 522 2059 quem
541 1979 599 2038 sibi
618 1979 726 2059 elegit,
742 1981 871 2060 ingenio
885 1977 1010 2061 ejusque
1024 1979 1176 2040 scribendi

150 2095 269 2156 genere.
286 2077 365 2135 Nam
380 2075 560 2138 Graecorum
574 2087 737 2157 poetarum
751 2076 887 2158 optimus
901 2077 1047 2157 quisque,
1063 2091 1177 2136 utnon

151 2171 257 2234 alienis
270 2175 397 2251 caussis,
412 2173 464 2235 sed
478 2174 574 2256 ipsius
586 2190 703 2236 naturae
718 2175 919 2234 incitamento
932 2173 1100 2261 impulsus,
1112 2195 1179 2235 sen·

153 2289 220 2328 sum
239 2269 362 2351 pulchri
380 2283 409 2330 et
426 2269 566 2349 honesti,
586 2271 671 2354 quod
685 2275 718 2331 in
733 2271 879 2331 omnibus
899 2271 989 2330 rebus
1003 2291 1103 2330 unum
1119 2283 1178 2342 est,

152 2367 251 2427 verbis
271 2371 349 2450 aptis
370 2383 399 2428 et
418 2370 511 2431 bonis
531 2373 698 2453 exprimere
717 2370 850 2446 solebat,
871 2373 915 2430 ita
936 2390 1059 2442 omnes,
1081 2390 1179 2449 quum

152 2463 294 2546 linguam
312 2467 351 2527 ad
372 2469 492 2549 regulas
509 2468 755 2546 conformatam,
779 2483 937 2549 artemque
953 2469 1041 2527 certis
1061 2466 1180 2548 legibus

154 2561 417 2644 circumscriptam
437 2562 607 2640 haberent,
632 2587 694 2645 quo
721 2566 850 2648 propius
879 2566 917 2625 ab
943 2565 1039 2646 ipsius
1061 2576 1180 2623 naturae

153 2661 279 2720 veritate
288 2660 435 2739 aberant,
444 2685 481 2724 eo
492 2665 589 2745 magis
600 2685 799 2724 communem
810 2666 963 2725 rationem
976 2660 1182 2736 adhibebant,

154 2754 325 2838 iisdemque
343 2759 460 2838 ingenii
478 2757 644 2819 virtutibus
662 2759 804 2820 excellere
822 2759 997 2842 cupiebant.
1021 2759 1059 2816 At
1078 2758 1182 2816 Latini

155 2855 191 2913 iis
204 2853 331 2935 quidem
345 2855 554 2938 temporibus,
568 2856 622 2914 ubi
636 2869 735 2937 poetae
750 2856 911 2941 disciplina
924 2870 954 2918 et
968 2855 1070 2916 studio
1084 2855 1182 2914 infor·

154 2951 233 3010 mari
247 2963 417 3035 coeperant,
432 2951 558 3012 diversis
572 2955 685 3013 caussis
699 2953 839 3026 deducti,
854 2953 884 3013 id
900 2955 1108 3034 maximopere
1121 2969 1184 3032 spe

156 3047 298 3124 stabant,
312 3063 363 3125 ut,
378 3053 529 3133 quoniam
541 3047 691 3134 plurimas
703 3073 750 3111 res
761 3051 801 3110 ab
813 3049 879 3110 aliis
892 3061 1048 3123 tractatas,
1061 3057 1092 3107 et
1103 3048 1183 3128 ipsas

157 3163 284 3228 poeseos
299 3144 380 3227 leges
392 3150 566 3228 antiquatas
578 3148 811 3223 existimabant,
828 3147 918 3206 novis
935 3145 1047 3206 formis
1065 3145 1182 3225 ingenii

158 3241 335 3302 facuitatem
354 3259 539 3320 assererent,
560 3259 589 3306 et
608 3248 631 3307 si
648 3245 708 3306 hac
723 3244 857 3304 destituti
875 3242 1009 3319 fuerint,
1030 3241 1185 3304 inusitatis

158 3337 294 3426 artifiqiis
315 3342 571 3422 approbationem
594 3343 652 3403 sibi
674 3343 883 3424 impetrarent.
905 3339 998 3418 Quod
1018 3340 1120 3399 nescio
1143 3360 1185 3398 an
1252 3381 1253 3386 κ

130 3505 133 3518 Ι
158 3435 248 3496 nullo
258 3438 465 3499 commodiori
483 3441 622 3524 exemplo
638 3441 841 3502 demonstrari
859 3441 958 3521 possit
970 3459 1064 3522 quam
1076 3436 1185 3498 carmi·

159 3533 252 3594 nibus
266 3535 388 3618 Papinii
402 3538 508 3599 Statii:
529 3561 603 3599 nam
617 3541 678 3600 nisi
692 3560 735 3599 eta
750 3560 812 3614 res,
826 3559 896 3619 quae
910 3537 984 3598 huic
1001 3547 1099 3618 poetae
1112 3555 1186 3618 pro·

159 3630 235 3712 price
247 3648 333 3709 sunt,
345 3650 485 3696 accurate
494 3636 739 3712 considerentur,
752 3637 894 3718 plurimis
906 3635 1026 3724 in'locis
1036 3634 1188 3718 scriptura

159 3741 297 3790 veterum
319 3731 472 3793 librorum
494 3746 656 3814 corrupta,
679 3749 733 3794 aut
755 3733 823 3795 aliis
845 3733 1027 3794 nominibus
1050 3745 1186 3815 suspecta

160 3826 320 3888 videbitur.
340 3830 443 3906 Quare
456 3851 514 3911 ego
530 3852 655 3912 quoque
670 3833 703 3891 in
721 3831 829 3914 primis
845 3853 971 3914 operam
985 3831 1074 3905 dedi,
1093 3844 1128 3889 ut
1141 3849 1186 3887 as·

160 3923 248 3984 fidus
262 3924 392 3986 lectione
407 3947 472 3986 non
488 3939 611 3987 tantum
625 3947 716 3987 usum
730 3929 898 3988 verborum
919 3929 951 3986 in
971 3929 1055 3988 Statii
1076 3925 1186 3984 carmi-
