<?xml version="1.0" encoding="UTF-8"?>
<!DOCTYPE html PUBLIC "-//W3C//DTD XHTML 1.0 Transitional//EN"
    "http://www.w3.org/TR/xhtml1/DTD/xhtml1-transitional.dtd">
<html xmlns="http://www.w3.org/1999/xhtml" xml:lang="en" lang="en">
 <head>
  <title>
</title>
<meta http-equiv="Content-Type" content="text/html;charset=utf-8" />
  <meta name='ocr-system' content='tesseract 3.04.00' />
  <meta name='ocr-capabilities' content='ocr_page ocr_carea ocr_par ocr_line ocrx_word'/>
</head>
<body>
  <div class='ocr_page' id='page_1' title='image "./quexstantomniao03lemagoog_0465.png"; bbox 0 0 2850 4488; ppageno 0'>
   <div class='ocr_carea' id='block_1_1' title="bbox 339 312 1222 409">
    <p class='ocr_par' dir='ltr' id='par_1_1' title="bbox 339 312 1222 409">
     <span class='ocr_line' id='line_1_1' title="bbox 339 312 1222 409; baseline 0.008 -31"><span class='ocrx_word' id='word_1_1' title='bbox 339 313 447 379; x_wconf 86' lang='lat' dir='ltr'>NOT.</span> <span class='ocrx_word' id='word_1_2' title='bbox 474 314 523 377; x_wconf 86' lang='lat' dir='ltr'><strong>IN</strong></span> <span class='ocrx_word' id='word_1_3' title='bbox 545 312 688 377; x_wconf 82' lang='lat' dir='ltr'>CARM.</span> <span class='ocrx_word' id='word_1_4' title='bbox 710 313 745 377; x_wconf 89' lang='lat'><strong>11</strong></span> <span class='ocrx_word' id='word_1_5' title='bbox 769 314 857 378; x_wconf 90' lang='lat' dir='ltr'><strong>LlB.</strong></span> <span class='ocrx_word' id='word_1_6' title='bbox 878 315 929 379; x_wconf 93' lang='lat' dir='ltr'><strong>IV</strong></span> <span class='ocrx_word' id='word_1_7' title='bbox 949 315 1060 382; x_wconf 86' lang='lat' dir='ltr'><strong>SI&#39;LV.</strong></span> <span class='ocrx_word' id='word_1_8' title='bbox 1157 323 1222 409; x_wconf 65' lang='lat'><strong>429</strong></span> 
     </span>
    </p>
   </div>
   <div class='ocr_carea' id='block_1_2' title="bbox 174 434 1225 1072">
    <p class='ocr_par' dir='ltr' id='par_1_2' title="bbox 174 434 1225 1072">
     <span class='ocr_line' id='line_1_2' title="bbox 176 434 1224 514; baseline 0.005 -22"><span class='ocrx_word' id='word_1_9' title='bbox 176 438 288 492; x_wconf 75' lang='lat' dir='ltr'><strong>cesarei</strong></span> <span class='ocrx_word' id='word_1_10' title='bbox 302 435 354 490; x_wconf 88' lang='lat' dir='ltr'><strong>slte</strong></span> <span class='ocrx_word' id='word_1_11' title='bbox 366 449 564 507; x_wconf 72' lang='lat' dir='ltr'><strong>assurgentem,</strong></span> <span class='ocrx_word' id='word_1_12' title='bbox 580 434 687 508; x_wconf 78' lang='lat' dir='ltr'><strong>lateque</strong></span> <span class='ocrx_word' id='word_1_13' title='bbox 699 455 726 491; x_wconf 90' lang='lat' dir='ltr'><strong>se</strong></span> <span class='ocrx_word' id='word_1_14' title='bbox 738 438 893 491; x_wconf 77' lang='lat' dir='ltr'>efferentem</span> <span class='ocrx_word' id='word_1_15' title='bbox 904 440 1157 514; x_wconf 86' lang='lat' dir='ltr'><strong>extendentemque,</strong></span> <span class='ocrx_word' id='word_1_16' title='bbox 1174 447 1224 496; x_wconf 86' lang='lat' dir='ltr'><strong>irn-</strong></span> 
     </span>
     <span class='ocr_line' id='line_1_3' title="bbox 174 515 1223 595; baseline 0.01 -27"><span class='ocrx_word' id='word_1_17' title='bbox 174 526 264 589; x_wconf 80' lang='lat' dir='ltr'><strong>petum</strong></span> <span class='ocrx_word' id='word_1_18' title='bbox 281 515 353 568; x_wconf 85' lang='lat' dir='ltr'><strong>dixit.</strong></span> <span class='ocrx_word' id='word_1_19' title='bbox 365 539 376 564; x_wconf 80' lang='lat' dir='ltr'><strong>s</strong></span> <span class='ocrx_word' id='word_1_20' title='bbox 396 515 449 568; x_wconf 89' lang='lat' dir='ltr'><strong>Sed</strong></span> <span class='ocrx_word' id='word_1_21' title='bbox 464 517 595 589; x_wconf 87' lang='lat' dir='ltr'><strong>primum,</strong></span> <span class='ocrx_word' id='word_1_22' title='bbox 610 534 692 588; x_wconf 85' lang='lat' dir='ltr'><strong>quere</strong></span> <span class='ocrx_word' id='word_1_23' title='bbox 704 518 860 570; x_wconf 85' lang='lat' dir='ltr'><strong>mutandum</strong></span> <span class='ocrx_word' id='word_1_24' title='bbox 872 532 913 571; x_wconf 89' lang='lat' dir='ltr'><strong>est</strong></span> <span class='ocrx_word' id='word_1_25' title='bbox 922 518 949 570; x_wconf 78' lang='lat' dir='ltr'><strong>ri</strong></span> <span class='ocrx_word' id='word_1_26' title='bbox 961 539 1011 592; x_wconf 79' lang='lat' dir='ltr'><strong>que</strong></span> <span class='ocrx_word' id='word_1_27' title='bbox 1024 523 1051 574; x_wconf 90' lang='lat' dir='ltr'><strong>in</strong></span> <span class='ocrx_word' id='word_1_28' title='bbox 1062 543 1128 595; x_wconf 79' lang='lat' dir='ltr'><strong>qua,</strong></span> <span class='ocrx_word' id='word_1_29' title='bbox 1141 542 1223 595; x_wconf 87' lang='lat' dir='ltr'><strong>quum</strong></span> 
     </span>
     <span class='ocr_line' id='line_1_4' title="bbox 176 595 1224 672; baseline 0.01 -24"><span class='ocrx_word' id='word_1_30' title='bbox 176 615 225 668; x_wconf 80' lang='lat' dir='ltr'><strong>que</strong></span> <span class='ocrx_word' id='word_1_31' title='bbox 238 595 322 648; x_wconf 92' lang='lat' dir='ltr'><strong>multo</strong></span> <span class='ocrx_word' id='word_1_32' title='bbox 333 607 457 667; x_wconf 75' lang='lat' dir='ltr'><strong>prestet,</strong></span> <span class='ocrx_word' id='word_1_33' title='bbox 471 596 525 647; x_wconf 84' lang='lat' dir='ltr'><strong>sive</strong></span> <span class='ocrx_word' id='word_1_34' title='bbox 539 599 629 648; x_wconf 87' lang='lat' dir='ltr'><strong>sensui</strong></span> <span class='ocrx_word' id='word_1_35' title='bbox 643 598 697 649; x_wconf 85' lang='lat' dir='ltr'><strong>sive</strong></span> <span class='ocrx_word' id='word_1_36' title='bbox 709 599 824 650; x_wconf 87' lang='lat' dir='ltr'><strong>numeris</strong></span> <span class='ocrx_word' id='word_1_37' title='bbox 836 599 981 651; x_wconf 83' lang='lat' dir='ltr'><strong>eonsules?</strong></span> <span class='ocrx_word' id='word_1_38' title='bbox 994 618 1046 672; x_wconf 83' lang='lat' dir='ltr'><strong>qua</strong></span> <span class='ocrx_word' id='word_1_39' title='bbox 1057 615 1098 653; x_wconf 87' lang='lat' dir='ltr'><strong>est</strong></span> <span class='ocrx_word' id='word_1_40' title='bbox 1108 604 1170 655; x_wconf 85' lang='lat' dir='ltr'><strong>ubi:</strong></span> <span class='ocrx_word' id='word_1_41' title='bbox 1185 605 1224 659; x_wconf 90' lang='lat' dir='ltr'><strong>di·</strong></span> 
     </span>
     <span class='ocr_line' id='line_1_5' title="bbox 176 674 1225 750; baseline 0.01 -22"><span class='ocrx_word' id='word_1_42' title='bbox 176 677 212 728; x_wconf 83' lang='lat' dir='ltr'><strong>cit</strong></span> <span class='ocrx_word' id='word_1_43' title='bbox 225 678 304 746; x_wconf 69' lang='lat' dir='ltr'><strong>igitur</strong></span> <span class='ocrx_word' id='word_1_44' title='bbox 316 677 429 742; x_wconf 77' lang='lat' dir='ltr'><strong>Statius,</strong></span> <span class='ocrx_word' id='word_1_45' title='bbox 449 674 595 728; x_wconf 86' lang='lat' dir='ltr'><strong>secundum</strong></span> <span class='ocrx_word' id='word_1_46' title='bbox 612 675 793 745; x_wconf 83' lang='lat' dir='ltr'><strong>Gronovium,</strong></span> <span class='ocrx_word' id='word_1_47' title='bbox 810 690 907 730; x_wconf 68' lang='lat' dir='ltr'><strong>:tants</strong></span> <span class='ocrx_word' id='word_1_48' title='bbox 920 690 994 750; x_wconf 86' lang='lat' dir='ltr'><strong>patet</strong></span> <span class='ocrx_word' id='word_1_49' title='bbox 1007 680 1090 734; x_wconf 88' lang='lat' dir='ltr'><strong>moles</strong></span> <span class='ocrx_word' id='word_1_50' title='bbox 1102 682 1150 736; x_wconf 92' lang='lat' dir='ltr'><strong>ubi</strong></span> <span class='ocrx_word' id='word_1_51' title='bbox 1164 685 1225 738; x_wconf 79' lang='lat' dir='ltr'><strong>sule</strong></span> 
     </span>
     <span class='ocr_line' id='line_1_6' title="bbox 175 753 1224 828; baseline 0.01 -21"><span class='ocrx_word' id='word_1_52' title='bbox 175 770 223 808; x_wconf 88' lang='lat' dir='ltr'><strong>est.</strong></span> <span class='ocrx_word' id='word_1_53' title='bbox 237 779 248 803; x_wconf 81' lang='grc' dir='ltr'>ι</span> <span class='ocrx_word' id='word_1_54' title='bbox 264 757 389 824; x_wconf 81' lang='lat' dir='ltr'><strong>Quonam</strong></span> <span class='ocrx_word' id='word_1_55' title='bbox 400 755 469 821; x_wconf 84' lang='lat' dir='ltr'><strong>elio,</strong></span> <span class='ocrx_word' id='word_1_56' title='bbox 481 772 589 828; x_wconf 78' lang='lat' dir='ltr'><strong>queso,</strong></span> <span class='ocrx_word' id='word_1_57' title='bbox 604 753 665 808; x_wconf 88' lang='lat' dir='ltr'><strong>loeo</strong></span> <span class='ocrx_word' id='word_1_58' title='bbox 676 768 768 828; x_wconf 85' lang='lat' dir='ltr'><strong>petere</strong></span> <span class='ocrx_word' id='word_1_59' title='bbox 779 758 868 828; x_wconf 93' lang='lat' dir='ltr'><strong>potuit</strong></span> <span class='ocrx_word' id='word_1_60' title='bbox 881 759 932 809; x_wconf 89' lang='lat' dir='ltr'><strong>nisi</strong></span> <span class='ocrx_word' id='word_1_61' title='bbox 943 777 975 810; x_wconf 88' lang='lat' dir='ltr'><strong>eo</strong></span> <span class='ocrx_word' id='word_1_62' title='bbox 987 753 1031 809; x_wconf 83' lang='lat' dir='ltr'><strong>ubi</strong></span> <span class='ocrx_word' id='word_1_63' title='bbox 1042 764 1130 813; x_wconf 77' lang='lat' dir='ltr'><strong>esset?</strong></span> <span class='ocrx_word' id='word_1_64' title='bbox 1143 764 1224 818; x_wconf 81' lang='lat' dir='ltr'><strong>moles</strong></span> 
     </span>
     <span class='ocr_line' id='line_1_7' title="bbox 175 835 1223 906; baseline 0.008 -18"><span class='ocrx_word' id='word_1_65' title='bbox 175 837 246 889; x_wconf 89' lang='lat' dir='ltr'><strong>enim</strong></span> <span class='ocrx_word' id='word_1_66' title='bbox 263 849 289 888; x_wconf 91' lang='lat' dir='ltr'><strong>et</strong></span> <span class='ocrx_word' id='word_1_67' title='bbox 306 835 371 888; x_wconf 83' lang='lat' dir='ltr'><strong>aula</strong></span> <span class='ocrx_word' id='word_1_68' title='bbox 388 835 458 887; x_wconf 85' lang='lat' dir='ltr'><strong>idern</strong></span> <span class='ocrx_word' id='word_1_69' title='bbox 480 836 645 906; x_wconf 87' lang='lat' dir='ltr'><strong>exprimunt,</strong></span> <span class='ocrx_word' id='word_1_70' title='bbox 664 835 772 888; x_wconf 84' lang='lat' dir='ltr'><strong>diversis</strong></span> <span class='ocrx_word' id='word_1_71' title='bbox 789 849 893 889; x_wconf 84' lang='lat' dir='ltr'><strong>tentum</strong></span> <span class='ocrx_word' id='word_1_72' title='bbox 910 837 1019 890; x_wconf 82' lang='lat' dir='ltr'><strong>verbis:</strong></span> <span class='ocrx_word' id='word_1_73' title='bbox 1039 837 1108 892; x_wconf 82' lang='lat' dir='ltr'><strong>adeo</strong></span> <span class='ocrx_word' id='word_1_74' title='bbox 1125 855 1156 894; x_wconf 91' lang='lat' dir='ltr'><strong>nt</strong></span> <span class='ocrx_word' id='word_1_75' title='bbox 1169 843 1223 896; x_wconf 74' lang='lat' dir='ltr'><strong>hec</strong></span> 
     </span>
     <span class='ocr_line' id='line_1_8' title="bbox 175 914 1225 986; baseline 0.005 -18"><span class='ocrx_word' id='word_1_76' title='bbox 175 914 325 968; x_wconf 80' lang='lat' dir='ltr'><strong>emendatio</strong></span> <span class='ocrx_word' id='word_1_77' title='bbox 338 914 424 980; x_wconf 83' lang='lat' dir='ltr'><strong>diost,</strong></span> <span class='ocrx_word' id='word_1_78' title='bbox 439 925 512 966; x_wconf 81' lang='lat' dir='ltr'><strong>tenta</strong></span> <span class='ocrx_word' id='word_1_79' title='bbox 520 927 594 986; x_wconf 82' lang='lat' dir='ltr'><strong>potet</strong></span> <span class='ocrx_word' id='word_1_80' title='bbox 604 914 669 966; x_wconf 83' lang='lat' dir='ltr'><strong>nula</strong></span> <span class='ocrx_word' id='word_1_81' title='bbox 679 915 727 967; x_wconf 85' lang='lat' dir='ltr'><strong>ubi</strong></span> <span class='ocrx_word' id='word_1_82' title='bbox 735 915 800 967; x_wconf 82' lang='lat' dir='ltr'><strong>aulo</strong></span> <span class='ocrx_word' id='word_1_83' title='bbox 811 929 855 970; x_wconf 81' lang='lat' dir='ltr'><strong>est.</strong></span> <span class='ocrx_word' id='word_1_84' title='bbox 871 916 973 970; x_wconf 81' lang='lat' dir='ltr'>Deinde</span> <span class='ocrx_word' id='word_1_85' title='bbox 984 940 991 970; x_wconf 78' lang='lat' dir='ltr'><strong>r</strong></span> <span class='ocrx_word' id='word_1_86' title='bbox 1006 917 1095 972; x_wconf 87' lang='lat' dir='ltr'><strong>nullus</strong></span> <span class='ocrx_word' id='word_1_87' title='bbox 1106 920 1150 972; x_wconf 85' lang='lat' dir='ltr'><strong>hic</strong></span> <span class='ocrx_word' id='word_1_88' title='bbox 1162 921 1225 973; x_wconf 72' lang='lat' dir='ltr'><strong>tto-</strong></span> 
     </span>
     <span class='ocr_line' id='line_1_9' title="bbox 175 994 1224 1072; baseline 0.008 -26"><span class='ocrx_word' id='word_1_89' title='bbox 175 994 256 1059; x_wconf 71' lang='grc' dir='ltr'><strong><em>σισμδς</em></strong></span> <span class='ocrx_word' id='word_1_90' title='bbox 270 996 345 1048; x_wconf 83' lang='lat' dir='ltr'><strong>Statii</strong></span> <span class='ocrx_word' id='word_1_91' title='bbox 357 1017 363 1046; x_wconf 88' lang='lat'><em>=</em></span> <span class='ocrx_word' id='word_1_92' title='bbox 377 994 472 1047; x_wconf 83' lang='lat' dir='ltr'><strong>hebuit</strong></span> <span class='ocrx_word' id='word_1_93' title='bbox 486 996 556 1045; x_wconf 89' lang='lat' dir='ltr'><strong>enim</strong></span> <span class='ocrx_word' id='word_1_94' title='bbox 568 1013 600 1046; x_wconf 85' lang='lat' dir='ltr'><strong>ex</strong></span> <span class='ocrx_word' id='word_1_95' title='bbox 610 995 747 1060; x_wconf 87' lang='lat' dir='ltr'><strong>Lucretio,</strong></span> <span class='ocrx_word' id='word_1_96' title='bbox 762 995 806 1048; x_wconf 91' lang='lat' dir='ltr'><strong>lib.</strong></span> <span class='ocrx_word' id='word_1_97' title='bbox 818 1000 854 1061; x_wconf 89' lang='lat' dir='ltr'><strong>V,</strong></span> <span class='ocrx_word' id='word_1_98' title='bbox 867 1018 878 1043; x_wconf 75' lang='grc' dir='ltr'>ι</span> <span class='ocrx_word' id='word_1_99' title='bbox 889 999 1086 1068; x_wconf 66' lang='lat' dir='ltr'><strong>qusntumneli</strong></span> <span class='ocrx_word' id='word_1_100' title='bbox 1098 1003 1162 1072; x_wconf 80' lang='lat' dir='ltr'><strong>tegit</strong></span> <span class='ocrx_word' id='word_1_101' title='bbox 1173 1004 1224 1054; x_wconf 88' lang='lat' dir='ltr'><strong>im-</strong></span> 
     </span>
    </p>
   </div>
   <div class='ocr_carea' id='block_1_3' title="bbox 70 1069 1224 1148">
    <p class='ocr_par' dir='ltr' id='par_1_3' title="bbox 70 1069 1224 1148">
     <span class='ocr_line' id='line_1_10' title="bbox 70 1069 1224 1148; baseline 0.009 -25"><span class='ocrx_word' id='word_1_102' title='bbox 70 1069 75 1077; x_wconf 88' lang='lat'>&#39;</span> <span class='ocrx_word' id='word_1_103' title='bbox 176 1086 253 1143; x_wconf 86' lang='lat' dir='ltr'><strong>petus</strong></span> <span class='ocrx_word' id='word_1_104' title='bbox 260 1075 366 1145; x_wconf 51' lang='lat' dir='ltr'><strong>ingen„</strong></span> <span class='ocrx_word' id='word_1_105' title='bbox 376 1095 387 1120; x_wconf 73' lang='lat' dir='ltr'><strong>r</strong></span> <span class='ocrx_word' id='word_1_106' title='bbox 397 1072 444 1125; x_wconf 89' lang='lat' dir='ltr'><strong>ubi</strong></span> <span class='ocrx_word' id='word_1_107' title='bbox 452 1071 626 1143; x_wconf 78' lang='lat' dir='ltr'><strong>impeuueoeli</strong></span> <span class='ocrx_word' id='word_1_108' title='bbox 633 1086 672 1126; x_wconf 88' lang='lat' dir='ltr'><strong>est</strong></span> <span class='ocrx_word' id='word_1_109' title='bbox 680 1073 786 1142; x_wconf 77' lang='lat' dir='ltr'><strong>cetum,</strong></span> <span class='ocrx_word' id='word_1_110' title='bbox 796 1088 826 1126; x_wconf 88' lang='lat' dir='ltr'><strong>ut</strong></span> <span class='ocrx_word' id='word_1_111' title='bbox 834 1074 895 1142; x_wconf 88' lang='lat' dir='ltr'><strong>bic,</strong></span> <span class='ocrx_word' id='word_1_112' title='bbox 906 1077 1089 1148; x_wconf 79' lang='lat' dir='ltr'><strong>impeussnuloe</strong></span> <span class='ocrx_word' id='word_1_113' title='bbox 1099 1093 1138 1132; x_wconf 89' lang='lat' dir='ltr'><strong>est</strong></span> <span class='ocrx_word' id='word_1_114' title='bbox 1148 1079 1224 1142; x_wconf 61' lang='lat' dir='ltr'><strong>sulm·</strong></span> 
     </span>
    </p>
   </div>
   <div class='ocr_carea' id='block_1_4' title="bbox 177 1151 976 1225">
    <p class='ocr_par' dir='ltr' id='par_1_4' title="bbox 177 1151 976 1225">
     <span class='ocr_line' id='line_1_11' title="bbox 177 1151 976 1225; baseline 0.005 -23"><span class='ocrx_word' id='word_1_115' title='bbox 177 1169 239 1205; x_wconf 81' lang='lat' dir='ltr'><strong>cum</strong></span> <span class='ocrx_word' id='word_1_116' title='bbox 251 1156 331 1206; x_wconf 82' lang='lat' dir='ltr'><strong>tacite</strong></span> <span class='ocrx_word' id='word_1_117' title='bbox 343 1152 537 1225; x_wconf 68' lang='lat' dir='ltr'><strong>significatione</strong></span> <span class='ocrx_word' id='word_1_118' title='bbox 548 1151 736 1225; x_wconf 71' lang='lat' dir='ltr'><strong>mapnituclinis</strong></span> <span class='ocrx_word' id='word_1_119' title='bbox 746 1151 788 1206; x_wconf 87' lang='lat' dir='ltr'><strong>vel</strong></span> <span class='ocrx_word' id='word_1_120' title='bbox 801 1154 976 1208; x_wconf 80' lang='lat' dir='ltr'><strong>immanitatis.</strong></span> 
     </span>
    </p>
   </div>
   <div class='ocr_carea' id='block_1_5' title="bbox 104 1330 1385 1886">
    <p class='ocr_par' dir='ltr' id='par_1_5' title="bbox 104 1330 1385 1886">
     <span class='ocr_line' id='line_1_12' title="bbox 214 1330 1223 1406; baseline 0.003 -21"><span class='ocrx_word' id='word_1_121' title='bbox 214 1333 255 1399; x_wconf 75' lang='lat' dir='ltr'><strong>si.</strong></span> <span class='ocrx_word' id='word_1_122' title='bbox 274 1333 390 1386; x_wconf 87' lang='lat' dir='ltr'><strong>Liberior</strong></span> <span class='ocrx_word' id='word_1_123' title='bbox 399 1332 499 1404; x_wconf 82' lang='lat' dir='ltr'><strong>campi,</strong></span> <span class='ocrx_word' id='word_1_124' title='bbox 514 1330 680 1406; x_wconf 82' lang='lat' dir='ltr'><strong>multumque</strong></span> <span class='ocrx_word' id='word_1_125' title='bbox 692 1331 826 1405; x_wconf 71' lang='lat' dir='ltr'><strong>simplem</strong></span> <span class='ocrx_word' id='word_1_126' title='bbox 836 1335 933 1406; x_wconf 86' lang='lat' dir='ltr'><strong>operti,</strong></span> <span class='ocrx_word' id='word_1_127' title='bbox 945 1335 1068 1388; x_wconf 83' lang='lat' dir='ltr'><strong>AEtlrereo</strong></span> <span class='ocrx_word' id='word_1_128' title='bbox 1081 1347 1109 1388; x_wconf 89' lang='lat' dir='ltr'><strong>et</strong></span> <span class='ocrx_word' id='word_1_129' title='bbox 1120 1347 1223 1390; x_wconf 83' lang='lat' dir='ltr'><strong>tuntum</strong></span> 
     </span>
     <span class='ocr_line' id='line_1_13' title="bbox 176 1409 1223 1487; baseline 0.007 -26"><span class='ocrx_word' id='word_1_130' title='bbox 176 1409 283 1465; x_wconf 88' lang='lat' dir='ltr'><strong>domino</strong></span> <span class='ocrx_word' id='word_1_131' title='bbox 293 1412 386 1465; x_wconf 86' lang='lat' dir='ltr'><strong>minor.</strong></span> <span class='ocrx_word' id='word_1_132' title='bbox 397 1413 496 1464; x_wconf 91' lang='lat' dir='ltr'><strong>lterum</strong></span> <span class='ocrx_word' id='word_1_133' title='bbox 505 1411 669 1466; x_wconf 81' lang='lat' dir='ltr'>Gronovius:</span> <span class='ocrx_word' id='word_1_134' title='bbox 682 1414 765 1465; x_wconf 78' lang='lat' dir='ltr'><strong>«Non</strong></span> <span class='ocrx_word' id='word_1_135' title='bbox 775 1413 986 1487; x_wconf 75' lang='lat' dir='ltr'><strong>pretereundum</strong></span> <span class='ocrx_word' id='word_1_136' title='bbox 994 1453 1003 1482; x_wconf 95' lang='lat'><strong>,</strong></span> <span class='ocrx_word' id='word_1_137' title='bbox 1012 1417 1087 1468; x_wconf 81' lang='lat' dir='ltr'><strong>Rom.</strong></span> <span class='ocrx_word' id='word_1_138' title='bbox 1098 1430 1123 1469; x_wconf 90' lang='lat' dir='ltr'><strong>et</strong></span> <span class='ocrx_word' id='word_1_139' title='bbox 1129 1419 1223 1470; x_wconf 82' lang='lat' dir='ltr'><strong>Venet.</strong></span> 
     </span>
     <span class='ocr_line' id='line_1_14' title="bbox 104 1487 1223 1567; baseline 0.007 -27"><span class='ocrx_word' id='word_1_140' title='bbox 104 1489 106 1493; x_wconf 82' lang='grc'><strong>’</strong></span> <span class='ocrx_word' id='word_1_141' title='bbox 177 1487 252 1542; x_wconf 87' lang='lat' dir='ltr'><strong>editt.</strong></span> <span class='ocrx_word' id='word_1_142' title='bbox 269 1489 357 1561; x_wconf 74' lang='lat' dir='ltr'><strong>legere</strong></span> <span class='ocrx_word' id='word_1_143' title='bbox 373 1503 400 1542; x_wconf 89' lang='lat' dir='ltr'><strong>et</strong></span> <span class='ocrx_word' id='word_1_144' title='bbox 415 1489 592 1561; x_wconf 72' lang='lat' dir='ltr'><strong>distinguere,</strong></span> <span class='ocrx_word' id='word_1_145' title='bbox 611 1490 753 1544; x_wconf 76' lang='lat' dir='ltr'><strong>tLiherior</strong></span> <span class='ocrx_word' id='word_1_146' title='bbox 775 1495 880 1563; x_wconf 80' lang='lat' dir='ltr'><strong>campi,</strong></span> <span class='ocrx_word' id='word_1_147' title='bbox 900 1493 1067 1566; x_wconf 89' lang='lat' dir='ltr'><strong>multumque</strong></span> <span class='ocrx_word' id='word_1_148' title='bbox 1087 1496 1223 1567; x_wconf 80' lang='lat' dir='ltr'><strong>amplexus</strong></span> 
     </span>
     <span class='ocr_line' id='line_1_15' title="bbox 177 1569 1385 1645; baseline 0.007 -28"><span class='ocrx_word' id='word_1_149' title='bbox 177 1570 299 1638; x_wconf 52' lang='lat' dir='ltr'><strong>operti„</strong></span> <span class='ocrx_word' id='word_1_150' title='bbox 315 1587 364 1640; x_wconf 90' lang='lat' dir='ltr'><strong>pro</strong></span> <span class='ocrx_word' id='word_1_151' title='bbox 377 1569 478 1640; x_wconf 84' lang='lat' dir='ltr'><strong>operti,</strong></span> <span class='ocrx_word' id='word_1_152' title='bbox 492 1583 519 1621; x_wconf 90' lang='lat' dir='ltr'><strong>et</strong></span> <span class='ocrx_word' id='word_1_153' title='bbox 530 1587 593 1622; x_wconf 83' lang='lat' dir='ltr'><strong>sene</strong></span> <span class='ocrx_word' id='word_1_154' title='bbox 605 1572 642 1622; x_wconf 85' lang='lat' dir='ltr'><strong>ite</strong></span> <span class='ocrx_word' id='word_1_155' title='bbox 654 1572 761 1641; x_wconf 82' lang='lat' dir='ltr'><strong>scripsit</strong></span> <span class='ocrx_word' id='word_1_156' title='bbox 770 1569 877 1623; x_wconf 76' lang='lat' dir='ltr'>Statius.</span> <span class='ocrx_word' id='word_1_157' title='bbox 892 1571 1009 1625; x_wconf 74' lang='lat' dir='ltr'><strong><em>Liberior</em></strong></span> <span class='ocrx_word' id='word_1_158' title='bbox 1018 1573 1118 1645; x_wconf 82' lang='lat' dir='ltr'><strong>campi,</strong></span> <span class='ocrx_word' id='word_1_159' title='bbox 1131 1572 1159 1624; x_wconf 90' lang='lat' dir='ltr'><strong>id</strong></span> <span class='ocrx_word' id='word_1_160' title='bbox 1169 1588 1223 1638; x_wconf 92' lang='lat' dir='ltr'><strong>est,</strong></span> <span class='ocrx_word' id='word_1_161' title='bbox 1304 1625 1305 1628; x_wconf 71' lang='grc'>,</span> <span class='ocrx_word' id='word_1_162' title='bbox 1383 1595 1385 1600; x_wconf 96' lang='grc'><strong><em>·</em></strong></span> 
     </span>
     <span class='ocr_line' id='line_1_16' title="bbox 175 1650 1224 1727; baseline 0.006 -26"><span class='ocrx_word' id='word_1_163' title='bbox 175 1651 247 1720; x_wconf 80' lang='lat' dir='ltr'><strong>quod</strong></span> <span class='ocrx_word' id='word_1_164' title='bbox 256 1651 292 1702; x_wconf 85' lang='lat' dir='ltr'><strong>od</strong></span> <span class='ocrx_word' id='word_1_165' title='bbox 301 1669 431 1722; x_wconf 84' lang='lat' dir='ltr'><strong>eampum.</strong></span> <span class='ocrx_word' id='word_1_166' title='bbox 447 1650 518 1703; x_wconf 86' lang='lat' dir='ltr'><strong>Dicit</strong></span> <span class='ocrx_word' id='word_1_167' title='bbox 533 1650 642 1703; x_wconf 91' lang='lat' dir='ltr'><strong>domum</strong></span> <span class='ocrx_word' id='word_1_168' title='bbox 658 1651 803 1703; x_wconf 82' lang='lat' dir='ltr'><strong>Domitiani</strong></span> <span class='ocrx_word' id='word_1_169' title='bbox 819 1653 933 1704; x_wconf 80' lang='lat' dir='ltr'><strong>cinctam</strong></span> <span class='ocrx_word' id='word_1_170' title='bbox 948 1671 1006 1705; x_wconf 88' lang='lat' dir='ltr'><strong>esse</strong></span> <span class='ocrx_word' id='word_1_171' title='bbox 1020 1653 1102 1724; x_wconf 79' lang='lat' dir='ltr'><strong>longo</strong></span> <span class='ocrx_word' id='word_1_172' title='bbox 1118 1673 1224 1727; x_wconf 80' lang='lat' dir='ltr'><strong>equore</strong></span> 
     </span>
     <span class='ocr_line' id='line_1_17' title="bbox 117 1731 1224 1803; baseline 0.007 -25"><span class='ocrx_word' id='word_1_173' title='bbox 117 1760 121 1766; x_wconf 92' lang='lat'>·</span> <span class='ocrx_word' id='word_1_174' title='bbox 177 1745 224 1780; x_wconf 89' lang='lat' dir='ltr'><strong>seu</strong></span> <span class='ocrx_word' id='word_1_175' title='bbox 237 1731 410 1800; x_wconf 74' lang='lat' dir='ltr'><strong>capacissimo</strong></span> <span class='ocrx_word' id='word_1_176' title='bbox 429 1733 513 1796; x_wconf 85' lang='lat' dir='ltr'><strong>strio,</strong></span> <span class='ocrx_word' id='word_1_177' title='bbox 532 1743 559 1782; x_wconf 92' lang='lat' dir='ltr'><strong>et</strong></span> <span class='ocrx_word' id='word_1_178' title='bbox 576 1743 680 1783; x_wconf 82' lang='lat' dir='ltr'><strong>vastum</strong></span> <span class='ocrx_word' id='word_1_179' title='bbox 698 1744 798 1783; x_wconf 84' lang='lat' dir='ltr'><strong>tectum</strong></span> <span class='ocrx_word' id='word_1_180' title='bbox 818 1733 976 1784; x_wconf 86' lang='lat' dir='ltr'><strong>continere:</strong></span> <span class='ocrx_word' id='word_1_181' title='bbox 996 1743 1131 1803; x_wconf 87' lang='lat' dir='ltr'><strong>opertum,</strong></span> <span class='ocrx_word' id='word_1_182' title='bbox 1151 1733 1224 1803; x_wconf 92' lang='lat' dir='ltr'><strong>qnod</strong></span> 
     </span>
     <span class='ocr_line' id='line_1_18' title="bbox 176 1809 1224 1886; baseline 0.004 -26"><span class='ocrx_word' id='word_1_183' title='bbox 176 1822 247 1860; x_wconf 91' lang='lat' dir='ltr'><strong>tecto</strong></span> <span class='ocrx_word' id='word_1_184' title='bbox 257 1809 388 1862; x_wconf 86' lang='lat' dir='ltr'><strong>inclusum</strong></span> <span class='ocrx_word' id='word_1_185' title='bbox 398 1823 446 1863; x_wconf 87' lang='lat' dir='ltr'><strong>est.</strong></span> <span class='ocrx_word' id='word_1_186' title='bbox 458 1834 470 1858; x_wconf 74' lang='grc' dir='ltr'><strong>ι</strong></span> <span class='ocrx_word' id='word_1_187' title='bbox 487 1813 547 1862; x_wconf 77' lang='lat' dir='ltr'><strong>Htec</strong></span> <span class='ocrx_word' id='word_1_188' title='bbox 562 1810 648 1863; x_wconf 87' lang='lat' dir='ltr'><strong>nihilo</strong></span> <span class='ocrx_word' id='word_1_189' title='bbox 663 1813 768 1864; x_wconf 83' lang='lat' dir='ltr'><strong>seniora</strong></span> <span class='ocrx_word' id='word_1_190' title='bbox 781 1833 788 1863; x_wconf 75' lang='grc' dir='ltr'><strong><em>ε</em></strong></span> <span class='ocrx_word' id='word_1_191' title='bbox 802 1813 919 1883; x_wconf 89' lang='lat' dir='ltr'><strong>primum</strong></span> <span class='ocrx_word' id='word_1_192' title='bbox 932 1813 1018 1879; x_wconf 86' lang='lat' dir='ltr'><strong>enirn,</strong></span> <span class='ocrx_word' id='word_1_193' title='bbox 1033 1814 1092 1886; x_wconf 85' lang='lat' dir='ltr'><strong>quis</strong></span> <span class='ocrx_word' id='word_1_194' title='bbox 1106 1831 1224 1884; x_wconf 84' lang='lat' dir='ltr'><strong>unquent</strong></span> 
     </span>
    </p>
   </div>
   <div class='ocr_carea' id='block_1_6' title="bbox 176 1886 1224 2126">
    <p class='ocr_par' dir='ltr' id='par_1_6' title="bbox 176 1886 1224 2126">
     <span class='ocr_line' id='line_1_19' title="bbox 176 1886 1224 1962; baseline 0.004 -22"><span class='ocrx_word' id='word_1_195' title='bbox 176 1886 239 1940; x_wconf 79' lang='lat' dir='ltr'><strong>dixit</strong></span> <span class='ocrx_word' id='word_1_196' title='bbox 251 1909 374 1962; x_wconf 82' lang='lat' dir='ltr'><strong>eampum</strong></span> <span class='ocrx_word' id='word_1_197' title='bbox 385 1908 435 1961; x_wconf 91' lang='lat' dir='ltr'><strong>pro</strong></span> <span class='ocrx_word' id='word_1_198' title='bbox 447 1891 535 1944; x_wconf 82' lang='lat' dir='ltr'><strong>atrio?</strong></span> <span class='ocrx_word' id='word_1_199' title='bbox 548 1892 693 1962; x_wconf 82' lang='lat' dir='ltr'><strong>presertim</strong></span> <span class='ocrx_word' id='word_1_200' title='bbox 706 1890 754 1943; x_wconf 88' lang='lat' dir='ltr'><strong>uhi</strong></span> <span class='ocrx_word' id='word_1_201' title='bbox 765 1889 798 1944; x_wconf 88' lang='lat' dir='ltr'><strong>de</strong></span> <span class='ocrx_word' id='word_1_202' title='bbox 809 1889 919 1943; x_wconf 83' lang='lat' dir='ltr'><strong>edificio</strong></span> <span class='ocrx_word' id='word_1_203' title='bbox 932 1893 1047 1960; x_wconf 82' lang='lat' dir='ltr'><strong>urbano,</strong></span> <span class='ocrx_word' id='word_1_204' title='bbox 1061 1909 1116 1943; x_wconf 89' lang='lat' dir='ltr'><strong>non</strong></span> <span class='ocrx_word' id='word_1_205' title='bbox 1131 1894 1224 1944; x_wconf 80' lang='lat' dir='ltr'><strong>rustico</strong></span> 
     </span>
     <span class='ocr_line' id='line_1_20' title="bbox 176 1968 1223 2043; baseline 0.003 -23"><span class='ocrx_word' id='word_1_206' title='bbox 176 1985 262 2020; x_wconf 85' lang='lat' dir='ltr'><strong>sermo</strong></span> <span class='ocrx_word' id='word_1_207' title='bbox 274 1972 315 2022; x_wconf 86' lang='lat' dir='ltr'><strong>sit.</strong></span> <span class='ocrx_word' id='word_1_208' title='bbox 330 1968 406 2022; x_wconf 87' lang='lat' dir='ltr'><strong>Unde</strong></span> <span class='ocrx_word' id='word_1_209' title='bbox 422 1987 528 2042; x_wconf 82' lang='lat' dir='ltr'><strong>campus</strong></span> <span class='ocrx_word' id='word_1_210' title='bbox 541 1971 569 2021; x_wconf 87' lang='lat' dir='ltr'><strong>in</strong></span> <span class='ocrx_word' id='word_1_211' title='bbox 580 1970 666 2024; x_wconf 78' lang='lat' dir='ltr'><strong>urbe?</strong></span> <span class='ocrx_word' id='word_1_212' title='bbox 678 1970 791 2025; x_wconf 82' lang='lat' dir='ltr'><strong>Martius</strong></span> <span class='ocrx_word' id='word_1_213' title='bbox 802 1973 873 2024; x_wconf 89' lang='lat' dir='ltr'><strong>enim</strong></span> <span class='ocrx_word' id='word_1_214' title='bbox 887 1989 994 2043; x_wconf 80' lang='lat' dir='ltr'><strong>campus</strong></span> <span class='ocrx_word' id='word_1_215' title='bbox 1003 1971 1094 2024; x_wconf 81' lang='lat' dir='ltr'><strong>locum</strong></span> <span class='ocrx_word' id='word_1_216' title='bbox 1105 1971 1149 2024; x_wconf 86' lang='lat' dir='ltr'><strong>hic</strong></span> <span class='ocrx_word' id='word_1_217' title='bbox 1162 1971 1223 2024; x_wconf 91' lang='lat' dir='ltr'><strong>nul·</strong></span> 
     </span>
     <span class='ocr_line' id='line_1_21' title="bbox 177 2045 1106 2126; baseline 0.004 -28"><span class='ocrx_word' id='word_1_218' title='bbox 177 2045 230 2100; x_wconf 89' lang='lat' dir='ltr'><strong>lum</strong></span> <span class='ocrx_word' id='word_1_219' title='bbox 242 2048 338 2116; x_wconf 82' lang='lat' dir='ltr'><strong>babet,</strong></span> <span class='ocrx_word' id='word_1_220' title='bbox 349 2049 397 2101; x_wconf 91' lang='lat' dir='ltr'><strong>nbi</strong></span> <span class='ocrx_word' id='word_1_221' title='bbox 408 2048 442 2101; x_wconf 92' lang='lat' dir='ltr'><strong>de</strong></span> <span class='ocrx_word' id='word_1_222' title='bbox 453 2049 560 2102; x_wconf 86' lang='lat' dir='ltr'><strong>Palatio</strong></span> <span class='ocrx_word' id='word_1_223' title='bbox 570 2049 697 2123; x_wconf 86' lang='lat' dir='ltr'><strong>loquitur.</strong></span> <span class='ocrx_word' id='word_1_224' title='bbox 710 2050 853 2118; x_wconf 81' lang='lat' dir='ltr'><strong>Martialis,</strong></span> <span class='ocrx_word' id='word_1_225' title='bbox 864 2051 953 2126; x_wconf 74' lang='lat' dir='ltr'><strong>Epigr</strong></span> <span class='ocrx_word' id='word_1_226' title='bbox 966 2053 1017 2117; x_wconf 88' lang='lat'><strong>111,</strong></span> <span class='ocrx_word' id='word_1_227' title='bbox 1028 2067 1106 2118; x_wconf 81' lang='lat' dir='ltr'><strong>svnt,</strong></span> 
     </span>
    </p>
   </div>
   <div class='ocr_carea' id='block_1_7' title="bbox 175 2153 1228 3917">
    <p class='ocr_par' dir='ltr' id='par_1_7' title="bbox 390 2153 851 2289">
     <span class='ocr_line' id='line_1_22' title="bbox 392 2153 851 2212; baseline 0.009 -14"><span class='ocrx_word' id='word_1_228' title='bbox 392 2153 477 2199; x_wconf 77' lang='lat' dir='ltr'><strong>bainus</strong></span> <span class='ocrx_word' id='word_1_229' title='bbox 486 2154 560 2200; x_wconf 88' lang='lat' dir='ltr'><strong>nostri</strong></span> <span class='ocrx_word' id='word_1_230' title='bbox 569 2153 624 2201; x_wconf 85' lang='lat' dir='ltr'><strong>rilln</strong></span> <span class='ocrx_word' id='word_1_231' title='bbox 634 2190 640 2212; x_wconf 89' lang='lat'><strong>,</strong></span> <span class='ocrx_word' id='word_1_232' title='bbox 651 2157 719 2202; x_wconf 76' lang='lat' dir='ltr'><strong>Basse</strong></span> <span class='ocrx_word' id='word_1_233' title='bbox 728 2187 736 2210; x_wconf 90' lang='lat'>‚</span> <span class='ocrx_word' id='word_1_234' title='bbox 746 2156 851 2202; x_wconf 77' lang='lat' dir='ltr'><strong>Faustini</strong></span> 
     </span>
     <span class='ocr_line' id='line_1_23' title="bbox 390 2224 811 2289; baseline 0.005 -19"><span class='ocrx_word' id='word_1_235' title='bbox 390 2227 482 2287; x_wconf 75' lang='lat' dir='ltr'><strong>Ingrata</strong></span> <span class='ocrx_word' id='word_1_236' title='bbox 492 2224 531 2272; x_wconf 81' lang='lat' dir='ltr'><strong>lnti</strong></span> <span class='ocrx_word' id='word_1_237' title='bbox 540 2227 614 2288; x_wconf 81' lang='lat' dir='ltr'><strong>spatia</strong></span> <span class='ocrx_word' id='word_1_238' title='bbox 624 2226 713 2273; x_wconf 79' lang='lat' dir='ltr'><strong>detinet</strong></span> <span class='ocrx_word' id='word_1_239' title='bbox 721 2227 811 2289; x_wconf 83' lang='lat' dir='ltr'><strong>campi:</strong></span> 
     </span>
    </p>

    <p class='ocr_par' dir='ltr' id='par_1_8' title="bbox 175 2321 1228 3917">
     <span class='ocr_line' id='line_1_24' title="bbox 175 2321 1225 2396; baseline 0.002 -20"><span class='ocrx_word' id='word_1_240' title='bbox 175 2341 209 2376; x_wconf 82' lang='lat' dir='ltr'><strong>an</strong></span> <span class='ocrx_word' id='word_1_241' title='bbox 223 2321 260 2374; x_wconf 91' lang='lat' dir='ltr'><strong>ibi</strong></span> <span class='ocrx_word' id='word_1_242' title='bbox 272 2327 378 2395; x_wconf 83' lang='lat' dir='ltr'><strong>quoqne</strong></span> <span class='ocrx_word' id='word_1_243' title='bbox 390 2325 478 2396; x_wconf 83' lang='lat' dir='ltr'><strong>campi</strong></span> <span class='ocrx_word' id='word_1_244' title='bbox 489 2324 634 2396; x_wconf 83' lang='lat' dir='ltr'><strong>explicabis</strong></span> <span class='ocrx_word' id='word_1_245' title='bbox 647 2325 729 2379; x_wconf 77' lang='lat' dir='ltr'><strong>atrii?</strong></span> <span class='ocrx_word' id='word_1_246' title='bbox 745 2345 780 2378; x_wconf 92' lang='lat' dir='ltr'><strong>ne</strong></span> <span class='ocrx_word' id='word_1_247' title='bbox 797 2327 892 2392; x_wconf 78' lang='lat' dir='ltr'><strong>feceris</strong></span> <span class='ocrx_word' id='word_1_248' title='bbox 907 2345 913 2378; x_wconf 75' lang='grc' dir='ltr'><strong><em>ε</em></strong></span> <span class='ocrx_word' id='word_1_249' title='bbox 931 2344 986 2378; x_wconf 87' lang='lat' dir='ltr'><strong>non</strong></span> <span class='ocrx_word' id='word_1_250' title='bbox 1002 2328 1073 2380; x_wconf 90' lang='lat' dir='ltr'><strong>enim</strong></span> <span class='ocrx_word' id='word_1_251' title='bbox 1088 2327 1125 2377; x_wconf 88' lang='lat' dir='ltr'><strong>ita</strong></span> <span class='ocrx_word' id='word_1_252' title='bbox 1141 2325 1225 2378; x_wconf 80' lang='lat' dir='ltr'><strong>voluit</strong></span> 
     </span>
     <span class='ocr_line' id='line_1_25' title="bbox 176 2401 1226 2478; baseline 0.005 -25"><span class='ocrx_word' id='word_1_253' title='bbox 176 2402 323 2455; x_wconf 78' lang='lat' dir='ltr'><strong>Martialis:</strong></span> <span class='ocrx_word' id='word_1_254' title='bbox 335 2403 382 2456; x_wconf 87' lang='lat' dir='ltr'><strong>sed</strong></span> <span class='ocrx_word' id='word_1_255' title='bbox 393 2406 479 2476; x_wconf 83' lang='lat' dir='ltr'><strong>spatie</strong></span> <span class='ocrx_word' id='word_1_256' title='bbox 490 2405 578 2476; x_wconf 81' lang='lat' dir='ltr'><strong>campi</strong></span> <span class='ocrx_word' id='word_1_257' title='bbox 590 2404 668 2474; x_wconf 87' lang='lat' dir='ltr'><strong>dicit,</strong></span> <span class='ocrx_word' id='word_1_258' title='bbox 680 2407 742 2478; x_wconf 85' lang='lat' dir='ltr'><strong>quis</strong></span> <span class='ocrx_word' id='word_1_259' title='bbox 754 2401 788 2458; x_wconf 92' lang='lat' dir='ltr'><strong>de</strong></span> <span class='ocrx_word' id='word_1_260' title='bbox 800 2406 879 2472; x_wconf 85' lang='lat' dir='ltr'><strong>villa,</strong></span> <span class='ocrx_word' id='word_1_261' title='bbox 892 2425 947 2458; x_wconf 91' lang='lat' dir='ltr'><strong>non</strong></span> <span class='ocrx_word' id='word_1_262' title='bbox 960 2404 993 2457; x_wconf 89' lang='lat' dir='ltr'><strong>de</strong></span> <span class='ocrx_word' id='word_1_263' title='bbox 1005 2403 1116 2458; x_wconf 82' lang='lat' dir='ltr'><strong>edificio</strong></span> <span class='ocrx_word' id='word_1_264' title='bbox 1128 2405 1226 2458; x_wconf 83' lang='lat' dir='ltr'><strong>urbano</strong></span> 
     </span>
     <span class='ocr_line' id='line_1_26' title="bbox 176 2482 1227 2558; baseline 0.002 -24"><span class='ocrx_word' id='word_1_265' title='bbox 176 2482 304 2555; x_wconf 86' lang='lat' dir='ltr'><strong>loquitur.</strong></span> <span class='ocrx_word' id='word_1_266' title='bbox 319 2483 436 2552; x_wconf 80' lang='lat' dir='ltr'><strong>Deinde,</strong></span> <span class='ocrx_word' id='word_1_267' title='bbox 447 2487 470 2537; x_wconf 89' lang='lat' dir='ltr'><strong>si</strong></span> <span class='ocrx_word' id='word_1_268' title='bbox 481 2496 551 2538; x_wconf 88' lang='lat' dir='ltr'><strong>recte</strong></span> <span class='ocrx_word' id='word_1_269' title='bbox 561 2483 613 2537; x_wconf 88' lang='lat' dir='ltr'><strong>dici</strong></span> <span class='ocrx_word' id='word_1_270' title='bbox 622 2498 714 2556; x_wconf 83' lang='lat' dir='ltr'><strong>posset</strong></span> <span class='ocrx_word' id='word_1_271' title='bbox 725 2487 813 2557; x_wconf 82' lang='lat' dir='ltr'><strong>compi</strong></span> <span class='ocrx_word' id='word_1_272' title='bbox 822 2505 872 2558; x_wconf 90' lang='lat' dir='ltr'><strong>pro</strong></span> <span class='ocrx_word' id='word_1_273' title='bbox 882 2486 957 2552; x_wconf 82' lang='lat' dir='ltr'><strong>atrii,</strong></span> <span class='ocrx_word' id='word_1_274' title='bbox 968 2504 1024 2537; x_wconf 88' lang='lat' dir='ltr'><strong>non</strong></span> <span class='ocrx_word' id='word_1_275' title='bbox 1036 2499 1125 2538; x_wconf 82' lang='lat' dir='ltr'><strong>temen</strong></span> <span class='ocrx_word' id='word_1_276' title='bbox 1137 2486 1227 2537; x_wconf 88' lang='lat' dir='ltr'><strong>sensui</strong></span> 
     </span>
     <span class='ocr_line' id='line_1_27' title="bbox 178 2563 1226 2637; baseline 0.001 -23"><span class='ocrx_word' id='word_1_277' title='bbox 178 2563 341 2616; x_wconf 78' lang='lat' dir='ltr'><strong>satisfactum</strong></span> <span class='ocrx_word' id='word_1_278' title='bbox 354 2578 440 2628; x_wconf 84' lang='lat' dir='ltr'><strong>esset;</strong></span> <span class='ocrx_word' id='word_1_279' title='bbox 453 2567 552 2637; x_wconf 88' lang='lat' dir='ltr'><strong>qnippe</strong></span> <span class='ocrx_word' id='word_1_280' title='bbox 567 2565 707 2636; x_wconf 75' lang='lat' dir='ltr'><strong>quelibet,</strong></span> <span class='ocrx_word' id='word_1_281' title='bbox 720 2567 799 2618; x_wconf 86' lang='lat' dir='ltr'><strong>etiem</strong></span> <span class='ocrx_word' id='word_1_282' title='bbox 811 2583 894 2636; x_wconf 84' lang='lat' dir='ltr'><strong>paruo</strong></span> <span class='ocrx_word' id='word_1_283' title='bbox 905 2565 1014 2633; x_wconf 87' lang='lat' dir='ltr'><strong>domus,</strong></span> <span class='ocrx_word' id='word_1_284' title='bbox 1025 2564 1124 2618; x_wconf 81' lang='lat' dir='ltr'><strong>bebere</strong></span> <span class='ocrx_word' id='word_1_285' title='bbox 1138 2577 1226 2635; x_wconf 87' lang='lat' dir='ltr'><strong>potest</strong></span> 
     </span>
     <span class='ocr_line' id='line_1_28' title="bbox 178 2641 1225 2717; baseline 0.005 -24"><span class='ocrx_word' id='word_1_286' title='bbox 178 2641 289 2695; x_wconf 88' lang='lat' dir='ltr'><strong>liberusn</strong></span> <span class='ocrx_word' id='word_1_287' title='bbox 301 2656 328 2697; x_wconf 89' lang='lat' dir='ltr'><strong>et</strong></span> <span class='ocrx_word' id='word_1_288' title='bbox 339 2663 464 2716; x_wconf 73' lang='lat' dir='ltr'><strong>magnum</strong></span> <span class='ocrx_word' id='word_1_289' title='bbox 475 2663 612 2717; x_wconf 66' lang='lat' dir='ltr'><strong>campum</strong></span> <span class='ocrx_word' id='word_1_290' title='bbox 623 2644 650 2698; x_wconf 89' lang='lat' dir='ltr'><strong>id</strong></span> <span class='ocrx_word' id='word_1_291' title='bbox 660 2657 715 2712; x_wconf 89' lang='lat' dir='ltr'><strong>est,</strong></span> <span class='ocrx_word' id='word_1_292' title='bbox 726 2663 804 2697; x_wconf 89' lang='lat' dir='ltr'><strong>sensu</strong></span> <span class='ocrx_word' id='word_1_293' title='bbox 817 2645 989 2699; x_wconf 82' lang='lat' dir='ltr'><strong>Gronorisno</strong></span> <span class='ocrx_word' id='word_1_294' title='bbox 1001 2647 1115 2707; x_wconf 67' lang='lat' dir='ltr'><strong>atrium</strong></span> <span class='ocrx_word' id='word_1_295' title='bbox 1128 2645 1225 2698; x_wconf 77' lang='lat' dir='ltr'><strong>Statius</strong></span> 
     </span>
     <span class='ocr_line' id='line_1_29' title="bbox 177 2721 1226 2797; baseline 0.003 -23"><span class='ocrx_word' id='word_1_296' title='bbox 177 2741 240 2774; x_wconf 82' lang='lat' dir='ltr'><strong>reru</strong></span> <span class='ocrx_word' id='word_1_297' title='bbox 253 2721 361 2776; x_wconf 88' lang='lat' dir='ltr'><strong>domum</strong></span> <span class='ocrx_word' id='word_1_298' title='bbox 375 2721 444 2777; x_wconf 79' lang='lat' dir='ltr'><strong>huno</strong></span> <span class='ocrx_word' id='word_1_299' title='bbox 459 2742 476 2776; x_wconf 84' lang='lat' dir='ltr'><strong>e</strong></span> <span class='ocrx_word' id='word_1_300' title='bbox 488 2723 670 2797; x_wconf 75' lang='lat' dir='ltr'><strong>mnpnitudirte</strong></span> <span class='ocrx_word' id='word_1_301' title='bbox 684 2722 868 2790; x_wconf 83' lang='lat' dir='ltr'><strong>commendat,</strong></span> <span class='ocrx_word' id='word_1_302' title='bbox 882 2738 909 2776; x_wconf 90' lang='lat' dir='ltr'><strong>et</strong></span> <span class='ocrx_word' id='word_1_303' title='bbox 922 2724 986 2776; x_wconf 89' lang='lat' dir='ltr'><strong>dicit</strong></span> <span class='ocrx_word' id='word_1_304' title='bbox 1000 2743 1059 2776; x_wconf 84' lang='lat' dir='ltr'><strong>enm</strong></span> <span class='ocrx_word' id='word_1_305' title='bbox 1071 2727 1100 2776; x_wconf 92' lang='lat' dir='ltr'><strong>in</strong></span> <span class='ocrx_word' id='word_1_306' title='bbox 1115 2724 1226 2778; x_wconf 83' lang='lat' dir='ltr'><strong>liberam</strong></span> 
     </span>
     <span class='ocr_line' id='line_1_30' title="bbox 178 2799 1226 2876; baseline 0.004 -22"><span class='ocrx_word' id='word_1_307' title='bbox 178 2815 204 2854; x_wconf 88' lang='lat' dir='ltr'><strong>et</strong></span> <span class='ocrx_word' id='word_1_308' title='bbox 215 2822 336 2874; x_wconf 67' lang='lat' dir='ltr'><strong>magnum</strong></span> <span class='ocrx_word' id='word_1_309' title='bbox 348 2804 523 2859; x_wconf 76' lang='lat' dir='ltr'><strong>laxitudinem</strong></span> <span class='ocrx_word' id='word_1_310' title='bbox 535 2817 687 2876; x_wconf 79' lang='lat' dir='ltr'><strong>porrectum</strong></span> <span class='ocrx_word' id='word_1_311' title='bbox 698 2823 769 2865; x_wconf 85' lang='lat' dir='ltr'><strong>esse,</strong></span> <span class='ocrx_word' id='word_1_312' title='bbox 786 2819 812 2856; x_wconf 87' lang='lat' dir='ltr'><strong>et</strong></span> <span class='ocrx_word' id='word_1_313' title='bbox 827 2802 956 2871; x_wconf 89' lang='lat' dir='ltr'><strong>multum,</strong></span> <span class='ocrx_word' id='word_1_314' title='bbox 970 2799 1019 2856; x_wconf 83' lang='lat' dir='ltr'><strong>s&#39;oli</strong></span> <span class='ocrx_word' id='word_1_315' title='bbox 1034 2804 1226 2858; x_wconf 89' lang='lat' dir='ltr'><strong>structionibus</strong></span> 
     </span>
     <span class='ocr_line' id='line_1_31' title="bbox 178 2883 1226 2957; baseline 0.004 -23"><span class='ocrx_word' id='word_1_316' title='bbox 178 2885 232 2936; x_wconf 88' lang='lat' dir='ltr'><strong>suis</strong></span> <span class='ocrx_word' id='word_1_317' title='bbox 245 2883 363 2938; x_wconf 90' lang='lat' dir='ltr'><strong>detinere</strong></span> <span class='ocrx_word' id='word_1_318' title='bbox 378 2907 384 2938; x_wconf 72' lang='grc' dir='ltr'>ε</span> <span class='ocrx_word' id='word_1_319' title='bbox 400 2885 453 2938; x_wconf 86' lang='lat' dir='ltr'><strong>hoe</strong></span> <span class='ocrx_word' id='word_1_320' title='bbox 467 2904 530 2938; x_wconf 82' lang='lat' dir='ltr'><strong>vero</strong></span> <span class='ocrx_word' id='word_1_321' title='bbox 546 2903 602 2936; x_wconf 91' lang='lat' dir='ltr'><strong>non</strong></span> <span class='ocrx_word' id='word_1_322' title='bbox 615 2899 654 2938; x_wconf 87' lang='lat' dir='ltr'><strong>est</strong></span> <span class='ocrx_word' id='word_1_323' title='bbox 667 2885 783 2938; x_wconf 77' lang='lat' dir='ltr'><strong>Liberior</strong></span> <span class='ocrx_word' id='word_1_324' title='bbox 792 2887 893 2957; x_wconf 81' lang='lat' dir='ltr'><strong>rumpi,</strong></span> <span class='ocrx_word' id='word_1_325' title='bbox 907 2884 955 2938; x_wconf 86' lang='lat' dir='ltr'><strong>sed</strong></span> <span class='ocrx_word' id='word_1_326' title='bbox 965 2884 1082 2937; x_wconf 81' lang='lat' dir='ltr'><strong>Liberior</strong></span> <span class='ocrx_word' id='word_1_327' title='bbox 1091 2885 1170 2957; x_wconf 82' lang='lat' dir='ltr'><strong>spatii</strong></span> <span class='ocrx_word' id='word_1_328' title='bbox 1175 2908 1185 2948; x_wconf 89' lang='lat'><em>;</em></span> <span class='ocrx_word' id='word_1_329' title='bbox 1200 2900 1226 2938; x_wconf 89' lang='lat' dir='ltr'><strong>et</strong></span> 
     </span>
     <span class='ocr_line' id='line_1_32' title="bbox 177 2962 1225 3038; baseline 0.003 -24"><span class='ocrx_word' id='word_1_330' title='bbox 177 2964 215 3015; x_wconf 87' lang='lat' dir='ltr'><strong>itu</strong></span> <span class='ocrx_word' id='word_1_331' title='bbox 227 2964 340 3018; x_wconf 73' lang='lat' dir='ltr'><strong>Statium</strong></span> <span class='ocrx_word' id='word_1_332' title='bbox 352 2967 489 3036; x_wconf 68' lang='lat' dir='ltr'><strong>scripsisse</strong></span> <span class='ocrx_word' id='word_1_333' title='bbox 503 2965 610 3017; x_wconf 88' lang='lat' dir='ltr'><strong>minime</strong></span> <span class='ocrx_word' id='word_1_334' title='bbox 624 2963 718 3019; x_wconf 88' lang='lat' dir='ltr'><strong>dubito</strong></span> <span class='ocrx_word' id='word_1_335' title='bbox 732 2986 738 3015; x_wconf 90' lang='lat'><strong>:</strong></span> <span class='ocrx_word' id='word_1_336' title='bbox 756 2965 868 3018; x_wconf 79' lang='lat' dir='ltr'><strong>sTants</strong></span> <span class='ocrx_word' id='word_1_337' title='bbox 880 2977 955 3037; x_wconf 84' lang='lat' dir='ltr'><strong>petet</strong></span> <span class='ocrx_word' id='word_1_338' title='bbox 969 2962 1068 3032; x_wconf 85' lang='lat' dir='ltr'><strong>moles,</strong></span> <span class='ocrx_word' id='word_1_339' title='bbox 1080 2965 1225 3038; x_wconf 77' lang='lat' dir='ltr'><strong>effuseque</strong></span> 
     </span>
     <span class='ocr_line' id='line_1_33' title="bbox 177 3045 1227 3117; baseline 0.001 -22"><span class='ocrx_word' id='word_1_340' title='bbox 177 3045 291 3116; x_wconf 87' lang='lat' dir='ltr'><strong>impetus</strong></span> <span class='ocrx_word' id='word_1_341' title='bbox 303 3045 369 3098; x_wconf 83' lang='lat' dir='ltr'><strong>sule</strong></span> <span class='ocrx_word' id='word_1_342' title='bbox 379 3045 500 3098; x_wconf 82' lang='lat' dir='ltr'><strong>liberior</strong></span> <span class='ocrx_word' id='word_1_343' title='bbox 509 3047 596 3117; x_wconf 79' lang='lat' dir='ltr'><strong>spatii.</strong></span> <span class='ocrx_word' id='word_1_344' title='bbox 610 3068 622 3092; x_wconf 72' lang='grc' dir='ltr'>ι</span> <span class='ocrx_word' id='word_1_345' title='bbox 638 3047 673 3114; x_wconf 89' lang='lat' dir='ltr'><strong>Q.</strong></span> <span class='ocrx_word' id='word_1_346' title='bbox 683 3046 803 3112; x_wconf 87' lang='lat' dir='ltr'><strong>Curtius,</strong></span> <span class='ocrx_word' id='word_1_347' title='bbox 813 3046 877 3113; x_wconf 87' lang='lat' dir='ltr'><strong>Vll,</strong></span> <span class='ocrx_word' id='word_1_348' title='bbox 889 3047 921 3114; x_wconf 77' lang='grc'><strong>4,</strong></span> <span class='ocrx_word' id='word_1_349' title='bbox 937 3057 1086 3117; x_wconf 77' lang='lat' dir='ltr'><strong>«protenus</strong></span> <span class='ocrx_word' id='word_1_350' title='bbox 1099 3055 1171 3096; x_wconf 85' lang='lat' dir='ltr'><strong>certe</strong></span> <span class='ocrx_word' id='word_1_351' title='bbox 1185 3064 1227 3097; x_wconf 89' lang='lat' dir='ltr'><strong>re·</strong></span> 
     </span>
     <span class='ocr_line' id='line_1_34' title="bbox 178 3123 1226 3198; baseline 0.001 -21"><span class='ocrx_word' id='word_1_352' title='bbox 178 3139 312 3178; x_wconf 83' lang='lat' dir='ltr'><strong>cesserunt</strong></span> <span class='ocrx_word' id='word_1_353' title='bbox 327 3123 391 3178; x_wconf 85' lang='lat' dir='ltr'><strong>dsto</strong></span> <span class='ocrx_word' id='word_1_354' title='bbox 405 3123 490 3178; x_wconf 88' lang='lat' dir='ltr'><strong>libero</strong></span> <span class='ocrx_word' id='word_1_355' title='bbox 505 3126 592 3198; x_wconf 81' lang='lat' dir='ltr'><strong>spatio</strong></span> <span class='ocrx_word' id='word_1_356' title='bbox 602 3146 631 3188; x_wconf 77' lang='lat'><strong>;»</strong></span> <span class='ocrx_word' id='word_1_357' title='bbox 646 3125 763 3193; x_wconf 82' lang='lat' dir='ltr'><strong>Seneca,</strong></span> <span class='ocrx_word' id='word_1_358' title='bbox 774 3126 868 3179; x_wconf 77' lang='lat' dir='ltr'><strong>Natus.</strong></span> <span class='ocrx_word' id='word_1_359' title='bbox 881 3126 980 3194; x_wconf 78' lang='lat' dir='ltr'><strong>Quest.</strong></span> <span class='ocrx_word' id='word_1_360' title='bbox 991 3128 1029 3194; x_wconf 85' lang='lat' dir='ltr'><strong>V,</strong></span> <span class='ocrx_word' id='word_1_361' title='bbox 1042 3123 1074 3178; x_wconf 84' lang='lat'><strong>15</strong></span> <span class='ocrx_word' id='word_1_362' title='bbox 1081 3165 1091 3193; x_wconf 92' lang='lat'>‚</span> <span class='ocrx_word' id='word_1_363' title='bbox 1106 3147 1117 3172; x_wconf 77' lang='lat' dir='ltr'><strong>s</strong></span> <span class='ocrx_word' id='word_1_364' title='bbox 1129 3123 1226 3178; x_wconf 88' lang='lat' dir='ltr'><strong>deinde</strong></span> 
     </span>
     <span class='ocr_line' id='line_1_35' title="bbox 176 3201 1227 3278; baseline 0.002 -24"><span class='ocrx_word' id='word_1_365' title='bbox 176 3201 256 3274; x_wconf 71' lang='lat' dir='ltr'><strong>longa</strong></span> <span class='ocrx_word' id='word_1_366' title='bbox 266 3205 309 3256; x_wconf 81' lang='lat' dir='ltr'><strong>sis</strong></span> <span class='ocrx_word' id='word_1_367' title='bbox 317 3206 458 3275; x_wconf 72' lang='lat' dir='ltr'><strong>fatigatos,</strong></span> <span class='ocrx_word' id='word_1_368' title='bbox 469 3203 565 3258; x_wconf 87' lang='lat' dir='ltr'><strong>vidisse</strong></span> <span class='ocrx_word' id='word_1_369' title='bbox 577 3204 684 3258; x_wconf 84' lang='lat' dir='ltr'><strong>flumine</strong></span> <span class='ocrx_word' id='word_1_370' title='bbox 696 3206 814 3276; x_wconf 70' lang='lat' dir='ltr'><strong>ingentis</strong></span> <span class='ocrx_word' id='word_1_371' title='bbox 825 3217 851 3258; x_wconf 89' lang='lat' dir='ltr'><strong>et</strong></span> <span class='ocrx_word' id='word_1_372' title='bbox 862 3217 1010 3277; x_wconf 84' lang='lat' dir='ltr'><strong>conceptus</strong></span> <span class='ocrx_word' id='word_1_373' title='bbox 1018 3222 1147 3278; x_wconf 78' lang='lat' dir='ltr'><strong>equarum</strong></span> <span class='ocrx_word' id='word_1_374' title='bbox 1156 3205 1227 3258; x_wconf 90' lang='lat' dir='ltr'><strong>iner-</strong></span> 
     </span>
     <span class='ocr_line' id='line_1_36' title="bbox 178 3282 1226 3357; baseline 0.003 -26"><span class='ocrx_word' id='word_1_375' title='bbox 178 3282 244 3332; x_wconf 85' lang='lat' dir='ltr'><strong>tium</strong></span> <span class='ocrx_word' id='word_1_376' title='bbox 255 3295 357 3349; x_wconf 80' lang='lat' dir='ltr'><strong>vastos,</strong></span> <span class='ocrx_word' id='word_1_377' title='bbox 369 3300 445 3354; x_wconf 83' lang='lat' dir='ltr'><strong>peres</strong></span> <span class='ocrx_word' id='word_1_378' title='bbox 455 3284 552 3336; x_wconf 82' lang='lat' dir='ltr'><strong>nostris</strong></span> <span class='ocrx_word' id='word_1_379' title='bbox 560 3301 630 3345; x_wconf 77' lang='lat' dir='ltr'><strong>·„nec</strong></span> <span class='ocrx_word' id='word_1_380' title='bbox 639 3301 805 3356; x_wconf 84' lang='lat' dir='ltr'><strong>compressos</strong></span> <span class='ocrx_word' id='word_1_381' title='bbox 816 3282 923 3357; x_wconf 88' lang='lat' dir='ltr'><strong>quidem</strong></span> <span class='ocrx_word' id='word_1_382' title='bbox 934 3297 1005 3336; x_wconf 86' lang='lat' dir='ltr'><strong>terre</strong></span> <span class='ocrx_word' id='word_1_383' title='bbox 1014 3285 1226 3356; x_wconf 82' lang='lat' dir='ltr'><strong>supereminente</strong></span> 
     </span>
     <span class='ocr_line' id='line_1_37' title="bbox 177 3357 1225 3433; baseline 0.005 -22"><span class='ocrx_word' id='word_1_384' title='bbox 177 3357 215 3428; x_wconf 90' lang='lat' dir='ltr'><strong>(l.</strong></span> <span class='ocrx_word' id='word_1_385' title='bbox 227 3362 463 3432; x_wconf 86' lang='lat' dir='ltr'><strong>superimminente</strong></span> <span class='ocrx_word' id='word_1_386' title='bbox 472 3361 498 3433; x_wconf 91' lang='lat'><strong>),</strong></span> <span class='ocrx_word' id='word_1_387' title='bbox 513 3362 559 3416; x_wconf 87' lang='lat' dir='ltr'><strong>sed</strong></span> <span class='ocrx_word' id='word_1_388' title='bbox 569 3362 657 3416; x_wconf 79' lang='lat' dir='ltr'><strong>liberte</strong></span> <span class='ocrx_word' id='word_1_389' title='bbox 666 3362 798 3426; x_wconf 61' lang='lat' dir='ltr'><strong>tannen</strong></span> <span class='ocrx_word' id='word_1_390' title='bbox 811 3386 823 3410; x_wconf 75' lang='lat' dir='ltr'><strong>r</strong></span> <span class='ocrx_word' id='word_1_391' title='bbox 839 3363 1033 3433; x_wconf 80' lang='lat' dir='ltr'><strong>Quintilianus,</strong></span> <span class='ocrx_word' id='word_1_392' title='bbox 1044 3364 1130 3416; x_wconf 85' lang='lat' dir='ltr'><strong>instit.</strong></span> <span class='ocrx_word' id='word_1_393' title='bbox 1140 3365 1181 3429; x_wconf 88' lang='lat'><strong>11,</strong></span> <span class='ocrx_word' id='word_1_394' title='bbox 1193 3363 1225 3428; x_wconf 83' lang='lat'><strong>6,</strong></span> 
     </span>
     <span class='ocr_line' id='line_1_38' title="bbox 178 3435 1228 3515; baseline 0.005 -25"><span class='ocrx_word' id='word_1_395' title='bbox 178 3435 212 3491; x_wconf 90' lang='lat' dir='ltr'><strong>de</strong></span> <span class='ocrx_word' id='word_1_396' title='bbox 230 3439 324 3493; x_wconf 78' lang='lat' dir='ltr'><strong>eribus</strong></span> <span class='ocrx_word' id='word_1_397' title='bbox 341 3441 470 3514; x_wconf 83' lang='lat' dir='ltr'><strong>loquens,</strong></span> <span class='ocrx_word' id='word_1_398' title='bbox 493 3455 569 3494; x_wconf 83' lang='lat' dir='ltr'><strong>stum</strong></span> <span class='ocrx_word' id='word_1_399' title='bbox 584 3455 704 3515; x_wconf 83' lang='lat' dir='ltr'><strong>expertes</strong></span> <span class='ocrx_word' id='word_1_400' title='bbox 718 3444 786 3496; x_wconf 82' lang='lat' dir='ltr'><strong>vires</strong></span> <span class='ocrx_word' id='word_1_401' title='bbox 801 3443 884 3497; x_wconf 90' lang='lat' dir='ltr'><strong>libero</strong></span> <span class='ocrx_word' id='word_1_402' title='bbox 901 3442 979 3511; x_wconf 80' lang='lat' dir='ltr'><strong>celo,</strong></span> <span class='ocrx_word' id='word_1_403' title='bbox 996 3457 1069 3496; x_wconf 69' lang='lat' dir='ltr'><strong>etn-</strong></span> <span class='ocrx_word' id='word_1_404' title='bbox 1089 3444 1228 3507; x_wconf 79' lang='lat' dir='ltr'><strong>Lucanus,</strong></span> 
     </span>
     <span class='ocr_line' id='line_1_39' title="bbox 179 3519 1227 3598; baseline 0.002 -27"><span class='ocrx_word' id='word_1_405' title='bbox 179 3519 231 3585; x_wconf 81' lang='lat' dir='ltr'><strong>lX,</strong></span> <span class='ocrx_word' id='word_1_406' title='bbox 242 3519 310 3587; x_wconf 77' lang='lat'><strong>453,</strong></span> <span class='ocrx_word' id='word_1_407' title='bbox 319 3519 352 3572; x_wconf 87' lang='lat' dir='ltr'><strong>de</strong></span> <span class='ocrx_word' id='word_1_408' title='bbox 361 3535 459 3574; x_wconf 83' lang='lat' dir='ltr'><strong>vento:</strong></span> <span class='ocrx_word' id='word_1_409' title='bbox 475 3544 486 3568; x_wconf 84' lang='grc' dir='ltr'>ι</span> <span class='ocrx_word' id='word_1_410' title='bbox 498 3525 565 3594; x_wconf 90' lang='lat' dir='ltr'><strong>petit</strong></span> <span class='ocrx_word' id='word_1_411' title='bbox 574 3541 653 3576; x_wconf 87' lang='lat' dir='ltr'><strong>omne</strong></span> <span class='ocrx_word' id='word_1_412' title='bbox 663 3523 765 3585; x_wconf 86' lang='lat' dir='ltr'><strong>solum;</strong></span> <span class='ocrx_word' id='word_1_413' title='bbox 777 3522 896 3598; x_wconf 85' lang='lat' dir='ltr'><strong>liberque</strong></span> <span class='ocrx_word' id='word_1_414' title='bbox 908 3535 997 3576; x_wconf 80' lang='lat' dir='ltr'><strong>meatu</strong></span> <span class='ocrx_word' id='word_1_415' title='bbox 1005 3522 1118 3576; x_wconf 79' lang='lat' dir='ltr'><strong>AEolinm</strong></span> <span class='ocrx_word' id='word_1_416' title='bbox 1127 3521 1227 3574; x_wconf 84' lang='lat' dir='ltr'><strong>rabiem</strong></span> 
     </span>
     <span class='ocr_line' id='line_1_40' title="bbox 177 3601 1228 3676; baseline 0.002 -27"><span class='ocrx_word' id='word_1_417' title='bbox 177 3601 241 3651; x_wconf 87' lang='lat' dir='ltr'><strong>totis</strong></span> <span class='ocrx_word' id='word_1_418' title='bbox 254 3615 359 3653; x_wconf 81' lang='lat' dir='ltr'><strong>exercet</strong></span> <span class='ocrx_word' id='word_1_419' title='bbox 371 3604 473 3664; x_wconf 80' lang='lat' dir='ltr'><strong>arenis:</strong></span> <span class='ocrx_word' id='word_1_420' title='bbox 487 3625 499 3650; x_wconf 81' lang='lat' dir='ltr'><strong>s</strong></span> <span class='ocrx_word' id='word_1_421' title='bbox 515 3605 552 3655; x_wconf 87' lang='lat' dir='ltr'><strong>its</strong></span> <span class='ocrx_word' id='word_1_422' title='bbox 561 3603 704 3673; x_wconf 72' lang='lat' dir='ltr'><strong>legendum</strong></span> <span class='ocrx_word' id='word_1_423' title='bbox 716 3626 722 3655; x_wconf 92' lang='lat'>:</span> <span class='ocrx_word' id='word_1_424' title='bbox 734 3602 829 3675; x_wconf 72' lang='lat' dir='ltr'><strong>vulgo,</strong></span> <span class='ocrx_word' id='word_1_425' title='bbox 838 3617 914 3676; x_wconf 85' lang='lat' dir='ltr'><strong>patet</strong></span> <span class='ocrx_word' id='word_1_426' title='bbox 924 3623 1002 3659; x_wconf 81' lang='lat' dir='ltr'><strong>omne</strong></span> <span class='ocrx_word' id='word_1_427' title='bbox 1012 3604 1098 3658; x_wconf 84' lang='lat' dir='ltr'><strong>solum</strong></span> <span class='ocrx_word' id='word_1_428' title='bbox 1110 3626 1118 3656; x_wconf 93' lang='grc'><strong>.·</strong></span> <span class='ocrx_word' id='word_1_429' title='bbox 1133 3619 1228 3674; x_wconf 87' lang='lat' dir='ltr'><strong>perpe-</strong></span> 
     </span>
     <span class='ocr_line' id='line_1_41' title="bbox 180 3681 1228 3756; baseline 0.004 -26"><span class='ocrx_word' id='word_1_430' title='bbox 180 3697 244 3732; x_wconf 87' lang='lat' dir='ltr'><strong>rnm.</strong></span> <span class='ocrx_word' id='word_1_431' title='bbox 259 3681 315 3734; x_wconf 86' lang='lat' dir='ltr'><strong>Lir.</strong></span> <span class='ocrx_word' id='word_1_432' title='bbox 327 3683 429 3750; x_wconf 79' lang='lat' dir='ltr'><strong>xxm,</strong></span> <span class='ocrx_word' id='word_1_433' title='bbox 441 3683 490 3754; x_wconf 67' lang='lat'><strong>47,</strong></span> <span class='ocrx_word' id='word_1_434' title='bbox 504 3707 516 3731; x_wconf 83' lang='grc' dir='ltr'>ι</span> <span class='ocrx_word' id='word_1_435' title='bbox 525 3685 593 3737; x_wconf 90' lang='lat' dir='ltr'><strong>Dein</strong></span> <span class='ocrx_word' id='word_1_436' title='bbox 604 3684 689 3738; x_wconf 87' lang='lat' dir='ltr'><strong>libero</strong></span> <span class='ocrx_word' id='word_1_437' title='bbox 702 3688 788 3756; x_wconf 78' lang='lat' dir='ltr'><strong>spatio</strong></span> <span class='ocrx_word' id='word_1_438' title='bbox 800 3689 869 3739; x_wconf 89' lang='lat' dir='ltr'><strong>inter</strong></span> <span class='ocrx_word' id='word_1_439' title='bbox 881 3706 909 3741; x_wconf 86' lang='lat' dir='ltr'><strong>se</strong></span> <span class='ocrx_word' id='word_1_440' title='bbox 921 3687 1085 3741; x_wconf 75' lang='lat' dir='ltr'><strong>ludificantes</strong></span> <span class='ocrx_word' id='word_1_441' title='bbox 1099 3688 1155 3738; x_wconf 89' lang='lat' dir='ltr'><strong>sine</strong></span> <span class='ocrx_word' id='word_1_442' title='bbox 1170 3683 1228 3736; x_wconf 87' lang='lat' dir='ltr'><strong>vul-</strong></span> 
     </span>
     <span class='ocr_line' id='line_1_42' title="bbox 179 3763 1226 3837; baseline 0.002 -25"><span class='ocrx_word' id='word_1_443' title='bbox 179 3779 241 3812; x_wconf 86' lang='lat' dir='ltr'><strong>nere</strong></span> <span class='ocrx_word' id='word_1_444' title='bbox 255 3781 373 3833; x_wconf 71' lang='lat' dir='ltr'><strong>pugnam</strong></span> <span class='ocrx_word' id='word_1_445' title='bbox 386 3763 569 3817; x_wconf 82' lang='lat' dir='ltr'><strong>extrahebant.</strong></span> <span class='ocrx_word' id='word_1_446' title='bbox 580 3789 592 3812; x_wconf 77' lang='grc' dir='ltr'><strong>ι</strong></span> <span class='ocrx_word' id='word_1_447' title='bbox 610 3767 696 3818; x_wconf 83' lang='lat' dir='ltr'><strong>Notus</strong></span> <span class='ocrx_word' id='word_1_448' title='bbox 709 3783 773 3818; x_wconf 84' lang='lat' dir='ltr'><strong>vero</strong></span> <span class='ocrx_word' id='word_1_449' title='bbox 786 3766 942 3820; x_wconf 77' lang='lat' dir='ltr'><strong>Grenismus</strong></span> <span class='ocrx_word' id='word_1_450' title='bbox 957 3767 1071 3821; x_wconf 80' lang='lat' dir='ltr'><strong>Liberior</strong></span> <span class='ocrx_word' id='word_1_451' title='bbox 1082 3764 1168 3837; x_wconf 82' lang='lat' dir='ltr'><strong>spatii.</strong></span> <span class='ocrx_word' id='word_1_452' title='bbox 1187 3764 1226 3814; x_wconf 81' lang='lat' dir='ltr'><strong>lte</strong></span> 
     </span>
     <span class='ocr_line' id='line_1_43' title="bbox 179 3836 765 3917; baseline 0.015 -26"><span class='ocrx_word' id='word_1_453' title='bbox 179 3836 246 3891; x_wconf 82' lang='lat' dir='ltr'><strong>liber</strong></span> <span class='ocrx_word' id='word_1_454' title='bbox 257 3853 329 3894; x_wconf 85' lang='lat' dir='ltr'><strong>terroe</strong></span> <span class='ocrx_word' id='word_1_455' title='bbox 340 3841 417 3897; x_wconf 78' lang='lat' dir='ltr'><strong>bortis</strong></span> <span class='ocrx_word' id='word_1_456' title='bbox 430 3843 503 3917; x_wconf 80' lang='lat' dir='ltr'><strong>opud</strong></span> <span class='ocrx_word' id='word_1_457' title='bbox 516 3846 615 3896; x_wconf 82' lang='lat' dir='ltr'><strong>Lucan.</strong></span> <span class='ocrx_word' id='word_1_458' title='bbox 632 3847 683 3910; x_wconf 90' lang='lat' dir='ltr'><strong>Vl,</strong></span> <span class='ocrx_word' id='word_1_459' title='bbox 699 3846 765 3912; x_wconf 81' lang='lat'><strong>106,</strong></span> 
     </span>
    </p>
   </div>
   <div class='ocr_carea' id='block_1_8' title="bbox 366 3947 941 4084">
    <p class='ocr_par' dir='ltr' id='par_1_9' title="bbox 366 3947 941 4084">
     <span class='ocr_line' id='line_1_44' title="bbox 366 3947 847 4012; baseline 0.01 -19"><span class='ocrx_word' id='word_1_460' title='bbox 366 3951 395 3994; x_wconf 77' lang='lat' dir='ltr'><strong>At</strong></span> <span class='ocrx_word' id='word_1_461' title='bbox 404 3947 463 3996; x_wconf 85' lang='lat' dir='ltr'><strong>liber</strong></span> <span class='ocrx_word' id='word_1_462' title='bbox 472 3961 540 3996; x_wconf 74' lang='lat' dir='ltr'><strong>terru¹</strong></span> <span class='ocrx_word' id='word_1_463' title='bbox 549 3952 656 4012; x_wconf 76' lang='lat' dir='ltr'><strong>spatiosis</strong></span> <span class='ocrx_word' id='word_1_464' title='bbox 666 3949 765 3998; x_wconf 81' lang='lat' dir='ltr'><strong>collibus</strong></span> <span class='ocrx_word' id='word_1_465' title='bbox 774 3949 847 3998; x_wconf 88' lang='lat' dir='ltr'><strong>bostis</strong></span> 
     </span>
     <span class='ocr_line' id='line_1_45' title="bbox 366 4022 941 4084; baseline 0.003 -19"><span class='ocrx_word' id='word_1_466' title='bbox 366 4023 424 4066; x_wconf 79' lang='lat' dir='ltr'><strong>Aere</strong></span> <span class='ocrx_word' id='word_1_467' title='bbox 435 4035 482 4066; x_wconf 91' lang='lat' dir='ltr'><strong>non</strong></span> <span class='ocrx_word' id='word_1_468' title='bbox 491 4022 573 4082; x_wconf 67' lang='lat' dir='ltr'><strong>pigro,</strong></span> <span class='ocrx_word' id='word_1_469' title='bbox 583 4037 626 4070; x_wconf 87' lang='lat' dir='ltr'><strong>nec</strong></span> <span class='ocrx_word' id='word_1_470' title='bbox 635 4022 749 4070; x_wconf 86' lang='lat' dir='ltr'><strong>inertibus</strong></span> <span class='ocrx_word' id='word_1_471' title='bbox 758 4024 850 4084; x_wconf 70' lang='lat' dir='ltr'><strong>sopitur</strong></span> <span class='ocrx_word' id='word_1_472' title='bbox 859 4024 941 4070; x_wconf 87' lang='lat' dir='ltr'><strong>undis:</strong></span> 
     </span>
    </p>
   </div>
   <div class='ocr_carea' id='block_1_9' title="bbox 0 0 1434 4488">
    <p class='ocr_par' dir='ltr' id='par_1_10' title="bbox 0 0 1434 4488">
     <span class='ocr_line' id='line_1_46' title="bbox 0 0 1434 4488; baseline 0 0"><span class='ocrx_word' id='word_1_473' title='bbox 0 0 1434 4488; x_wconf 95' lang='lat' dir='ltr'><strong> </strong></span> 
     </span>
    </p>
   </div>
  </div>
 </body>
</html>
