2850 4488
214 331 278 414 492
408 321 544 386 NOTAE
569 321 617 385 IN
642 320 839 384 CARMEN
862 317 1063 383 SEXTUM

247 449 289 502 52.
308 449 363 501 Aut
373 448 454 502 Aleoe.
468 448 600 499 Domitius
611 448 712 500 invenit
723 449 750 498 in
763 443 887 498 omnibus
898 446 951 498 coir
967 445 1002 497 tn
1015 444 1110 506 ritim-
1122 445 1191 498 unde
1203 446 1256 501 edi·

211 529 263 596 dit,
276 530 331 580 Aut
341 526 429 594 Eleo,
440 526 601 580 reclamante
611 526 753 592 Politiuno,
765 525 848 598 Epist.
858 527 906 592 vt,
920 542 943 590 t,
954 535 1066 596 propter
1079 538 1191 576 metrum
1203 528 1256 578 rio·

210 609 302 662 latum.
321 612 351 662 ln
368 610 452 660 Perm.
471 621 526 675 eet,
542 608 597 658 Aut
614 607 686 668 teloe,·
701 625 792 659 verum
805 618 862 672 eet,
875 605 930 657 Aut
944 604 1018 656 Ateoe
1032 602 1117 658 lucis:
1136 606 1258 676 intelligit

210 687 321 761 Augen,
336 687 398 741 Alei
411 687 508 754 filiam,
520 685 554 738 ub
565 686 678 739 Hercule
691 703 869 757 compressum
880 705 887 748 ς
900 683 960 736 ride
972 687 1120 756 Hyginum,
1136 683 1200 737 Feb.
1213 701 1256 754 99.

211 769 307 838 Tangit
322 765 392 820 hanc
406 766 524 820 fubulem
540 767 652 835 Noster,
668 769 747 818 Herc.
760 765 876 818 Surrent.
889 785 913 816 v.
927 764 975 832 40,
987 777 1014 818 et
1025 765 1097 818 hune
1110 763 1199 819 locum
1212 785 1259 819 ex·

212 845 294 918 pliout
305 847 385 913 ulter,
397 847 481 900 Theb.
494 849 544 915 IV,
557 846 623 918 ²87,

398 955 450 1000 Non
459 955 535 1015 Tegee
544 987 551 1009 ,
561 967 610 998 nun
619 954 669 1014 ipte
678 953 729 998 Deo
738 962 804 998 vocet
811 949 865 998 nlite
875 949 927 998 ielir

400 1024 509 1088 Cyllene,
520 1023 680 1087 templumque
689 1022 752 1070 Alce
761 1021 879 1070 nemorale
888 1023 1006 1069 Minerve.

212 1125 280 1178 Hinc
294 1123 365 1176 rides
379 1141 463 1196 quere
479 1124 563 1196 Tegeo
576 1121 691 1176 sacerdot
703 1122 795 1192 Auge,
814 1139 912 1193 nempe
930 1123 990 1194 quio
1003 1121 1132 1174 Arcadico
1144 1136 1217 1188 erat,
1231 1135 1257 1173 et

212 1205 324 1256 sacerdos
337 1205 461 1256 Minerva
474 1202 572 1255 Alete:
592 1201 664 1255 rideo
686 1203 765 1253 ctiam
782 1219 864 1272 quere
883 1201 963 1270 lucis,
980 1202 1042 1274 quin
1059 1201 1188 1273 templum
1205 1200 1258 1253 hoe

212 1295 270 1336 erut
283 1282 424 1336 nemorale.
439 1281 561 1336 Menulir
578 1281 652 1356 Auge
669 1293 791 1348 vocatur,
809 1283 887 1334 Hero.
908 1282 1024 1335 Surrent.
1044 1300 1067 1334 v.
1085 1280 1138 1350 40,
1157 1281 1257 1346 idest,

107 1397 109 1401 -
213 1362 346 1415 Arcadico.
361 1365 421 1415 llnro
434 1365 655 1434 pretermiserunt
667 1363 832 1434 interpretes.

248 1533 291 1587 56.
312 1536 394 1588 Tenet
405 1535 460 1589 lroeo
470 1535 614 1588 marcentia
622 1535 716 1606 fratris
727 1533 843 1602 Pocula,
857 1535 943 1588 adhuc
953 1551 1026 1588 soevoe
1036 1535 1157 1587 meminit
1166 1553 1259 1589 monus

211 1613 296 1668 altero
313 1617 397 1670 eredis.
415 1619 467 1669 Diu
487 1615 560 1668 hunc
578 1616 667 1669 locum
687 1629 840 1687 suspectum
860 1615 961 1677 hebui3
980 1616 1079 1688 quippe
1096 1616 1175 1668 ceder
1193 1634 1257 1686 quus

211 1694 338 1748 Hercules
349 1695 519 1768 perpetrabat
531 1714 586 1747 non
598 1712 669 1748 soevoe
679 1697 802 1762 fuerunt,
816 1693 864 1747 ted
876 1695 966 1768 generi
980 1693 1098 1747 humano
1115 1695 1189 1748 utiles
1202 1695 1258 1766 ple·

212 1790 301 1845 reque
316 1789 341 1826 et
356 1775 517 1842 necessarie,
538 1788 564 1827 et
583 1773 684 1844 quidvis
699 1775 788 1846 potine
803 1792 883 1845 quoni
896 1790 976 1826 ooeum
996 1777 1139 1842 l'retereu,
1158 1791 1190 1827 er
1203 1776 1257 1826 ictio

211 1853 313 1918 verbis,
329 1855 415 1908 adhuc
428 1873 500 1908 teve
513 1856 634 1908 meminit
646 1873 740 1908 monuo
757 1853 840 1906 ultera
858 1853 947 1922 credis,
967 1872 1022 1907 non
1039 1855 1166 1925 colligere
1184 1869 1258 1926 potet

214 1930 349 2002 quodnam
360 1935 424 2000 fuit,
437 1931 511 2006 quod
520 1936 547 1986 in
558 1933 640 1986 alteru
651 1952 730 1985 manu
742 1931 850 1985 tenebat
859 1931 914 1984 lieo
924 1947 1024 1997 otetun3
1036 1932 1118 1986 verbu
1128 1934 1199 1985 enim
1206 1932 1257 2009 glo·

213 2009 256 2061 dio
267 2010 308 2061 rel
325 2013 439 2087 sapittoe,
453 2014 494 2066 vel
509 2015 592 2067 cuivis
605 2013 649 2065 ulii
661 2015 751 2065 mortis
764 2013 939 2066 instrumento
952 2014 1131 2066 conveniunt:
1146 2015 1258 2078 Dextro,

211 2089 316 2161 inquit,
329 2102 401 2145 tenet
409 2093 551 2165 poculum,¹
563 2091 625 2146 ltere
637 2095 838 2147 instrumentum
847 2094 957 2167 aliquod
966 2093 1051 2146 letale.
1062 2096 1148 2165 Magis
1159 2096 1259 2166 signate

212 2165 288 2239 loqui
299 2173 433 2240 oportuit,
447 2173 554 2246 quando
565 2171 744 2244 descripturus
756 2185 812 2225 erut
822 2173 963 2226 Herculem
976 2175 1069 2239 istum,
1085 2197 1096 2218 ι
1105 2174 1187 2243 Cujus
1197 2171 1256 2224 laera

212 2244 282 2297 calet
293 2246 403 2315 robore,
415 2249 506 2302 dextro
519 2268 626 2318 mero,r
642 2263 671 2301 ut
683 2249 717 2302 de
730 2269 762 2304 eo
773 2251 887 2303 Martial.
902 2253 951 2318 IX,
964 2269 1033 2316 xnrv,
1043 2252 1067 2319 4.
1080 2255 1110 2305 ln
1123 2250 1258 2304 codicibus

212 2326 329 2398 antiquis
343 2332 442 2382 invenit
453 2332 598 2395 Domitius,
614 2333 667 2384 «Et
680 2331 736 2384 brec
752 2331 808 2385 leve
823 2335 918 2384 meruit
931 2352 1025 2385 manus
1043 2349 1136 2406 erpere
1150 2331 1256 2392 sedim-

211 2423 261 2477 pro
275 2427 344 2481 que,
356 2425 385 2462 ut
397 2413 453 2483 ipse
466 2412 574 2479 fatetur,
585 2411 717 2484 vulgatam
730 2413 818 2480 dedit,
833 2413 942 2466 «adhuc
955 2433 1026 2467 sucre
1038 2413 1153 2465 meminit
1163 2429 1258 2464 manus

212 2486 295 2541 altera
306 2489 416 2555 cedis„
429 2493 564 2562 ingeniose
575 2491 698 2564 quidem,
709 2496 729 2546 si
741 2494 882 2566 quadraret
892 2497 1080 2556 cumveritute;
1091 2512 1169 2564 quam
1178 2492 1258 2542 trium

210 2564 346 2621 literarum
360 2573 506 2624 mutatione
526 2591 558 2625 cn
579 2573 640 2638 tibi,
655 2573 750 2642 lector,
769 2573 895 2640 exhibeo,
914 2588 961 2626 «ut
977 2574 1033 2627 lnce
1048 2573 1123 2626 cleve
1140 2573 1260 2623 meminit

210 2665 326 2700 manner
346 2669 440 2722 aspere
461 2650 537 2705 sedes
557 2654 687 2720 Sustinet,
707 2654 842 2706 occultum
861 2655 983 2706 Nemeaeo
1002 2655 1116 2726 tegmine
1134 2669 1257 2706 texum.»

210 2725 296 2780 Prima
305 2729 381 2782 litere
392 2733 419 2784 in
431 2732 505 2786 clave
514 2733 612 2786 coaluit
625 2755 686 2788 cum
696 2733 790 2787 ultime
802 2737 873 2788 vocis
885 2733 1071 2808 precedentis5
1083 2733 1145 2786 inde
1156 2731 1224 2800 love,
1235 2744 1260 2782 et

212 2808 272 2877 quin
284 2806 337 2862 boe
349 2828 404 2862 non
416 2813 623 2885 intelligebatur,
636 2814 704 2877 ieve;
720 2813 755 2867 ed
766 2815 902 2881 ultimum,
915 2816 1024 2866 Domitii
1033 2831 1118 2875 reum
1130 2811 1203 2864 tides
1218 2830 1260 2863 er-

211 2888 280 2940 roris
294 2890 423 2960 originem
438 2906 465 2945 et
482 2914 661 2966 progressum.
676 2897 817 2966 Eleganter
833 2914 896 2948 vero
914 2895 1034 2946 meminit
1047 2893 1140 2957 eloooe,
1158 2891 1185 2942 id
1202 2903 1258 2954 eet,

212 2978 294 3033 tenet,
308 2969 335 3022 t'n
345 2984 438 3042 parato
450 2972 524 3027 babet
537 2975 648 3028 elevem.
661 2975 718 3028 vat.
734 2978 754 3027 F
755 2975 822 3028 lucc.
835 2977 868 3040 V,
882 2973 948 3027 583:

318 3137 320 3144 Ι
398 3078 473 3138 Quem
483 3081 582 3142 rogitat,
592 3081 724 3136 Carmeint,
734 3080 779 3125 rit:
790 3093 841 3126 mor
850 3077 979 3125 comminuo
987 3091 1050 3124 erma

397 3149 494 3212 Semper
502 3148 590 3197 babere
600 3151 664 3224 viro,
674 3164 766 3210 temper
774 3151 905 3196 meminicte
914 3145 1047 3211 pheretm

210 3209 259 3292 tibi
272 3239 330 3294 vide
341 3242 522 3298 doctitoimum
536 3247 714 3298 Burmeunnm
725 3241 796 3296 liano
806 3245 916 3317 phruein
930 3242 1122 3315 explicantem,
1135 3253 1163 3292 et
1176 3257 1260 3292 exem·

210 3317 256 3390 ple
273 3322 461 3390 proferentem.
476 3327 584 3390 Neuter,
596 3323 681 3376 Theb.
696 3323 731 3374 Vl
739 3359 747 3389 ,
763 3339 831 3394 710,
845 3323 878 3380 de
894 3323 969 3376 disco
987 3323 1015 3374 in
1029 3319 1144 3374 sublime
1159 3320 1261 3390 mugnis

210 3396 311 3451 viribus
323 3401 418 3469 ntimo,
433 3405 523 3475 «fugit
535 3401 670 3456 horrendo
681 3421 731 3474 per
742 3405 831 3456 inunie
844 3405 925 3467 uultu;
938 3405 1052 3472 Jamque
1063 3398 1159 3472 procul
1171 3399 1261 3451 memi-

211 3477 251 3530 nit
269 3478 401 3542 dextrae3r
421 3482 494 3555 quod
512 3483 626 3554 explicet
644 3481 731 3536 verbis
749 3486 868 3556 proximo
887 3483 1076 3558 sequentibue,
1098 3493 1261 3551 semetque

210 3571 330 3610 tenorem
340 3561 435 3616 Discus
441 3585 449 3626 ;
458 3589 468 3610 ι
480 3563 616 3632 Manilius,
624 3568 656 3630 V,
665 3563 711 3631 3¹,
723 3587 734 3611 ι
744 3562 951 3637 Heuiocbueque
960 3581 1062 3616 mernor
1070 3579 1179 3627 mnus,
1188 3559 1261 3630 pluu-

211 3640 312 3712 rtrique
325 3643 428 3696 Bootes.
440 3668 453 3692 ι
468 3646 548 3696 Recte
560 3647 639 3698 etiam
656 3658 682 3698 et
696 3649 845 3699 neeeeeurio
859 3647 940 3708 reden·
957 3645 1050 3699 babitu
1067 3645 1137 3696 enim
1152 3641 1261 3696 cedentis
1357 3646 1361 3669 ¹

211 3719 360 3816 lingebatur
373 3721 429 3774 hec
447 3721 586 3789 lenticula,
603 3739 684 3798 prout
696 3724 769 3778 illem
785 3727 910 3780 describit
926 3725 1040 3780 Mertiel.
1055 3725 1107 3792 tx,
1122 3739 1194 3790 ων,
1206 3726 1261 3794 jem

213 3819 281 3876 toepe
292 3815 363 3856 citat.
376 3823 382 3853 ε

397 3893 440 3939 llic
449 3893 490 3955 qui
499 3893 556 3940 dura
567 3894 651 3944 oedem
660 3907 770 3959 porrecto
780 3912 831 3944 mm
842 3895 911 3945 leone

427 3963 533 4026 ningit,
543 3967 627 4030 exiguo
636 3983 733 4032 mngnur
742 3969 767 4014 iu
776 3983 820 4015 erc
829 3967 899 4023 dene,

400 4101 452 4146 Non
463 4112 496 4147 eet
506 4099 567 4148 ieme
576 4116 672 4158 renent,
683 4117 726 4148 nee
735 4102 807 4148 nostri
816 4098 887 4164 gloria
897 4097 960 4147 cett:
