2844 4484
449 319 581 384 LIBRI
605 321 788 402 QUARTI
813 321 1064 392 SILVARUM.
1174 328 1234 393 521

203 451 269 502 cisse
288 458 394 500 anun.
413 449 443 498 ln
456 445 510 498 MS.
530 423 713 497 itenrbtwenst
728 464 778 517 pro
796 456 943 518 sequentem
959 459 1000 500 est
1008 448 1157 518 furentem,-
1170 453 1241 507 und,

203 527 349 580 adstruitur
365 525 530 596 aliquatenus
548 542 606 576 men
622 528 792 595 conjectura;
807 527 856 578 nisi
873 525 949 578 malis
958 525 1132 598 fremerttem,
1145 531 1173 583 id
1186 547 1241 600 est,

203 609 393 682 iudiqnontem.
406 607 483 658 Hunc
494 605 596 658 Manilii
606 603 710 672 locum,
721 609 757 659 ita
769 622 798 660 ut
809 607 867 674 hic,
883 606 998 679 explicat
1008 608 1070 660 alibi
1081 612 1243 680 Gronovius,

203 688 239 741 ad
249 687 334 740 Plauti
346 687 415 740 Pers.
428 688 454 752 l,
465 705 489 738 a.
501 714 537 728 -
547 684 693 738 Markland.
705 689 732 738 in
742 686 879 742 Addeudis
890 691 959 740 suis:
973 688 1023 738 Pro
1035 693 1163 762 sequenti,
1175 693 1241 745 Veu.

203 770 286 822 Parru.
305 770 381 821 Rom.
397 768 523 838 sequentis
528 786 538 826 ,⁶
557 778 587 816 ut
605 769 765 819 constructio
784 770 832 835 sit,
850 769 920 820 dedit
938 779 962 820 tc
977 769 1101 822 arbitrum
1119 775 1244 844 sequentis

204 867 329 914 mnonoe,
340 846 369 899 id
380 861 432 914 est,
439 845 520 917 fecit,
532 846 664 899 constiutit
674 860 700 900 te
712 847 847 900 arbitrum.
867 849 899 900 A.

241 1007 282 1042 ao.
301 989 353 1042 Sed
362 991 436 1042 Bntti
445 991 511 1041 senis
522 977 688 1043 oscitationes.
699 990 747 1042 Vel
761 991 869 1042 Brutum
880 989 1015 1064 intelligit,
1028 993 1074 1063 qui
1085 994 1112 1043 iu
1123 991 1244 1062 philoso-

205 1069 270 1142 phia
285 1082 389 1124 secutus
406 1085 445 1123 est
461 1067 621 1120 Antiochum
633 1069 813 1123 Ascalonitaut
828 1083 854 1123 et
864 1083 979 1122 veterem
994 1070 1177 1138 Academiam,
1191 1072 1246 1122 An-

205 1147 340 1219 tiochique
356 1151 463 1201 fratrem
480 1145 655 1217 Empbilium,
675 1148 750 1219 quod
763 1149 865 1220 plecet;
883 1149 924 1201 rel
943 1151 1052 1202 Brutum
1070 1167 1159 1203 senem
1176 1150 1245 1202 male

206 1227 363 1281 scribentem
377 1242 467 1294 notat,
481 1245 588 1279 suorum
600 1241 748 1301 temporum
763 1228 906 1282 bominem.
926 1230 1024 1283 Dortrr.

241 1407 282 1459 ²9·
302 1390 364 1442 Non
375 1389 508 1462 ellychnia
519 1394 592 1446 sicca
606 1389 772 1462 Ellychniurn
788 1403 826 1443 est
844 1389 914 1460 quod
934 1389 1047 1442 lucernae
1063 1387 1203 1441 adhibetur
1220 1399 1247 1440 et

207 1469 335 1520 flammam
350 1473 446 1538 nutrit,
460 1472 594 1526 funiculus
607 1470 707 1523 scilicet
720 1489 751 1522 ex
769 1482 863 1540 stupa,
878 1481 921 1535 et,
939 1481 969 1520 ut
980 1469 1079 1520 Plinius
1094 1467 1199 1534 scribit,
1215 1485 1246 1519 ex

208 1546 257 1600 alie
269 1549 347 1601 etiam
359 1553 466 1605 materie
481 1550 675 1625 aliqueud0.-
685 1548 773 1615 Sicca,
787 1551 867 1600 etiam
882 1550 938 1600 sine
953 1546 1021 1600 oleo.
1041 1549 1139 1600 Dourr.

243 1711 284 1764 32.
303 1713 437 1784 Nttsquum
458 1713 593 1784 Cinyphiis
611 1723 704 1785 coyata
723 1711 836 1780 campis,
857 1722 906 1761 etc.
929 1707 960 1759 ld
981 1721 1036 1772 est,
1056 1726 1111 1758 nou
1129 1705 1246 1759 habebas

208 1790 380 1858 testudinem,
395 1811 475 1863 quam
486 1795 602 1845 mitteres
614 1788 686 1842 mihi.
699 1789 767 1841 Nam
782 1789 956 1860 excogitatum
968 1801 1007 1840 est
1018 1789 1154 1858 putamina
1165 1800 1248 1840 testu-

207 1867 298 1921 dinum
312 1872 338 1920 iu
353 1869 464 1924 laminas
478 1890 581 1938 secare,
594 1869 731 1940 lectosque
743 1881 768 1921 et
779 1869 934 1940 repositoria
944 1867 985 1920 his
995 1869 1102 1926 vestire;
1117 1865 1189 1937 quod
1200 1865 1249 1916 Ar·

207 1948 283 2002 vilius
301 1948 385 2001 Pollio
403 1952 505 2022 primus
526 1949 633 2016 docuit,
652 1951 752 2020 sagacis
771 1947 870 2019 ingenii
889 1946 923 1999 ad
940 1947 1047 1998 luxuriae
1064 1948 1247 1998 iustrumenta.

207 2029 423 2100 Augrutatorium
435 2031 570 2102 intelligit,
583 2029 656 2102 quod
668 2048 699 2081 ex
710 2031 845 2100 putamine
856 2025 1018 2082 testudinum
1027 2024 1180 2092 constabat,
1191 2027 1250 2077 mit-

207 2106 366 2179 tebaturque
377 2111 404 2162 in
416 2109 606 2164 Saturnalibus.
625 2111 723 2162 Duum.

243 2249 285 2317 34.
301 2252 363 2304 Non
374 2250 476 2306 lardum
484 2273 563 2328 qrove
572 2253 692 2306 debilisve
699 2257 800 2326 perna?
811 2256 875 2308 Non
891 2253 909 2305 i.
925 2273 978 2308 non
987 2271 1078 2328 proves
1084 2249 1210 2324 phalisci,
1221 2259 1251 2301 ut

209 2331 330 2402 quidam,
340 2331 387 2384 sed
397 2351 451 2386 uon
460 2335 522 2386 ferri
530 2346 620 2406 potest
626 2351 704 2408 praue
714 2346 741 2386 et
747 2352 846 2410 proves.
855 2335 940 2406 Lege,
953 2357 964 2381 ι
973 2335 1035 2385 Nou
1044 2331 1147 2384 lardum
1156 2329 1251 2395 breve,

208 2409 335 2464 debilisve
346 2431 438 2484 perna.
450 2438 462 2462 ι
476 2413 573 2467 Probet
581 2411 634 2466 hoc
644 2432 696 2466 vox
707 2411 810 2480 debilis,
822 2412 939 2484 ejusdem
951 2413 1005 2464 fere
1017 2410 1069 2462 hoo
1079 2409 1140 2461 loco
1150 2425 1250 2461 sensus.

208 2490 257 2540 Per
273 2488 374 2542 tardum
391 2493 463 2544 breve
477 2493 598 2564 intelligit
613 2493 739 2545 minutam
751 2491 819 2544 lardi
830 2495 995 2562 portionem3
1011 2501 1036 2541 et
1050 2487 1119 2540 bene
1133 2485 1254 2557 exprimit

209 2568 375 2638 exiguitatem
389 2575 505 2624 muneris
519 2594 525 2623 :
544 2572 647 2624 lardum
659 2572 732 2626 breue
742 2591 792 2642 pro
799 2571 915 2643 fnestum
927 2569 995 2622 lardi
999 2608 1008 2635 ,
1025 2581 1055 2620 ut
1068 2566 1155 2617 minor
1170 2562 1254 2616 altilis

208 2647 327 2699 Juvenal.
342 2650 373 2714 V,
390 2650 453 2715 168,
467 2669 517 2721 pro
531 2667 593 2721 pars
607 2648 702 2717 altilis,
716 2669 769 2703 non
786 2660 839 2702 tota
853 2647 949 2702 altilis:
965 2645 1028 2698 aAd
1041 2664 1087 2698 vos
1096 2646 1152 2713 jum
1165 2644 1253 2694 veniet

208 2726 296 2776 minor
308 2725 400 2790 altilis;
411 2752 422 2774 ι
436 2731 472 2780 ita
486 2728 642 2800 legendum,
654 2748 709 2782 nou
720 2729 763 2781 At
776 2747 838 2791 nos,·
855 2729 887 2781 de
902 2727 1036 2780 clientibus
1051 2728 1134 2791 enim,
1148 2740 1204 2773 non
1220 2719 1254 2773 de

209 2801 288 2872 seipso
307 2805 368 2872 agit.
383 2805 424 2856 Sic
441 2806 532 2857 debilis
546 2806 643 2859 eotenus
656 2807 730 2876 apud
745 2807 858 2862 Martial.
872 2809 920 2858 Vll
927 2844 935 2872 ,
949 2823 983 2857 xx
992 2826 1028 2854 :w
1037 2805 1070 2854 Et
1086 2802 1159 2872 lippa
1172 2801 1254 2866 fieus,

209 2877 357 2951 debilisque
368 2879 510 2944 boletus;»
524 2895 609 2936 curtus
621 2885 740 2936 cennusis
750 2887 853 2946 Persio,
866 2885 918 2936 Sat.
929 2888 966 2946 V;
978 2901 1031 2934 non
1044 2877 1254 2944 romesiensis,

210 2957 253 3008 cui
271 2957 373 3030 aliquid
384 2957 531 3033 smnpitun
549 2975 580 3012 ut
597 2961 716 3032 loquitur
732 2961 874 3014 luvenalis.
892 2963 990 3014 Pariter
1004 2972 1203 3013 commutantur
1215 2956 1254 3008 hae
1318 3001 1320 3004 .

210 3054 289 3088 voces
306 3037 386 3090 brevis
403 3051 429 3090 et
439 3041 526 3112 pravis
539 3040 699 3106 Claudiano,
712 3043 745 3093 tv
760 3041 839 3093 Cous.
858 3043 958 3094 Honor.
973 3062 997 3094 r.
1014 3040 1083 3104 510,
1102 3041 1188 3107 «Quae
1204 3036 1254 3090 snb

211 3127 237 3167 te
247 3115 289 3168 vel
299 3135 392 3170 caussa
401 3117 501 3185 brevis,
512 3119 553 3172 vel
565 3118 662 3191 judicis
674 3138 746 3173 error
756 3120 920 3192 Negligitur?
929 3144 940 3166 ι
955 3123 991 3173 ite
1003 3131 1074 3171 recte
1087 3116 1168 3169 edidit
1178 3117 1255 3168 Heiu-

211 3195 279 3263 sius,
290 3216 340 3267 pro
351 3216 439 3252 canuc
448 3200 542 3271 prauis.
556 3198 623 3253 Vide
635 3199 736 3252 locum·

246 3345 289 3400 35.
308 3347 448 3401 htcanico.
461 3350 598 3403 farcimen
611 3353 747 3404 inuentum
759 3353 874 3423 primunt
885 3353 914 3404 in
924 3352 1039 3404 Lucanis
1051 3349 1172 3421 populis,
1185 3347 1255 3400 unde

213 3437 250 3477 eat
262 3428 286 3479 ei
297 3445 403 3510 nomen.
415 3428 457 3480 Ab
471 3432 563 3501 Apicio
577 3428 700 3482 conditur
710 3433 815 3503 pipere,
828 3432 938 3496 cimino,
951 3431 1075 3483 satureia.
1094 3429 1192 3480 Donrr.

248 3584 291 3650 Aa.
313 3583 412 3652 Oliures
429 3605 505 3648 uuas3
525 3589 552 3640 iu
572 3588 631 3642 ollis
651 3601 779 3650 serratas3
799 3587 871 3660 quod
889 3589 946 3641 fieri
965 3585 1046 3639 docet
1062 3583 1209 3638 Columella
1228 3583 1256 3634 in

211 3659 338 3715 bumastis
352 3662 484 3718 duraturis
500 3669 657 3738 purpureis,
677 3681 708 3718 ut
725 3666 843 3739 pediculi
860 3669 1029 3739 impicentur,
1049 3665 1114 3718 dura
1133 3668 1193 3736 pice
1211 3683 1256 3717 aas

212 3741 291 3794 fictile
308 3743 457 3810 condiatur,
474 3744 557 3817 paleis
572 3765 650 3818 quarn
664 3749 812 3800 siccissimis
826 3748 947 3801 cribreris
966 3760 992 3799 et
1003 3745 1156 3810 substratis;
1172 3745 1255 3796 altero

213 3820 320 3874 vasculo
331 3822 450 3876 adhibito
459 3827 638 3897 cooperiatur,
648 3826 795 3879 circumlito
805 3828 861 3880 luto
870 3827 991 3899 paleato,
1001 3840 1027 3880 et
1036 3838 1170 3897 ponantur
1177 3826 1256 3876 ctiam

214 3901 371 4029 iptabulato
385 3922 465 3974 quam
476 3907 635 3973 siccissimo,
646 3906 747 3960 obrutis
761 3909 830 3962 rasis
841 3908 928 3979 palea.
943 3911 986 3962 Eae
1001 3906 1097 3959 ollares
1111 3923 1167 3956 uva
1180 3903 1256 3954 dice-

235 3993 320 4034 autur.
339 3983 437 4035 nostr.
536 3987 541 3990 “
