2784 4484
510 240 572 306 an
596 238 826 306 stantun.
1080 187 1082 192 ⁵
1169 269 1189 336 9

145 369 213 431 ὥς
223 365 297 437 iege,
309 363 400 417 sivein
409 359 508 417 subitis
518 361 624 438 atiquo,
635 378 686 419 etc.
698 365 790 418 Subita
799 379 860 418 sunt
868 380 1084 440 extemporanea,
1095 369 1192 442 quibus
1211 411 1221 428 ,

143 459 316 520 opponuntur
326 443 465 509 meditatu,
479 455 506 495 et
517 445 654 517 exquisita,
666 457 693 498 et
705 444 844 498 elaborata.
857 445 922 500 Plio.
937 449 1020 520 Epist.
1031 452 1052 516 l,
1064 449 1109 501 ¹6:
1121 451 1193 503 «Au-

142 527 193 580 diri
204 544 296 578 causas
309 537 435 596 egentem
447 525 543 576 acriter
555 535 581 574 et
592 524 726 591 ardenter,
737 543 787 578 nec
796 528 882 580 minus
891 527 973 598 polite
983 542 1009 580 et
1019 543 1125 597 ornate,
1137 535 1192 584 sire

142 606 276 674 meditatu,
285 606 340 660 sive
350 603 439 658 subita
451 605 607 675 proferret·
619 603 652 655 Et
663 605 700 656 ita
709 607 809 677 passim
819 608 847 658 in
857 606 982 680 Epistolis
993 607 1090 662 Plinius
1100 623 1126 661 et
1137 610 1191 662 alii.

143 684 202 738 trid.
215 703 274 756 usp.
287 701 320 738 ro
332 686 410 736 istius
420 681 504 734 libelli
517 681 711 753 elegantissimi.
720 713 758 723 -
766 685 846 738 Seriis
859 685 982 756 operibus
992 704 1047 740 non
1059 689 1110 741 nisi
1120 687 1191 742 ludi-

143 785 188 819 ιη
205 778 390 840 opponuntur.
406 764 502 835 Neque
518 761 563 814 illa
579 764 709 815 correctio
725 762 826 836 dialogi
842 764 875 816 de
892 764 970 818 Cana.
987 780 1104 839 corrupt.
1120 768 1192 842 eloq.

145 865 203 918 cap.
219 865 266 911 so,
279 844 393 918 probari
410 855 509 914 potest.
524 843 579 895 Cur
594 844 664 894 euim
681 843 772 895 subite
784 845 920 897 orationes
934 845 1129 918 intelligantur?
1145 849 1192 916 Et,

146 925 217 999 quod
227 924 273 978 alii
283 942 342 978 non
357 924 545 990 observarunt,
558 925 679 996 queritur
694 922 759 996 quid
773 925 819 990 sit,
834 923 950 997 aliquem
961 939 1054 997 arguta
1063 931 1193 982 sententia

145 1004 293 1057 effulsisse?
310 1002 406 1055 litere
421 1001 564 1055 verborum
581 1001 704 1056 videntur
721 1021 735 1054 a
754 1001 867 1055 librariis
887 1021 942 1055 non
961 1016 1034 1056 recte
1052 1003 1192 1076 disposite.

146 1083 231 1150 Quare
248 1080 393 1154 legendum
410 1081 543 1134 arbitror:
566 1080 745 1155 «traduntque
762 1083 875 1136 invicem
895 1101 926 1134 ac
944 1101 1012 1155 saepe
1030 1085 1057 1135 in
1074 1085 1193 1138 colonias
1291 1105 1293 1110 ·

148 1165 332 1234 acprosincias
341 1180 402 1215 suas
411 1161 544 1230 scribunt,
554 1162 575 1214 si
584 1163 717 1214 venustius
728 1160 830 1235 aliquid
840 1176 930 1234 arguta
942 1177 967 1215 et
976 1163 1051 1217 brevi
1061 1167 1194 1218 sententia

148 1243 289 1310 effulserit,
305 1243 363 1295 sire
374 1240 451 1294 locus
463 1243 592 1314 exquisito
610 1254 636 1294 et
648 1243 755 1313 poetico
767 1243 840 1294 cultu
852 1244 977 1295 enituit.»
991 1245 1110 1316 Praecipit
1122 1245 1193 1297 enirn

147 1319 237 1375 (icero
246 1325 321 1374 Brut.
333 1341 392 1394 cap.
405 1321 456 1392 95:
473 1346 485 1369 ι
492 1339 586 1392 genera
597 1334 684 1374 autern
695 1322 814 1374 Asiaticis
825 1321 948 1374 dictionis
958 1321 1012 1376 duo
1022 1336 1098 1376 sunt:
1109 1341 1193 1374 unum

149 1406 336 1456 sententiosum
348 1415 376 1456 et
387 1415 524 1476 argutum,
538 1403 675 1456 sententiis
688 1419 744 1454 noo
758 1415 812 1455 tarn
825 1401 948 1474 gravibus
964 1416 991 1456 et
1002 1403 1099 1456 severis
1113 1421 1194 1475 quarn

149 1485 281 1536 concinnis
294 1497 322 1538 et
332 1485 461 1537 verrutis.
472 1507 485 1530 ι
497 1483 579 1536 ilino.
641 1495 646 1504 “

183 1634 223 1671 so.
244 1619 329 1689 Quam
336 1617 578 1691 dedicaverutopus.
587 1615 654 1688 Quis
663 1619 842 1672 dedicauerat?
851 1635 906 1670 non
916 1619 1068 1690 imperatum
1078 1614 1116 1668 illi
1124 1617 1195 1669 enin

150 1695 329 1750 dedicabatur.
340 1700 408 1768 Quis
420 1700 500 1770 igitur
509 1699 652 1752 dedicavit?
663 1697 750 1752 disces
760 1697 813 1750 hoc
822 1715 922 1751 eversu
935 1713 978 1766 99.
988 1697 1097 1749 Senatus
1107 1696 1196 1766 itaque

150 1775 312 1848 Populuspsoe
317 1779 451 1830 domum
459 1776 649 1832 dedicavitboc
659 1797 742 1850 opua;
753 1775 953 1850 reponendum,
961 1787 1063 1848 postero
1069 1776 1195 1848 diequarte

150 1852 299 1906 dedicatum
311 1871 365 1909 erat
377 1876 455 1930 opus,
468 1859 656 1931 traderejussus
667 1877 731 1912 mm.
745 1859 877 1931 Scriptum
889 1858 938 1908 fuis
951 1856 1079 1908 deducatsi
1089 1865 1157 1921 erut,
1168 1867 1196 1907 et

152 1933 216 1988 elisa
228 1933 304 1987 litera
318 1946 341 2003 t,
355 1936 528 1991 dedicauemt.
541 1967 576 1979 —
590 1939 691 1992 Omnes
705 1936 766 1990 libri
778 1939 872 2009 scripti
885 1949 911 1989 et
923 1937 1038 2006 antiqua
1049 1934 1136 2002 editt,
1151 1951 1196 1986 ex-

151 2027 227 2085 cept·
239 2033 292 2067 una
300 2019 456 2085 vicentina,
469 2019 641 2070 consentiunt
653 2019 680 2068 iu
689 2015 796 2088 vulgata
806 2018 951 2087 scriptum
964 2013 1009 2066 illu
1018 2032 1080 2066 sero
1090 2011 1195 2066 exbibet

151 2093 331 2148 Minoum
346 2099 445 2149 Praeter
457 2095 644 2149 blarkloudum
660 2115 730 2149 unus
746 2096 901 2148 Parrhasius
917 2094 951 2147 de
964 2094 1006 2147 his
1018 2093 1106 2147 verbis
1120 2111 1196 2145 conr-

153 2187 278 2228 nenutus
295 2189 336 2229 est
347 2177 425 2248 epist
439 2174 483 2248 57,
495 2194 559 2249 pug.
573 2175 623 2243 rod
633 2174 709 2248 (pag.
723 2177 790 2247 796,
801 2175 929 2228 Theseus.
943 2172 1016 2244 crit.)
1027 2175 1063 2225 ita
1075 2196 1080 2224 :
1096 2171 1196 2226 «Dedi-

152 2267 248 2308 esoerat
259 2257 433 2309 Domitianus
449 2258 507 2329 ipse
521 2269 650 2324 statuam,
669 2257 732 2327 quia
747 2255 867 2328 pontifex
880 2256 1026 2323 maximus,
1043 2266 1074 2306 ut
1085 2253 1197 2306 historia

151 2334 292 2408 Tranquilli
310 2334 394 2389 trudit
408 2351 435 2389 es
445 2337 547 2388 Dion.»
563 2336 656 2390 Jacob.
672 2334 817 2389 Gutherius
834 2334 869 2388 de
879 2335 970 2387 Veteri
981 2337 1046 2387 iure
1057 2331 1196 2387 Pontificio

151 2409 248 2482 liblll,
259 2433 285 2466 e.
298 2433 340 2483 rr,
353 2433 415 2487 pag.
428 2415 492 2482 ido,
504 2428 567 2490 tom.
578 2418 612 2483 V,
622 2415 751 2492 Tbesaur.
762 2416 844 2468 Graes.
856 2417 907 2466 ait:
924 2437 935 2460 ι
945 2412 1017 2466 Nihil
1028 2431 1130 2465 sacrum
1140 2410 1197 2463 lieri

150 2496 249 2564 potuit,
272 2496 324 2548 nisi
340 2495 383 2547 vel
396 2497 522 2568 princepe
535 2494 603 2548 illud
616 2495 765 2562 dedicasset,
778 2494 821 2548 vel
835 2492 977 2549 dedicandi
991 2492 1107 2548 dedisset
1119 2505 1196 2564 pute·

152 2586 251 2627 sutem.
263 2597 276 2624 ι
289 2577 375 2628 nanu.

191 2703 232 2770 ²l·
250 2705 302 2758 Sed
314 2717 399 2759 umen
413 2707 558 2761 ccum
575 2708 742 2762 ltexumetnos.
762 2709 793 2760 lo
808 2707 918 2760 Domitii
933 2703 1076 2758 (lodicibus
1092 2703 1196 2756 numeri

155 2781 279 2851 decretu,
289 2803 356 2855 quos
364 2786 407 2839 ille
416 2806 447 2840 ex
457 2805 537 2842 sensu
546 2787 659 2852 addidit,
670 2787 861 2841 recte-Olim
870 2787 968 2839 omisso
978 2802 1091 2838 numero
1100 2783 1198 2834 referev

154 2863 223 2916 bant
233 2862 268 2916 ad
278 2864 409 2918 artificium
418 2866 586 2920 heroicorum
596 2886 733 2937 versuum,
745 2881 775 2920 ut
785 2885 877 2920 seusus
888 2876 971 2918 esset:
985 2863 1104 2935 quamvis
1114 2858 1197 2911 biduo
1293 2857 1295 2865 '

153 2946 186 2998 sit
202 2947 343 3017 scriptum,
354 2945 466 3000 heroicis
482 2960 571 3000 tamen
583 2947 711 3000 versibus.
730 2945 782 2999 Sed
797 2945 956 2998 Culderinus
974 2955 1046 2994 recte
1064 2940 1199 2992 substituit

151 3043 300 3078 numerum.
319 3025 416 3078 blirnm
432 3045 496 3080 vero
513 3026 587 3100 quod
604 3046 695 3080 omnes
713 3025 843 3077 editiones
858 3039 943 3093 usque
957 3019 989 3073 ad
999 3019 1197 3073 Gronovianaro

152 3103 302 3159 exhibent:
315 3107 466 3175 mxu,
479 3119 506 3160 at
517 3105 587 3179 quod
597 3105 687 3160 Barth.
702 3106 752 3176 278
763 3121 856 3157 versus
867 3102 1114 3156 numeruviffltrtn.

184 3229 226 3286 25.
244 3231 399 3303 Etfostasse
412 3243 440 3284 tu
450 3249 499 3303 pro
509 3231 610 3307 colleqa
621 3233 760 3284 mentieris.
774 3229 857 3301 Lege:
870 3227 1036 3301 Atfortusse,
1049 3225 1138 3280 deleta
1151 3229 1197 3281 in·

151 3311 338 3382 terrugationis
351 3323 425 3364 nota.
441 3310 626 3381 objectionem
640 3312 752 3366 denotat
767 3329 817 3364 vox
830 3321 866 3362 at.
879 3310 973 3362 Cicero
985 3307 1019 3360 de
1032 3307 1147 3360 Divinut.
1161 3311 1198 3376 ll,

152 3407 194 3442 st:
214 3389 274 3442 -ds
287 3403 379 3458 vetus,
396 3401 452 3442 turn
465 3393 563 3443 Pinarii
577 3393 675 3459 Nattae,
690 3388 800 3456 nobilis;
815 3408 831 3441 a
845 3388 981 3442 nobilitate
995 3390 1076 3460 igitur
1090 3389 1197 3460 pericu·

149 3465 235 3534 lanu·
249 3473 289 3523 ita
300 3469 365 3523 olim
376 3471 529 3538 emendavi,
541 3491 590 3545 pro
599 3491 630 3524 uc
642 3482 776 3525 uenatum.
788 3469 899 3525 Ovidius
907 3472 972 3522 bles.
982 3469 1053 3532 Vlll,
1064 3467 1118 3520 60.-
1130 3490 1141 3513 ι
1151 3467 1198 3535 At,

151 3561 225 3618 puto,
242 3551 421 3612 vincentum
442 3551 480 3604 itu
498 3549 655 3623 legendnm
672 3550 752 3622 vulgo
770 3551 811 3603 Ut.
832 3547 958 3621 Exempla
975 3547 1083 3620 ubique.
1102 3547 1199 3600 Senam

153 3637 204 3677 ests
221 3629 292 3698 «At,
310 3629 422 3701 objiciet
441 3629 550 3702 aliquis,
566 3631 679 3682 sonasse
695 3643 739 3700 tu,
755 3628 849 3697 Stella,
864 3630 999 3682 mentieris
1014 3647 1064 3700 pro
1082 3625 1198 3699 collega,

149 3719 230 3775 poeta
238 3726 290 3780 pro
301 3721 411 3781 poetam
425 3708 581 3782 Respondet
592 3711 706 3764 Statius:
722 3711 810 3779 tEsto,
820 3723 850 3763 ut
859 3711 1002 3762 mentiatur
1013 3705 1094 3760 Stella
1104 3709 1131 3760 in
1142 3725 1199 3777 pra-

149 3783 214 3834 tiam
225 3803 324 3854 mun,
336 3807 355 3840 a
366 3805 409 3839 me
419 3799 539 3862 topatus.-
554 3788 666 3842 ultennn
678 3803 767 3843 tanuen
779 3801 874 3843 testem
884 3788 986 3855 babeo,
999 3785 1127 3840 blanlium
1140 3783 1198 3837 scil.

147 3863 290 3934 Vopiscum
302 3865 349 3937 (at
363 3885 443 3938 quem
458 3869 545 3922 unum
554 3869 577 3941 l)
591 3870 637 3942 qui
653 3887 708 3922 non
720 3882 842 3940 rogatus,
857 3867 904 3922 sed
916 3869 984 3922 ultro
999 3881 1025 3921 et
1038 3884 1087 3920 suu
1103 3873 1197 3932 sponte

147 3939 253 4012 norun
267 3943 339 3999 solet
353 3963 385 3998 es
400 3965 494 4015 causa,
508 3948 608 4002 scilicet
622 3947 714 4003 villum
727 3969 801 4006 situm
813 3950 965 4020 descriptam
979 3963 1038 4002 ease
1052 3963 1067 4000 s
1084 3959 1126 3995 ms
1138 3957 1192 3994 uuo
