2782 4486
378 313 509 378 LlBRl
533 313 707 396 QUINTI
733 316 983 381 SlLVARUM.
1133 317 1193 390 661

163 442 197 495 de
215 441 293 494 AEtns
305 439 441 504 lustinus,
455 439 499 505 IV,
521 437 719 504 1,·Aeeedunt
735 441 814 492 ricini
831 454 858 493 et
867 444 988 514 perpetui
1007 443 1088 497 AEmae
1102 451 1201 501 mouri,

162 523 251 593 ignes,
266 534 292 573 et
303 518 448 571 insularum
459 515 606 585 AEolidutn,
620 519 701 572 veluti
718 521 781 591 ipsis
793 519 871 574 undis
883 520 967 573 ulntnr
978 521 1136 576 incendium.
1149 529 1202 578 Ne-

163 620 215 672 que
238 601 307 656 enim
329 601 355 651 in
379 611 432 651 tum
452 600 569 668 augustis
590 600 707 654 terminis
726 599 801 652 nliter
816 599 912 653 dursre
933 613 971 652 tot
991 603 1092 656 seculis
1115 617 1202 660 tantus
1292 593 1296 603 ¹

162 683 230 752 ignis
243 681 387 752 potuisset,
397 679 448 732 nisi
460 677 580 732 humoris
591 682 757 732 nutrimentis
769 679 914 732 aleretur.»
938 682 1022 735 Notus
1038 703 1112 736 error
1126 705 1156 738 ex
1171 705 1203 738 eo

163 759 236 832 quod
247 761 331 830 pr'unn
345 757 418 810 litere
431 757 473 809 rei
490 757 592 812 animos
610 759 704 812 emisse
721 772 776 811 eret
791 760 819 810 in
834 757 926 812 ultime
936 760 1107 831 praecedentis
1116 765 1204 826 vocis3

163 838 225 892 iude
237 857 268 890 ex
280 838 379 904 nimos,
393 834 465 908 quod
479 853 535 888 non
551 836 751 908 intelligendum
765 852 836 905 eret,
851 840 973 893 fecerunt
985 842 1080 895 domos.
1093 844 1204 896 Contru-

164 920 204 970 rio
215 917 296 970 modo
308 927 447 988 peceatum
456 913 527 987 opud
539 915 606 969 Veli.
616 917 851 984 Paterculum,.ll,
865 936 914 990 27,
928 918 974 972 ubi
988 939 1035 993 pro
1051 925 1111 974 asir
1121 922 1205 974 animi

163 998 278 1070 bellique
293 997 487 1062 fortissimus,·
508 997 565 1048 sine
583 995 666 1049 dubio
685 996 826 1069 legendum
844 1013 897 1066 est,
921 1002 980 1052 «vir
998 1003 1070 1055 domi
1088 1001 1204 1074 bellique

163 1078 338 1140 fortissimus;
349 1100 360 1125 ι
373 1093 430 1149 quse
441 1073 545 1147 phrasis
554 1078 695 1146 sepissime
706 1077 779 1149 apud
789 1077 877 1130 bonos
888 1080 1030 1150 scriptores
1041 1083 1165 1133 occurrit.
1176 1083 1205 1132 ln
1293 1101 1298 1124 ι

164 1158 215 1211 beo
228 1176 307 1222 voce,
322 1158 421 1229 puriter
433 1173 464 1208 nc
478 1156 589 1222 Statius,
602 1156 761 1228 depravatus
775 1171 814 1210 est
826 1158 992 1230 Propertius,
1004 1159 1055 1226 lii,
1071 1175 1120 1227 so,
1132 1176 1164 1229 9:

349 1263 474 1308 Fortunate
484 1261 563 1317 nimis,
573 1261 683 1309 modo'tit
692 1261 734 1308 tibi
743 1259 805 1326 lidus
812 1263 911 1310 auritus!

379 1331 451 1379 fidus
460 1347 504 1396 ego
513 1347 520 1378 ε
530 1335 553 1378 ἱιι
563 1344 654 1380 nostros
663 1349 745 1388 enrre,
756 1332 845 1397 puelle,
857 1336 934 1382 sinos:

164 1447 202 1496 its
214 1439 367 1514 legendum,
383 1439 476 1511 vulgo,
491 1441 633 1506 Fortunata
647 1442 752 1508 domus,
772 1455 799 1494 et
810 1441 887 1494 Fidus
900 1461 953 1506 ero,
964 1441 1016 1496 Sed
1024 1441 1063 1493 de
1074 1441 1115 1494 bis
1131 1441 1204 1504 aiios.

165 1523 273 1576 Animos
285 1539 348 1572 sero
366 1519 445 1572 rebus
458 1519 581 1572 inanimis
594 1536 663 1591 saepe
677 1517 786 1584 attribui
803 1534 897 1574 notum
911 1523 943 1576 iis
958 1523 1003 1592 qui
1020 1535 1112 1592 poetes
1126 1523 1207 1574 etiem

165 1600 256 1654 leviter
269 1602 427 1670 attigerunt3
441 1596 521 1650 Corn.
537 1598 663 1664 Severus,
675 1598 769 1662 AEtnn,
784 1617 806 1649 v.
824 1599 891 1664 280,

350 1703 419 1760 Unde
429 1715 526 1766 repeme
536 1704 601 1765 quies
610 1715 635 1750 et
643 1702 718 1752 multo,
724 1702 814 1750 tedere
822 1719 866 1765 psx
875 1705 916 1758 sit,

352 1777 399 1821 Cur
407 1786 513 1821 creseunt
522 1775 593 1819 enimi
601 1775 707 1835 penitus,
718 1789 760 1820 seu
767 1773 829 1821 forte
839 1790 942 1822 cevernae

351 1847 508 1910 lntroitnsque
517 1847 559 1909 ipn‘
569 1845 673 1902 servent,
684 1861 738 1900 een,
750 1857 794 1891 ete.

167 1977 263 2031 supro,
275 1977 313 2010 vs.
330 1975 390 2028 ²7¹,
403 1975 515 2009 numero
530 1954 672 2026 singulari,

352 2059 446 2108 Nullum
455 2057 537 2107 tallere
547 2077 618 2123 opus,
629 2075 677 2107 uon
685 2075 762 2110 mutos
772 2080 867 2110 cernere
876 2080 952 2113 sacros

353 2133 432 2179 AEtntei
441 2133 525 2178 monus
534 2133 652 2191 fremitus,
660 2135 808 2199 animmque
818 2136 927 2192 ferentin

167 2243 215 2296 ubi
235 2261 283 2316 pro
299 2253 396 2308 mutos,
418 2254 492 2295 vetus
509 2241 589 2295 editio
604 2243 697 2295 babuit
717 2244 825 2304 multis,
842 2263 892 2314 pro
907 2263 960 2315 quo
975 2243 1110 2302 substituit
1125 2257 1209 2300 mutos

167 2322 290 2395 Scaliger,
308 2336 334 2377 et
350 2341 410 2376 eum
424 2335 529 2375 secutus
541 2321 678 2389 Gorullus,
694 2327 837 2396 quoniam,
855 2326 955 2397 inquit,
976 2338 1070 2378 «metu
1084 2337 1111 2376 et
1124 2324 1209 2376 admi-

167 2404 268 2456 ratione
280 2401 494 2455 obmutescimus.
506 2425 517 2450 ·
531 2401 613 2474 Atqui
623 2401 676 2454 hoe
687 2421 742 2456 nou
756 2401 839 2456 efficit
851 2421 901 2455 vox
913 2413 997 2457 mutos
1009 2403 1060 2454 nisi
1073 2399 1150 2454 simul
1164 2402 1208 2453 nd·

167 2479 245 2534 detur
258 2501 334 2536 casua
346 2501 403 2554 qun.
414 2495 502 2535 mutos
518 2479 622 2543 reddin
641 2501 697 2538 non
709 2484 779 2535 enim
791 2481 879 2535 dicere
891 2496 968 2554 potes
979 2492 1066 2539 mutuos
1078 2499 1134 2532 sum
1147 2481 1209 2530 sirn-

167 2561 286 2640 pliciter,
300 2580 349 2633 pro
360 2561 449 2614 dolore
459 2573 545 2614 muns
557 2578 631 2626 sum,
645 2561 686 2612 vel
699 2571 770 2612 metu
782 2571 869 2623 munes
881 2579 953 2626 mm,
967 2561 1009 2612 vel
1022 2559 1208 2626 admiratione:

167 2641 281 2714 pessime
302 2641 379 2691 etium
398 2637 523 2710 Scaliger,
539 2640 584 2708 qui
592 2685 593 2690 ,
601 2641 740 2710 conjungit
753 2638 939 2710 duoepithets
958 2658 1012 2692 non
1030 2648 1115 2690 mutos
1129 2655 1211 2690 morus

167 2719 286 2770 fremitui
297 2718 389 2768 AEtne.
408 2718 459 2768 Pro
473 2715 577 2782 multis,
589 2735 644 2772 non
659 2715 752 2774 dubito
769 2718 832 2789 quin
846 2716 987 2788 legendum
1001 2721 1035 2771 sit
1050 2715 1125 2770 mdiu
1139 2739 1148 2768 .·
1163 2714 1211 2767 sed

169 2817 261 2862 rocem
273 2815 355 2851 sacros
365 2813 444 2868 quum
454 2797 554 2868 pariter
563 2808 715 2868 corruptum
726 2809 807 2869 puto,
819 2796 876 2849 eliis
887 2797 1007 2869 relinquo
1017 2799 1063 2870 qui
1073 2796 1136 2848 buin
1147 2813 1212 2866 poe-

168 2879 236 2936 muti
249 2876 437 2930 obscurissimo
455 2889 482 2928 et
496 2873 713 2948 depravatissimo
726 2895 819 2930 munus
833 2877 967 2930 admoturi
981 2880 1041 2931 sint.
1060 2876 1149 2942 idem,
1168 2893 1210 2928 su-

168 2975 230 3029 pra,
243 2975 281 3010 vs.
304 2955 369 3032 145,
384 2957 474 3008 eNom
493 2973 547 3032 quo
563 2954 680 3020 liberior,
699 2973 805 3028 quoqne
820 2969 859 3008 est
872 2957 1016 3010 animosior
1030 2957 1115 3027 ignis,
1131 2966 1180 3006 etc.
1195 2978 1207 3031 ῃ

168 3035 276 3089 Animos
283 3035 377 3114 fluviis
390 3037 488 3107 passim
503 3037 617 3106 assignet
632 3035 750 3088 Noster:
766 3036 803 3087 its
814 3034 899 3088 Theb.
914 3038 975 3103 Vll,
988 3036 1058 3104 426,
1072 3034 1106 3087 de
1120 3035 1210 3105 Asopo

170 3115 276 3169 flumine

285 3153 293 3183 ’
541 3222 545 3232 .
557 3223 562 3232 .
574 3222 578 3231 .
603 3186 662 3232 forte
673 3197 696 3231 et
706 3185 874 3249 trepidentibus
883 3187 964 3248 ingens

355 3255 517 3304 Descendebat
526 3258 601 3319 agris:
611 3258 700 3304 animos
709 3256 757 3303 sive
767 3255 871 3302 imbrifer
880 3271 959 3310 arcus,

355 3332 401 3377 Seu
410 3341 520 3376 montone
528 3328 594 3375 dedit
602 3329 690 3384 nubes,
701 3343 743 3376 seu
752 3325 853 3374 fluminis
863 3325 901 3374 ills

353 3402 422 3448 Mens
431 3400 488 3456 init,
498 3399 651 3463 obiectusque
661 3399 721 3446 redo
729 3401 797 3445 Pater
806 3414 869 3446 orme
878 3399 982 3453 vetubut;

169 3512 216 3564 ubi
228 3531 277 3584 pro
292 3513 386 3576 nubes,
401 3510 568 3564 scribendum
585 3525 651 3581 puto
667 3511 750 3576 tabes,
768 3522 796 3562 ut
814 3511 900 3562 niuem
915 3509 1047 3579 intelliget
1065 3508 1163 3561 Statius
1174 3527 1214 3572 ,ex

169 3591 299 3641 muntium
311 3589 452 3641 verticibus
462 3589 618 3650 resolutam
629 3603 656 3640 et
664 3606 714 3659 pro
720 3587 843 3664 fluminis
853 3587 923 3639 olere
935 3586 1074 3660 legendum
1086 3588 1213 3648 numinis,·

170 3668 250 3720 modo
265 3669 335 3720 enim
351 3668 483 3739 processit
486 3669 608 3744 strumina
622 3680 648 3719 et
652 3665 781 3744 fluvium.
802 3664 924 3719 Similiter
937 3664 1065 3718 Thebaid.
1082 3667 1131 3730 ill,
1146 3666 1213 3733 671,

354 3774 388 3818 Ut
397 3771 490 3835 rapidus
499 3786 591 3820 torrem
600 3774 689 3820 animos
698 3773 736 3818 oui
745 3785 815 3818 vernt
825 3773 954 3818 ministrent

356 3843 475 3900 Flumine,
486 3856 510 3890 et
519 3847 582 3891 eunti
591 3854 701 3890 concreto
711 3843 797 3904 frigore
807 3853 912 3896 moutes;

170 3938 217 3990 ubi
232 3938 365 4010 eleganter
380 3941 449 3994 niues
460 3954 538 3993 vocet
555 3953 701 3993 concretum
713 3939 820 4012 [νέμω.-
834 3937 878 3989 hio
890 3937 964 3988 loeus
980 3933 1116 3987 confirmat
1129 3951 1214 3984 menen
1295 3988 1300 3998 ¹

171 4019 348 4089 conjecturam
362 4018 395 4072 de
406 4019 439 4086 τᾷ
453 4021 521 4072 tabes
535 4039 584 4090 pro
597 4020 681 4070 nubes.
697 4021 735 4071 De
751 4019 842 4088 hyeme
854 4021 965 4080 Noster,
980 4013 1062 4066 Theb.
1078 4011 1215 4076 x11,652,
