2850 4488
200 354 1245 380 ”mmmmm

612 593 826 698 NOTAE

214 869 268 946 IN
286 867 507 946 CARMEN
530 865 831 944 SECUNDUM
848 867 997 942 LIBRI
1016 866 1225 969 QUAllTl

590 1099 845 1164 SlLVARUM.

192 1597 202 1618 ⁸
221 1564 459 1663 Encaunrsrrcou,
473 1610 522 1649 etc.
537 1597 704 1648 Domitianus
718 1595 826 1666 epulum
839 1596 1012 1667 largissimum
1024 1595 1098 1649 dedit
1111 1601 1240 1650 senatori·

191 1676 242 1728 bus
252 1688 279 1727 et
288 1676 434 1748 equitibus:
445 1679 472 1729 in
483 1694 536 1749 quo
545 1673 682 1729 laudando
692 1675 819 1728 Martialis
830 1689 856 1728 et
866 1679 1029 1747 epigramma
1038 1687 1136 1741 exstat,
1149 1691 1177 1729 et
1185 1676 1240 1730 line

192 1756 296 1827 Papinii
310 1757 396 1824 Silva,
407 1757 454 1810 uhi
464 1759 560 1830 gratias
572 1759 626 1826 agit
637 1758 808 1828 imperatori,
824 1757 896 1828 quod
907 1757 961 1810 illic
973 1758 1052 1810 luerit
1063 1759 1121 1828 ipse
1133 1775 1240 1830 quoque

193 1850 319 1906 acceptus
331 1849 384 1889 tarn
395 1836 552 1890 honorilice.
571 1838 668 1890 Doutt.

226 1996 304 2048 Vnus.
320 1997 345 2063 4.
359 1999 528 2070 AEquorequi
537 1997 621 2051 multo
632 1999 750 2052 reducem
759 2001 898 2053 consumsit
911 1998 1023 2052 Ulixem.
1036 2000 1067 2052 ld
1076 2013 1129 2066 est,
1142 2001 1241 2050 llome-

191 2093 249 2138 rus,
261 2076 307 2145 qui
317 2079 468 2144 consumsit,
480 2078 522 2129 vel
533 2079 664 2146 exhausit,
676 2078 718 2132 vel
724 2079 852 2154 fatiqauit
863 2080 965 2132 Ulixem
977 2078 1049 2150 (lroc
1059 2093 1112 2147 est,
1124 2097 1241 2132 cousum-

192 2167 248 2206 tum
261 2169 287 2208 et
298 2155 448 2208 exliuustum
459 2157 606 2228 descripsit)
619 2159 737 2210 reducem
746 2158 831 2212 multo
841 2177 956 2230 equore,
965 2157 1136 2232 permultum
1146 2175 1240 2232 cequor.

190 2236 371 2307 Poetoefacere
380 2235 505 2288 dicuntur
515 2257 572 2309 quie
577 2237 655 2309 sacta
666 2240 822 2307 describunt,
832 2253 862 2292 ut
874 2240 936 2292 alibi
949 2242 1039 2292 notavi
1050 2263 1056 2292 ι
1070 2243 1106 2292 ita
1116 2238 1241 2309 Virgilius

191 2314 282 2367 intulit
290 2316 403 2366 AEueum
413 2316 580 2371 Laurentibus
588 2321 670 2385 aruis,
684 2318 736 2370 hoc
751 2333 804 2386 est,
817 2318 922 2372 illatum
936 2322 1004 2372 arvis
1017 2319 1185 2370 dementibus
1196 2319 1241 2369 de·

189 2397 288 2464 scripsit
300 2395 341 2448 vcl
354 2397 455 2449 cecinit.
475 2396 600 2468 Exempla
617 2396 703 2449 obvia.
728 2401 804 2450 Putea
821 2401 899 2450 etiam
912 2411 1078 2461 construere,
1094 2399 1142 2470 qui
1154 2397 1241 2450 multo

190 2493 291 2548 equore
310 2477 449 2528 consumsit
467 2476 584 2527 reducem
607 2473 719 2528 Ulixem.
744 2478 887 2547 Utcunque
907 2494 1010 2540 sumas,
1027 2474 1083 2526 hee
1100 2473 1179 2526 lectio
1198 2488 1239 2527 est

190 2557 307 2606 omniurn
321 2553 467 2606 editionum
480 2567 576 2625 praeter
588 2555 753 2620 Romanam,
770 2574 827 2626 quar
841 2573 890 2626 pro
904 2555 990 2608 multo
1001 2553 1080 2606 habet
1093 2551 1178 2618 leuto,
1189 2552 1241 2628 hy-

190 2633 293 2705 pallage
303 2635 372 2686 forte
382 2652 437 2686 non
447 2633 656 2698 contemnenda,
665 2648 696 2686 ut
706 2633 805 2686 leuem
815 2651 905 2707 oequor
913 2648 1034 2702 vocetur,
1046 2635 1073 2684 in
1084 2651 1138 2704 quo
1153 2633 1243 2687 Ulixes

190 2713 275 2766 leuues
286 2713 439 2786 vagabatur.
458 2715 545 2766 Notus
562 2713 605 2767 ille
621 2713 710 2768 Ovidii
726 2731 831 2775 versus,
846 2735 857 2759 ι
870 2715 945 2766 Hanc
962 2727 1008 2766 tua
1022 2713 1155 2785 Penelope
1168 2715 1242 2767 lento

190 2791 238 2845 tibi
250 2795 342 2860 mittit,
354 2793 445 2857 Ulixe;
456 2819 468 2842 ι
483 2808 510 2846 et
520 2793 584 2846 hnic
596 2795 664 2846 forte
676 2793 770 2846 alludit
782 2793 894 2859 Statius,
905 2793 1107 2858 uicesimum,
1119 2796 1203 2866 Epist.
1214 2797 1242 2857 l,

191 2891 237 2925 seu
247 2872 330 2926 Ulixis
340 2873 493 2945 Penelope,
507 2897 518 2920 ι
528 2877 623 2946 Argois
634 2889 663 2926 ut
672 2873 771 2927 lentum
781 2895 787 2924 ι
798 2873 903 2926 mallem
914 2891 1022 2946 quoque
1032 2875 1145 2928 forsitan
1155 2891 1220 2928 esee.
1230 2895 1242 2921 a

190 2951 267 3006 ovid.
280 2957 353 3008 Rern.
364 2956 455 3006 Amor.
465 2974 489 3006 v,
502 2956 569 3024 773,

376 3058 453 3119 Quid,
464 3059 570 3108 Menelao
579 3093 587 3117 ,
597 3059 679 3108 doleri
688 3059 738 3106 ibas
746 3063 796 3107 sine
806 3061 906 3122 conjuge
916 3063 1002 3107 Creten
1012 3075 1018 3104 z

406 3133 434 3177 Et
443 3143 537 3194 poteras
547 3143 620 3194 nupia
629 3131 705 3178 lentur
714 3131 796 3178 abesse
805 3145 853 3178 tua.

189 3230 266 3278 Potes
276 3228 355 3279 etiam
365 3227 467 3300 legere,
481 3230 551 3283 lente
563 3229 683 3282 reducem
694 3231 834 3283 consumsit
849 3229 967 3294 Uirum,
983 3241 1012 3280 ut
1026 3227 1121 3280 Glauo.
1136 3226 1241 3281 Melior.

190 3325 214 3357 v.
231 3307 293 3370 118,
309 3329 320 3352 a
334 3327 412 3362 casus
424 3309 499 3362 tarde
512 3311 653 3362 remeantis
665 3307 765 3361 Ulixei:
777 3333 788 3357 n
804 3323 829 3362 et
841 3307 964 3362 Genethl.
978 3309 1077 3360 Lucan.
1090 3327 1113 3360 v.
1129 3307 1178 3378 49,
1194 3331 1205 3352 ι
1216 3321 1242 3359 et

189 3383 264 3438 tarde
276 3385 381 3442 reducis
392 3391 446 3443 vius
459 3391 551 3443 Ulixis.
563 3413 574 3436 ι
591 3388 642 3441 Sed
656 3388 709 3440 hoc
720 3407 775 3440 non
788 3388 876 3461 placet
887 3391 948 3460 quia
961 3387 1045 3440 decrit
1057 3383 1197 3458 epitheton
1210 3385 1246 3454 eei

188 3484 298 3538 ‹equore-
314 3469 371 3521 Nisi
384 3469 446 3522 ferri
457 3480 548 3541 posset
560 3466 656 3533 multo,
670 3469 697 3519 in
709 3481 863 3521 contextum
881 3467 1045 3521 admisissem
1062 3465 1147 3532 leuto,
1169 3465 1244 3538 quod

188 3545 333 3599 admodum
344 3547 458 3612 arridet,
472 3560 498 3599 et
509 3549 657 3601 Statianum
670 3565 727 3600 esse
738 3549 794 3601 fere
805 3548 978 3621 persuadeor.

222 3627 254 3677 ln
265 3627 402 3680 Addendis
414 3625 563 3680 Markland.
578 3639 671 3696 postea
684 3626 798 3699 subjecit
813 3649 819 3676 ι
838 3650 850 3673 a
862 3623 1095 3696 Quemadmodum
1110 3627 1190 3676 Rom.
1207 3629 1244 3677 ita

188 3709 281 3761 Venet.
300 3707 382 3759 habet
402 3706 472 3759 leuto
490 3726 540 3777 pro
559 3707 645 3760 multo
666 3730 674 3756 :
696 3709 768 3779 quod
790 3711 816 3760 in
838 3722 990 3762 contextum
1011 3707 1099 3762 statim
1116 3704 1244 3760 admitta-

189 3801 264 3841 tuus
285 3789 333 3838 ΕΙ).

226 3950 266 4001 23.
280 3947 432 4021 Effiuoeque
440 3949 549 4020 impetus
557 3949 634 4002 auloe.
642 3951 807 4016 Gronovius,
819 3949 902 4004 Diatr.
911 3971 934 4002 c.
943 3951 977 4004 38
989 3973 994 4001 :
1010 3973 1021 3994 ι
1032 3946 1139 4012 Scribe,
1149 3947 1243 4019 esfusoe

191 4045 244 4098 qua
263 4032 372 4102 impetus
388 4026 472 4083 culoe:
488 4029 621 4086 notandus
638 4029 771 4096 irmionis
782 4031 871 4100 Statii,
883 4033 928 4104 qui
944 4029 1041 4083 molem
1056 4025 1129 4080 illam
1141 4025 1244 4080 aedilicii
