2782 4486
149 303 214 391 69⁶
324 304 458 370 nora
484 283 531 367 tit
557 305 752 368 cannen
777 306 1008 387 Quintum

333 427 426 474 Obruit.
436 427 516 484 llaud,
526 427 578 474 diro
587 431 636 475 viso
645 429 677 475 tic
686 427 783 474 vulnere
792 445 850 476 cert

336 497 458 558 conjugis,
468 499 556 544 invenit
565 510 659 544 caneret
667 497 731 560 quod
740 497 850 545 Thracius
860 499 967 562 Orpheus

335 565 407 612 Dulce
416 567 459 613 sibi
469 582 474 611 :
485 567 517 613 sic
527 566 594 612 busta
603 568 655 614 Lini
663 566 795 630 complexus
805 567 886 632 Apollo

336 637 459 685 (domicilii.
469 658 479 679 ι

150 737 212 786 Haec
223 738 263 788 vir
273 754 405 803 summus,
417 749 563 789 ceterorum
575 737 734 804 conjecturis
746 735 814 787 forte
826 734 952 802 meliora,
965 736 1011 788 sed
1022 755 1186 808 nequaquam

151 817 282 882 Statiano,
294 817 315 868 si
332 815 412 868 modo
425 834 474 887 ego
490 816 597 886 genium
609 827 635 866 et
646 834 751 868 manum
763 830 847 886 poetar
859 815 1026 887 aliquatenus
1035 817 1136 870 valeam
1150 819 1188 870 di-

153 897 295 964 stinguere.
310 895 387 947 Ccrte
400 898 421 948 si
437 897 463 946 in
476 893 599 946 omnibus
613 894 805 966 exemplaribus
820 898 857 948 ita
872 897 1000 968 scriptum
1016 896 1088 948 bunc
1102 896 1187 948 locum

152 976 325 1040 invenissem,
336 995 390 1026 non
402 973 565 1028 dubitassem
577 989 733 1047 corruptum
747 977 926 1056 propuutiare.
941 979 1028 1030 Primo
1038 981 1122 1042 enim,
1133 979 1189 1030 Sta·

153 1056 205 1106 rius
219 1073 274 1107 non
289 1054 435 1106 admisisset
453 1057 530 1105 istum
549 1053 670 1106 ordinem
682 1051 724 1105 vel
741 1057 831 1126 potius
849 1057 953 1110 turbam
967 1070 994 1107 et
1007 1057 1190 1110 confusionem

151 1131 309 1199 verborum,
325 1133 436 1197 «haud,
451 1133 510 1184 diro
524 1135 580 1185 viso
595 1135 632 1186 sic
645 1133 754 1185 vulnere
767 1152 834 1186 care
848 1135 991 1206 Coniugis,
1004 1138 1104 1188 invenit
1116 1155 1190 1187 cane·

153 1226 192 1265 ret
209 1213 281 1285 quod
296 1213 424 1266 Thracius
436 1213 590 1286 Orpheus.»
614 1215 670 1266 Nec
685 1213 792 1268 dixisset
805 1215 862 1269 dim
877 1217 929 1268 sito
943 1213 1064 1280 uulnere,
1078 1213 1125 1268 sed
1139 1217 1189 1268 oisc

153 1292 272 1356 vulnere,
286 1291 359 1362 qood
372 1294 435 1344 satis
447 1307 486 1344 est
499 1294 554 1344 sine
566 1293 629 1344 diro.
644 1294 700 1345 Nec
713 1312 803 1346 verum
821 1309 860 1350 est
877 1295 949 1367 quod
964 1295 1028 1348 dicit
1045 1297 1189 1348 Gronovius

152 1373 185 1424 tle
204 1373 312 1443 Orpheo
327 1393 380 1426 non
395 1375 542 1427 inveniente
556 1372 628 1444 qaod
644 1386 751 1427 caneret
768 1388 831 1446 post
846 1377 930 1428 visum
945 1376 1038 1428 vulnus
1056 1377 1188 1448 conjugis:

154 1465 223 1504 certe
236 1454 314 1506 aliter
326 1452 451 1525 Virgilius
465 1453 561 1524 (quem
579 1453 676 1505 Noster
694 1454 770 1525 sequi
790 1454 876 1526 solet)
893 1456 991 1527 Georg.
1004 1457 1052 1522 lV,
1064 1455 1131 1523 464,
1145 1453 1190 1505 ubi

151 1532 287 1585 inducitur
308 1532 416 1586 ssolans
430 1553 527 1604 agrum
542 1532 667 1586 testudine
681 1553 814 1596 amorem,
824 1559 835 1580 ι
859 1549 900 1601 et,
923 1536 982 1586 ·Te
996 1537 1117 1586 veniente
1133 1533 1190 1596 die,

154 1627 179 1664 te
194 1611 339 1667 decedente
353 1614 500 1676 caneban-
522 1612 594 1685 quud
612 1626 638 1665 et
652 1612 685 1666 de
698 1613 824 1684 Apolline
842 1627 902 1684 post
920 1628 1032 1667 mortem
1050 1614 1111 1665 Lini
1124 1611 1191 1665 allir-

154 1707 208 1762 mat
221 1693 347 1760 Ovidius,
362 1697 452 1746 Amor.
464 1695 500 1744 lll
507 1733 516 1760 ,
531 1711 562 1763 9,
575 1712 613 1744 vs.
627 1693 668 1745 23.
692 1693 742 1746 Sed
760 1691 851 1766 (quod
868 1696 1031 1766 precipuum
1045 1707 1084 1746 est
1102 1707 1192 1744 contra

154 1772 334 1845 Gronovium)
348 1773 483 1846 quomodo
497 1793 525 1825 sc
538 1790 691 1843 comparare
704 1774 793 1844 potuit
807 1773 903 1826 Statius
914 1773 1034 1844 Apollini
1047 1787 1075 1826 et
1086 1772 1191 1843 Orpheo

153 1852 301 1918 silentibus,
315 1853 423 1926 quando
439 1856 494 1926 ipse
509 1871 561 1904 non
576 1851 669 1906 sileat?
685 1872 775 1906 nonne
790 1855 860 1906 enim
873 1853 945 1906 canit
963 1853 1015 1906 hoc
1033 1852 1195 1926 Epicedion?

156 1950 244 1986 noune
259 1931 322 1983 dicit
335 1931 368 1986 de
384 1934 485 2004 seipso,
505 1949 603 2002 supra,
624 1949 662 1992 vs,
679 1931 729 1995 33,
752 1934 846 2000 «juvat
864 1931 933 2000 heu,
950 1934 1027 2002 juvat
1043 1929 1195 1984 illaudabile

156 2029 261 2064 carmen
276 2013 435 2065 Fundere?-
455 2031 532 2082 ergo,
546 2029 653 2064 necesse
669 2024 709 2064 est
723 2025 754 2063 ut
766 2025 903 2083 comparet
917 2013 1050 2084 seipsum,
1063 2021 1194 2064 canentem

155 2092 207 2144 hoc
217 2091 361 2164 Epicedion
372 2105 552 2162 postmortem
563 2094 653 2162 pueri,
666 2091 783 2163 Apollini
793 2106 819 2144 et
827 2091 936 2164 Orpheo
946 2092 1110 2152 canentibus,-
1122 2089 1196 2150 huie,

155 2184 216 2241 post
228 2185 338 2222 mortem
356 2171 513 2242 Eurydicen
528 2170 581 2236 illi,
597 2185 660 2242 post
675 2186 787 2224 mortem
803 2171 879 2224 lini:
898 2185 924 2224 et
942 2170 1071 2244 proinde,
1089 2173 1196 2224 omuino

154 2251 209 2320 jam
225 2248 321 2300 falsum
339 2262 379 2301 est
395 2251 520 2301 Gronovii
537 2249 740 2302 «taediarent
753 2251 826 2323 quod
841 2267 962 2318 caneret,
974 2276 986 2300 r
1003 2265 1045 2318 et,
1062 2251 1196 2306 Conticuit.

157 2329 229 2380 Dicit
241 2327 339 2382 Statius
353 2351 358 2380 :
374 2325 603 2398 Quemadmodum
615 2327 754 2400 Orpheus,
766 2332 821 2383 viso
834 2331 941 2385 vulnere
952 2331 1109 2404 Eurydices,
1124 2331 1197 2382 inoe-

159 2409 199 2460 nit
212 2409 284 2483 quod
298 2423 418 2476 caneret,
437 2408 515 2462 solito
530 2409 634 2482 quidem
650 2411 765 2463 carmine
780 2411 860 2483 longe
873 2414 1001 2479 inferius,
1019 2425 1105 2463 tamen
1122 2408 1196 2460 dulce

158 2491 206 2543 sibi
218 2489 326 2558 saltem,
341 2503 434 2562 utpote
448 2489 519 2562 quod
532 2489 664 2542 solaretur
677 2509 774 2562 aegrum
788 2511 919 2554 amorems
940 2507 967 2545 et
980 2487 1196 2564 quemadmodum

158 2569 256 2642 Apollo
270 2585 332 2644 post
346 2572 426 2622 funus
440 2571 499 2622 Liui
513 2589 565 2622 non
581 2571 676 2636 tacuit,
690 2569 718 2622 id
730 2584 786 2638 est,
799 2573 893 2624 cecinit
902 2571 1017 2645 aliquid,
1031 2573 1067 2624 sic
1080 2589 1144 2640 ego,
1155 2567 1198 2620 de·

158 2651 252 2702 functo
269 2649 321 2701 hoc
340 2668 440 2721 puero,
456 2650 563 2705 uinctus
579 2650 606 2702 in
622 2652 738 2702 carmina
753 2665 843 2718 verto,
858 2652 1053 2722 Discordesque
1068 2649 1161 2702 modos
1174 2660 1199 2696 et

159 2732 328 2803 singultantia
340 2730 418 2783 rerba
430 2729 542 2798 Molior,
550 2755 562 2779 ι
577 2744 602 2784 et
615 2731 773 2804 voluptatem
785 2733 925 2806 quamdam
938 2735 1014 2805 capio
1025 2735 1052 2784 in
1064 2728 1200 2782 fundendo

161 2811 270 2882 ignobili
282 2825 308 2863 et
322 2809 473 2863 illaudabili
484 2813 616 2874 carmine;
633 2815 728 2883 «juvat
739 2810 808 2878 heu,
822 2813 913 2881 juvat!
933 2811 1086 2864 illaudabile
1097 2827 1200 2862 cannen

161 2891 322 2954 Fundere;·
339 2889 391 2944 hoc
404 2910 445 2942 me
456 2892 592 2956 consolor,
603 2889 710 2942 illorum
723 2891 863 2963 exemplo:
880 2891 988 2944 meliora
1006 2909 1061 2942 non
1078 2906 1203 2960 possum,

163 2991 245 3045 quum
263 2969 377 3023 abierint
392 2973 487 3024 usitata
502 2973 577 3043 copia
593 2984 618 3022 et
634 2971 767 3038 inventio,
785 2987 810 3024 et
822 2971 889 3023 nilril
901 2973 988 3024 animo
1001 2983 1137 3034 occurrat,
1154 2969 1204 3018 nisi

162 3050 274 3104 humiles
287 3053 475 3121 conceptiones
488 3064 515 3100 et
525 3049 605 3102 verba
618 3048 725 3102 sordida
737 3062 764 3102 et
774 3051 900 3120 vulgaria.
916 3053 964 3104 llic
974 3063 1014 3101 est
1025 3065 1131 3112 sensus,
1143 3049 1204 3098 satis

159 3135 216 3203 jam
231 3144 354 3202 apertus:
372 3143 397 3181 et
412 3127 475 3180 hinc
490 3142 563 3200 patet
574 3127 741 3181 retinendum
751 3148 808 3182 esse
820 3129 882 3181 Non
894 3129 975 3182 tacuit
980 3169 989 3196 ,
1004 3140 1030 3178 et
1044 3145 1099 3178 non
1114 3143 1205 3176 rernm

162 3231 218 3264 esse
234 3209 306 3261 lraud
319 3210 426 3261 invenit.
440 3209 600 3280 Depravatio
615 3207 694 3280 plane
712 3207 776 3262 latet
793 3211 820 3260 in
836 3208 947 3260 vocibus
965 3229 980 3259 a
999 3209 1077 3272 dum,
1095 3223 1153 3277 quie
1171 3202 1205 3254 ad

163 3289 354 3363 praecedentem
364 3289 521 3340 senteutiam
531 3286 687 3340 reducendis
695 3301 770 3356 sunt,
779 3307 861 3360 quum
872 3287 922 3340 sub
930 3287 983 3340 illis
993 3283 1141 3338 occultetur
1150 3283 1207 3354 epi-

165 3371 257 3422 theton
269 3371 311 3422 nt
322 3367 450 3442 calipius:
465 3391 476 3414 s
489 3382 518 3420 tu
528 3387 570 3420 me
580 3366 690 3436 caligine
700 3386 813 3420 mersum
823 3367 920 3419 Obruis
930 3367 1054 3439 indipno,
1065 3387 1077 3411 r
1088 3363 1132 3416 vet
1143 3363 1208 3414 inso-

164 3450 211 3502 lito
218 3488 228 3515 ,
241 3449 282 3502 vel
294 3449 430 3522 quidpiam
440 3452 497 3518 ejus
508 3469 606 3504 sentus.
617 3450 766 3500 Proximum
775 3461 832 3502 erat
841 3449 874 3500 at
883 3449 958 3508 dim
971 3461 996 3500 et
1006 3447 1066 3498 ideo
1077 3447 1114 3496 itn
1123 3441 1207 3504 edidi,

165 3529 227 3582 licet
238 3531 281 3580 vix
295 3543 386 3600 putent
399 3548 455 3581 esse
467 3531 560 3582 Statii:
576 3548 624 3582 nec
636 3528 723 3598 placet
735 3530 855 3593 obscuro,
871 3528 944 3598 quod
955 3527 1061 3579 obvium
1075 3535 1130 3576 erat
1145 3541 1209 3574 eon-

81 3599 97 3626 “”
164 3613 282 3680 jectanti.
297 3609 375 3662 Viam
384 3611 493 3682 aperui;
508 3607 670 3679 ingrediatur
681 3608 776 3680 aliquis
788 3608 907 3660 felicius:
923 3617 1014 3660 careat
1029 3619 1133 3662 tamem
1152 3619 1208 3652 non

167 3693 236 3744 euim
251 3693 365 3761 cujusvis
380 3703 419 3742 est
432 3691 544 3742 Statium
558 3691 706 3759 corrigere,
721 3701 801 3762 prout
815 3705 978 3742 summorum
991 3689 1105 3740 virorum
1120 3701 1209 3734 exem·

166 3771 217 3840 plis
232 3769 312 3824 vitles.

136 3977 140 3984 .
201 3927 243 3980 66.
259 3930 320 3982 Nou
332 3947 378 4000 epo
390 3937 517 3977 mercatus
530 3925 628 3978 Plotia
638 3926 670 3977 de
679 3945 768 3998 puppe
780 3926 897 3997 loquutus
909 3924 1028 3976 Delicias.
1044 3923 1077 3972 N.
1088 3921 1212 3971 Heinsius

166 4007 200 4058 nt
212 4007 287 4061 Ouid.
301 4009 364 4060 lllet.
378 4008 438 4072 Vll,
452 4005 500 4071 56,
515 4025 563 4078 pro
577 4025 665 4078 puppe
679 4005 742 4075 legit
754 4007 837 4079 μάθε,-
853 4004 1003 4063 verissime;
1019 3999 1117 4054 Pliorin
1130 3999 1210 4069 putes
