2782 4486
170 233 236 314 664
351 231 485 295 NOTAE
509 229 557 294 ΙΝ
579 227 776 292 GARMEN
799 225 1029 295 TERTIUM

171 381 227 434 que
239 360 317 413 litora
329 357 385 410 sole
397 371 566 428 tepescam·
581 354 633 408 Sed
646 353 700 407 hoc
712 355 740 405 in
754 355 823 418 notis
837 357 890 406 suis
903 357 960 424 jam
974 353 1051 406 video
1066 371 1231 426 occupasse

171 443 203 494 cl.
216 443 405 492 Burmannum.

209 598 267 636 aes.
289 581 448 653 Captiuaque
459 577 570 630 numina
585 575 668 651 defles.
681 574 801 626 Tolerari
813 587 917 645 potest:
934 593 1017 646 quum
1030 593 1093 628 vero
1108 576 1228 628 Grono-

172 668 245 727 vius,
256 661 341 731 Reliq.
355 659 389 712 ad
399 659 459 712 silv.
471 670 580 710 testetur
591 659 617 708 in
627 655 680 707 MS.
693 655 762 706 Flor.
773 654 950 731 essejlemine
961 653 1052 727 (quod
1063 669 1090 708 et
1100 658 1130 706 in
1138 659 1225 707 lion.

172 743 255 815 legi);
270 743 298 792 in
311 739 378 792 Cod.
397 737 489 792 salisb.
505 751 532 789 et
544 736 607 788 edit.
620 735 714 786 Venet.
728 733 848 805 fulmina
866 733 907 804 (et
925 736 962 786 ita
980 734 1154 805 Parmensis);
1168 753 1225 787 ne-

174 825 238 875 mini
257 820 368 873 dubium
384 835 440 871 esse
455 828 544 889 potest
558 816 622 886 quin
637 814 734 867 Statius
748 814 896 885 scripserit,
911 836 923 859 ι
933 815 1092 886 captivaque
1103 814 1225 866 fulmina

174 904 268 964 defles;
280 925 291 947 ι
304 896 528 980 quemadmodum
537 898 615 948 etiam
628 892 711 947 edidit
720 894 877 946 Gronovius.
888 895 931 944 De
940 893 1065 946 incendio
1077 893 1224 966 Capitolii,

174 985 245 1036 lovis
257 978 341 1046 sedis,
354 980 414 1054 agit.
427 977 550 1030 Fulmina
562 995 611 1047 pro
620 977 685 1028 Jove
695 975 740 1044 qui
752 993 783 1026 ea
792 974 871 1044 jacit;
884 973 1002 1045 exempla
1012 975 1121 1046 ubique.
1131 975 1223 1027 Soter.

174 1061 267 1116 Gallie.
281 1078 347 1116 vers.
362 1057 413 1126 64,
428 1075 497 1109 nnec
512 1053 628 1110 fulminis
642 1054 691 1112 stri
704 1051 743 1105 Sit
754 1064 856 1116 metus:
872 1052 920 1112 has
933 1053 1003 1106 ultro
1018 1052 1139 1108 laudabit
1150 1055 1222 1124 lup·

176 1145 243 1212 piter
257 1152 333 1191 artes.
345 1162 355 1186 ι

214 1299 272 1352 ²09.
288 1281 456 1352 lustratisque
466 1279 562 1349 Tempe
569 1276 731 1330 Pulsantem.
745 1275 843 1347 Tempe
854 1289 916 1328 sunt
926 1275 983 1328 loca
994 1276 1090 1348 quaevis
1101 1293 1220 1334 amoena;

177 1361 239 1416 iude
255 1371 338 1431 tempe
355 1357 508 1412 Tlteomesia
520 1356 603 1410 Theb.
619 1359 643 1423 l,
658 1353 725 1422 4853
739 1353 849 1408 Heloria
866 1368 949 1428 tempe
964 1355 1041 1408 ovid.
1057 1359 1159 1408 Fastor.
1174 1358 1221 1416 lV,

179 1442 244 1513 4773
257 1443 382 1505 Nonnus,
396 1438 545 1510 Dionysiae.
560 1438 598 1504 11,
613 1431 708 1501 Δι’λφιος
720 1431 838 1488 etnim
847 1431 958 1503 μιτίρχιο
973 1441 1102 1496 ΤΕΜΠΕΑ
1120 1435 1218 1489 Πυθοῦς.

179 1524 264 1574 Etiam
281 1519 401 1573 absolute
416 1537 467 1590 pro
481 1534 603 1568 nemora:
616 1514 701 1567 Theb.
716 1515 757 1582 X,
775 1532 839 1585 119,
857 1517 884 1568 iu
899 1529 976 1567 antro
994 1516 1101 1581 Somni,
1118 1514 1221 1566 «efful-

180 1616 240 1674 gent
252 1601 336 1666 silvae,
352 1598 543 1668 tenebrosaque
553 1598 652 1668 Tempe
663 1595 785 1650 Adrisere
797 1595 860 1647 dea.
870 1619 882 1643 s
893 1594 970 1648 Unde
982 1594 1128 1667 Hesychius
1137 1591 1221 1666 Tim

182 1681 293 1754 explicat
304 1676 338 1732 eil
350 1675 478 1746 optinens
485 1675 568 1746 pepla.
581 1677 703 1747 Proprie,
714 1675 747 1728 de
759 1674 909 1729 Thessalicis
918 1675 1030 1741 scilicet,
1040 1676 1112 1746 virg.
1123 1675 1221 1746 Georg.

181 1762 219 1826 ll,
236 1759 302 1826 486:
321 1778 358 1810 uo
370 1757 417 1808 ubi
432 1759 532 1828 Tempe
548 1754 745 1827 Spercheosque
762 1768 788 1806 et
801 1755 945 1826 virginibus
963 1753 1091 1806 bacchata
1107 1755 1222 1806 herenis

182 1838 335 1911 Taygetals
352 1839 388 1889 ita
403 1838 473 1889 enim
487 1835 626 1906 legendum
640 1852 689 1905 pro
705 1836 791 1908 campi
802 1833 911 1907 (preater
928 1834 1084 1906 elegantiam
1100 1833 1222 1886 lectionis

183 1934 208 1972 et
221 1921 329 1992 propria
339 1921 446 1971 nomina
457 1916 594 1988 Spercheos
605 1927 630 1968 et
643 1914 773 1988 Taypeta)
785 1917 880 1967 evincit
891 1915 1067 1982 Claudianus,
1078 1915 1176 1981 xxvi,
1189 1911 1222 1964 de

184 1999 256 2052 Bello
270 2000 376 2064 Getico,
389 2016 456 2050 vers.
474 1997 532 2062 181,
546 1996 591 2048 ubi
605 1995 677 2048 hunc
691 1995 779 2060 locam
794 1995 904 2062 alludit,

631 2091 764 2152 ....gemit
773 2091 836 2136 irrita
844 2091 932 2152 Tempe

368 2158 502 2216 Thessalus,
513 2172 536 2206 et
545 2159 637 2207 domitis
645 2161 736 2208 irrisam
744 2161 849 2208 ceudlsut
858 2161 935 2208 OEten
940 2179 948 2218 ;

369 2229 542 2294 Spercheosque
552 2244 576 2278 et
583 2233 711 2294 virginibus
719 2232 815 2280 dilectus
824 2235 925 2296 Enipeus

369 2302 501 2349 Barbaricas
510 2301 586 2349 lavere
596 2319 681 2350 comas.

188 2403 285 2454 Pariter
298 2413 438 2474 corruptus
451 2401 550 2453 Lucan.
564 2403 615 2468 vt,
629 2401 698 2468 61⁸,
714 2401 760 2454 ubi
773 2421 822 2475 pro
837 2404 925 2474 campi
936 2401 1130 2474 Rhodopenque
1145 2419 1225 2464 sexu,

187 2481 326 2554 legendum
340 2499 396 2535 esse
409 2481 519 2553 Tempe,
532 2481 656 2553 probabit
670 2499 780 2554 magnus
793 2483 934 2536 Bentleius.
951 2483 1017 2550 Quis
1032 2498 1094 2533 vero
1107 2480 1225 2552 explica·

187 2561 227 2612 hit
239 2579 358 2632 quanam
370 2563 422 2615 siut
433 2560 488 2614 haec
499 2561 574 2614 Statii
585 2560 682 2633 Tempe
694 2559 812 2626 horrete,
826 2575 873 2614 aut
884 2581 937 2635 quc
950 2581 1028 2615 sensu
1039 2559 1165 2614 sumenda
1177 2563 1226 2613 ista

189 2660 239 2694 vox
255 2640 378 2693 lustrata?
391 2641 455 2693 mihi
468 2643 576 2695 omnino
590 2661 643 2694 non
657 2641 748 2715 liquet.
764 2642 887 2714 intelligit
901 2642 1078 2714 proculdubie
1092 2657 1171 2714 poeta
1184 2639 1225 2692 lu-

190 2740 231 2774 cos
244 2733 270 2772 et
286 2739 391 2773 nemora
409 2723 491 2774 Musis
505 2734 533 2774 et
544 2721 662 2792 Apollini
675 2721 778 2784 dicata;
798 2721 846 2774 sed
860 2741 942 2793 quare
955 2721 1010 2774 laec
1024 2735 1118 2794 preter
1135 2733 1225 2772 cetera

191 2800 298 2852 lustrate
309 2798 445 2868 dicuntur,
457 2812 503 2854 aut
515 2800 610 2871 quibus
622 2799 715 2853 ritibus
728 2814 754 2852 et
765 2803 919 2854 ceremoniis
930 2799 1107 2854 lustrabantur
1116 2800 1171 2852 hec
1182 2819 1227 2852 ne·

191 2897 264 2930 mora
278 2897 413 2952 nunquam
426 2881 487 2951 legi.
502 2880 652 2934 Placebitne
670 2879 725 2932 hec
739 2883 909 2950 conjectura?
925 2882 991 2933 «Me
1005 2899 1112 2954 qunque
1125 2880 1226 2932 vocales

191 2958 265 3009 lucos
280 2971 478 3028 monstrataque
491 2961 590 3031 Tempe
604 2958 753 3012 Pulsantem
762 2979 791 3021 μ
808 2970 949 3012 monstrata
964 2959 1074 3031 Tempe,
1090 2981 1107 3011 a
1120 2969 1157 3024 te,
1172 2956 1225 3010 scil.

192 3049 340 3092 menstreta.
360 3040 504 3092 Menstrare
521 3041 643 3112 propium
661 3043 689 3092 in
707 3039 757 3092 hac
776 3057 804 3092 re
822 3040 939 3092 verbum.
959 3041 1060 3112 Supra,
1080 3038 1228 3092 Monstrasti

191 3115 284 3182 Saliis,
299 3128 348 3168 etc.
362 3118 400 3168 lta
413 3118 495 3184 inira,
508 3138 533 3170 v.
551 3117 615 3184 235,

377 3214 413 3260 Tu
421 3225 502 3261 cantus
509 3213 629 3260 stimulare
638 3227 715 3269 meos,
725 3225 749 3259 tu
758 3213 860 3275 pendere
868 3214 928 3260 lacte

376 3284 494 3341 Heroum,
504 3284 606 3349 bellique
615 3283 697 3331 modos
705 3286 839 3348 positusque
847 3283 952 3332 locorum

377 3356 521 3405 Monstrabat
530 3374 537 3413 ;

192 3456 322 3523 l'rotrept.
333 3453 367 3505 sd
379 3455 544 3526 Crispinum,
555 3475 579 3506 v.
596 3455 660 3522 nt,
675 3455 882 3508 «Monstrabunt
892 3459 963 3507 acies
975 3457 1082 3508 Mavors
1092 3454 1229 3523 Actaeaque

193 3533 297 3601 virgea
313 3533 354 3582 lta
367 3536 467 3602 passim
481 3533 553 3606 apud
566 3535 692 3586 Nostrum
704 3549 730 3586 et
741 3535 816 3588 alios.
830 3534 982 3587 Pulsantem
995 3535 1093 3608 Tempe
1104 3547 1134 3584 ut
1146 3531 1230 3585 Achil·

193 3609 255 3662 leid.
270 3611 295 3676 l,
310 3625 356 3661 to:
373 3632 383 3656 ι
394 3629 481 3683 neque
493 3615 562 3668 enim
574 3613 691 3664 Aonium
701 3631 795 3666 nemus
807 3613 906 3666 advena
919 3613 1013 3684 pulso,
1025 3613 1081 3664 Nec
1094 3631 1152 3663 mea
1163 3630 1230 3664 nunc

196 3692 284 3762 primis
298 3688 434 3742 albescunt
449 3705 567 3762 tempora
579 3693 658 3744 vittis.
669 3717 680 3739 ι
697 3694 758 3744 Non
773 3693 894 3765 displicet
907 3693 963 3745 hec
979 3696 1149 3763 conjecturas
1163 3704 1188 3743 et
1201 3711 1230 3742 eo

195 3769 290 3838 inagis,
303 3765 374 3839 quod
386 3767 463 3819 facile
475 3782 515 3820 est
525 3772 682 3840 investigare
694 3789 800 3823 causam
812 3771 1021 3843 depravationis:
1036 3773 1165 3840 scriptum
1179 3784 1231 3822 erat

193 3867 289 3919 nempe
303 3851 438 3910 meistratm·
452 3845 514 3901 inde
528 3860 665 3918 minuata,
683 3865 710 3903 et
723 3871 755 3904 ex
768 3871 800 3903 eo
815 3869 868 3903 non
882 3851 1017 3903 intellecto
1032 3850 1148 3902 nemra.
1163 3849 1229 3900 Nihil

194 3929 220 3976 in
241 3926 291 3980 hoe
306 3929 414 3995 muum,
433 3947 514 4000 quum
532 3929 683 4001 frequentes
701 3932 753 3982 sint
771 3935 840 3983 vices
855 3931 990 3984 literarum
1004 3943 1071 3980 met
1088 3927 1100 3978 l
1116 3931 1144 3980 in
1163 3929 1229 3980 libris
