2824 4488
224 845 277 918 IN
304 835 525 918 chunuti
551 837 814 942 QUARTUM
837 839 985 918 LIBRI
1011 839 1202 919 TERTII

589 1055 839 1124 stnvhuttnt.

202 1565 210 1586 ⁸
262 1580 340 1622 tritu
353 1564 442 1620 Fstrtt
454 1564 554 1620 Emer.
569 1564 690 1640 Antiqnis
707 1581 764 1620 mot
776 1563 840 1631 fnit,
853 1576 897 1630 ut,
911 1583 993 1636 quern
1003 1566 1115 1636 pr'unsru
1124 1562 1236 1618 herbum

200 1643 377 1720 deponerent,
387 1658 413 1700 et
422 1639 562 1700 tonderent
571 1645 669 1712 crines,
678 1643 780 1700 numiui
788 1642 922 1712 dicerem,
931 1643 1159 1716 exhilaratoque
1168 1643 1237 1698 diem

180 1753 184 1758 ·
203 1727 284 1778 sacris
296 1737 321 1778 et
334 1726 475 1788 conviviis3
487 1738 529 1792 et,
542 1737 572 1778 ut
583 1742 615 1778 ex
625 1721 782 1793 Tranquillo
794 1721 934 1793 ducimus,
951 1723 1043 1778 silero
1056 1721 1168 1776 bsrhern
1181 1725 1239 1794 pri·

204 1821 273 1858 nour
287 1804 420 1860 eonditum
434 1805 462 1858 iu
473 1823 554 1861 sums
566 1801 668 1879 pixide,
681 1815 707 1854 et
719 1801 917 1872 pretiosissimis
927 1804 1073 1874 msrpsritis
1085 1801 1238 1858 udornstsru

111 1923 114 1928 .
202 1885 263 1938 tovi
276 1883 426 1956 Capitolino
439 1885 633 1942 consecrarit-r
648 1883 682 1936 Et
692 1878 769 1934 elihi:
787 1883 886 1936 scrius
897 1882 1020 1956 princeps
1031 1881 1144 1936 buhen
1156 1880 1240 1954 depo-

204 1965 257 2018 soit
271 1963 329 2018 siue
343 1962 398 2018 ullo
414 1962 549 2018 honores
562 1960 662 2016 Eodem
679 1962 800 2016 instituto
815 1962 943 2028 Barium,
957 1961 1105 2016 Domitiani
1117 1961 1241 2028 libutus,

202 2047 258 2112 jem
275 2044 364 2094 iorrnre
383 2046 467 2114 gratis
479 2043 637 2114 loquente,
655 2043 742 2098 crines
756 2041 827 2098 dicut
840 2041 990 2114 AEscultpio
1004 2045 1163 2114 Potentem
1180 2057 1241 2098 utor

206 2123 349 2190 Pergamon
361 2120 454 2173 hebuit
464 2123 576 2193 petrium
587 2122 615 2171 in
626 2122 702 2186 Asia,
713 2121 917 2193 imperstorique
928 2109 1079 2173 Domitiano
1089 2119 1187 2193 pocula
1196 2123 1243 2172 rni-

208 2199 283 2250 scuit.
300 2201 404 2251 Nomen
421 2218 436 2252 o
449 2218 510 2253 rere
524 2200 633 2265 sumsit,
652 2197 724 2269 quod
737 2201 852 2252 numeris
865 2200 964 2253 Latinis
982 2199 1172 2272 comprehendi
1187 2217 1242 2252 non

208 2295 286 2348 posse
294 2281 400 2348 jocatur
410 2277 546 2330 Martialis.
565 2281 661 2331 Dorrrr.

247 2443 323 2493 Vens.
347 2440 386 2492 13.
399 2442 483 2494 Saeroe
487 2442 643 2513 placeeteilri
649 2445 717 2496 nube
724 2444 831 2516 rapine.
843 2444 909 2512 Quis
917 2441 981 2495 mihi
988 2441 1127 2513 explicabit
1136 2440 1201 2512 quid
1211 2445 1246 2495 sit

211 2521 287 2574 vrohe
296 2521 410 2593 rapine?
420 2535 447 2573 et
457 2523 512 2573 scio
525 2524 630 2594 quidem
641 2523 713 2576 huno
724 2523 813 2576 locnrn
824 2523 920 2576 adduci
931 2541 946 2575 s
958 2523 1108 2576 doctissimo
1121 2523 1246 2590 Heinsio,

211 2600 245 2652 sd
255 2599 313 2652 Vel.
327 2599 415 2652 Flacci
429 2604 439 2652 Ι
446 2641 456 2669 ,
472 2603 540 2672 706:
558 2604 656 2656 «Nube
667 2621 737 2656 nova
751 2602 887 2674 linquente
898 2601 1030 2664 domos3·
1049 2601 1096 2656 sed
1111 2601 1163 2655 slis
1179 2605 1246 2654 ratio

211 2681 328 2732 istiusce
342 2678 420 2750 hujus
432 2681 499 2734 loci:
515 2696 544 2734 ut
560 2685 628 2737 enirn
643 2682 765 2735 Dredslus
781 2697 807 2736 et
819 2686 908 2737 lcsrus
924 2685 1028 2756 poetice
1038 2685 1129 2736 vocari
1139 2695 1248 2755 possent

212 2760 312 2826 Nubes,
326 2777 380 2810 non
398 2773 485 2814 tamen
499 2763 622 2835 explicari
634 2776 723 2836 potest
741 2782 772 2816 ex
790 2781 869 2815 sensu
887 2763 1038 2826 communi,
1053 2762 1188 2834 quomodo
1205 2761 1247 2815 lds

213 2841 261 2894 sibi
270 2837 372 2912 plaeere
383 2843 469 2911 potuit
480 2843 547 2896 erube
558 2846 663 2917 rapine.
677 2845 718 2895 Ne
729 2842 833 2895 dubites
846 2845 909 2913 quin
921 2843 1056 2914 scripserit
1066 2845 1175 2910 Statius,
1190 2859 1250 2895 rst-

214 2938 265 2974 crre
279 2919 382 2992 placent
395 2919 445 2971 sihi
458 2919 536 2973 leude
549 2926 646 2994 rupinis
655 2945 684 2986 μ
698 2921 756 2975 Vel.
774 2923 861 2974 Pisce.
880 2925 918 2989 ll,
933 2922 999 2989 148:
1017 2939 1092 2972 rnon
1106 2921 1187 2973 leude
1200 2939 1251 2992 pu-

216 3001 287 3053 doris
297 3003 346 3052 Por
354 2998 401 3050 tibi
411 3019 439 3061 ;r
453 3003 560 3068 Noster,
569 3003 653 3055 Theb.
664 3002 716 3068 ni,
729 3005 796 3073 704,
808 3001 840 3053 dc
853 3000 1057 3072 Parthenopen,
1071 3021 1083 3045 ι
1092 3003 1148 3052 Nec
1159 3001 1251 3052 i'orrnae

216 3081 266 3132 sibi
277 3078 356 3132 laude
367 3078 469 3154 placet,
481 3104 491 3128 ι
505 3094 530 3134 et
540 3083 591 3149 VI,
604 3082 672 3153 574,
683 3081 718 3134 de
729 3082 838 3134 eodem:
854 3082 934 3153 :Ipse
945 3094 1031 3134 tamen
1042 3081 1133 3154 forrnsr
1146 3079 1252 3133 landem

217 3171 408 3229 aspernatum
425 3161 572 3213 Mamertin.
589 3161 662 3213 Gret.
679 3161 736 3212 Act.
751 3179 801 3230 pro
816 3160 975 3226 Consulatu,
988 3178 1047 3231 cap.
1066 3155 1115 3212 25:
1133 3160 1180 3212 ·si
1194 3161 1252 3230 quit

217 3250 323 3307 praestet
335 3238 474 3292 virtutibus
486 3239 586 3292 bellicis
598 3253 624 3292 et
637 3238 716 3291 leude
730 3239 842 3306 militiae,
857 3241 884 3292 in
898 3242 987 3292 amicis
1000 3237 1130 3302 hebetur,
1140 3263 1152 3287 ι
1166 3240 1252 3290 Arno·

217 3315 293 3380 hius,
304 3315 354 3368 111:
373 3337 383 3362 ι
393 3318 482 3386 Quum
493 3320 562 3370 enim
572 3321 599 3368 iu
611 3317 719 3390 singulis
731 3317 848 3389 singulos
860 3321 957 3371 anteire
974 3320 1104 3372 interioris
1116 3315 1255 3370 contendi·

217 3395 249 3446 tis
264 3396 377 3449 scientiae
388 3397 482 3464 leude,
495 3411 544 3449 etc.
556 3419 566 3443 r
580 3395 711 3450 Thebaid.
722 3398 760 3464 ll,
774 3417 800 3451 r.
815 3398 879 3450 203:
896 3419 908 3443 ι
918 3399 1055 3468 Egregium
1067 3399 1191 3467 Argiam,
1205 3415 1254 3448 nec

218 3475 308 3526 forme
321 3475 399 3528 leude
415 3474 558 3530 secundnm
573 3475 728 3548 Deiphilen;
740 3500 750 3524 ι
764 3478 930 3545 Priscianus,
945 3479 1044 3547 Perieg.
1058 3476 1125 3543 446:
1141 3498 1153 3522 ι
1163 3474 1255 3528 liitolsr

218 3557 303 3622 gentis
318 3568 378 3608 eunt
389 3553 453 3606 belli
463 3553 543 3607 lsrrrle
558 3557 673 3627 potentis
685 3557 785 3627 Compi.
796 3579 808 3602 ι
821 3558 982 3629 Eutropius,
996 3555 1042 3608 lib.
1055 3555 1108 3620 IX,
1124 3554 1158 3607 de
1169 3555 1255 3622 Quiu-

220 3634 276 3685 tilio
288 3633 462 3705 imperatore:
476 3635 540 3686 rVir
552 3635 630 3686 unica
641 3634 829 3688 moderationis
841 3648 867 3688 et
876 3636 1009 3688 civilitatis
1021 3634 1099 3687 laude
1111 3633 1256 3706 mundus

220 3714 305 3777 fratri,
312 3709 353 3763 rel
363 3711 587 3781 pmpouendus;»
599 3712 721 3766 Aurelius
729 3715 830 3781 Victor,
838 3715 865 3767 in
872 3714 1000 3768 Cicerone
1010 3737 1016 3768 e
1028 3739 1040 3763 a
1049 3729 1125 3787 post,
1132 3713 1257 3767 lihoduur

178 3800 182 3806 ’
220 3793 310 3864 petiit,
321 3791 366 3841 ubi
376 3788 510 3842 Molonem
520 3793 654 3860 Graecurn,
665 3793 800 3845 rhetorum
811 3807 867 3846 turn
879 3793 1093 3861 disertissimum,
1105 3797 1258 3866 magistrum
1370 3829 1374 3836 ·

221 3871 328 3932 habuit;
344 3869 475 3940 quidesse
489 3869 600 3940 (licitur,
612 3872 684 3945 quod
695 3892 743 3946 per
754 3872 824 3926 hunc
835 3875 933 3927 Grecis
946 3873 1103 3945 eloquentie
1116 3871 1194 3925 lsutle
1205 3875 1260 3944 pri-

221 3963 325 4002 varetur
333 3969 361 4013 μ
376 3969 429 4022 quo
442 3949 502 4002 loco
515 3949 634 4019 mallem,
649 3952 717 4005 nubi
728 3951 877 4019 Molonem,
889 3953 1043 4006 Graecorum
1056 3951 1193 4004 rhetor-usn
1205 3963 1260 4001 turn

220 4031 434 4097 disertissimum,
449 4046 498 4084 etc.
510 4056 521 4078 ι
537 4033 608 4104 quod
620 4053 710 4085 rerum
723 4048 769 4086 est.
782 4033 838 4086 Vel.
851 4034 936 4086 Flucc.
950 4036 1000 4099 vt,
1012 4031 1079 4102 594:
1099 4034 1178 4084 «Nee
1191 4051 1260 4084 nnnc
