2776 4484
174 259 236 336 ιι,
350 251 486 317 noan
510 251 559 314 iu
583 247 778 314 GARMEN
802 227 1029 318 rnarioir

168 385 234 436 risa
251 383 288 432 lta
300 379 436 432 editiones.
452 381 501 428 Pno
517 393 570 448 qno
582 375 627 428 slii
638 376 729 446 legunt
739 387 925 450 superentque5
938 378 995 446 atti,
1008 401 1021 428 s
1031 391 1209 452 superantque

168 479 249 514 uocas
265 472 367 512 asarota
385 457 513 528 figuras.»
530 459 693 522 Parmensis,
711 471 891 529 «superatque
907 475 989 510 novas
1004 457 1139 530 liguram
1153 460 1209 512 Ro·

168 558 259 605 mana,
277 549 476 608 ssuperautque
492 538 567 588 noris
581 535 677 606 liguris.
688 560 700 584 s
716 535 829 604 Vulgata
844 535 931 607 placet
946 539 1086 606 stevartio,
1101 541 1146 610 qui
1164 559 1208 592 ex-

167 619 261 691 plicat,
274 618 404 680 suberant,
417 617 435 666 i.
448 635 471 667 e.
485 615 615 668 substrata
627 629 701 666 erant
714 614 825 686 pedihus
835 618 899 668 meis
909 634 1013 672 asarota
1026 622 1100 671 novis
1111 619 1209 690 figuris.

167 699 237 750 Dicit
251 699 361 762 Statius,
376 715 418 762 se,
433 695 495 746 dum
507 714 555 766 per
567 694 656 746 omnia
667 697 736 746 visus
747 695 839 769 ferret,
853 714 902 748 nec
915 699 1025 769 opinuru
1038 698 1144 750 divitias
1155 697 1210 749 cnl-

167 797 243 830 care:
265 779 363 849 quippe.
378 775 501 847 specula,
520 774 617 845 quihus
636 774 799 826 ornabantur
812 777 944 844 parietes,
959 791 1146 848 representare
1159 777 1210 830 sibi

167 860 283 929 seipsum
302 854 479 908 ambulantem
498 873 577 924 super
595 856 773 926 pavimentum
791 854 862 906 dives
880 867 905 906 et
924 857 1093 909 tessellatum.
1107 860 1157 910 ilic
1170 870 1211 909 est

167 955 258 989 sensus
271 935 351 1006 hujus
367 933 427 986 loci.
442 936 475 986 Et
488 935 549 986 licet
563 947 633 986 recte
649 933 701 984 dici
718 935 801 1002 possit
818 933 915 1007 pandet
929 935 1036 1000 humus,
1051 953 1106 988 nott
1121 949 1211 988 tamen

167 1030 220 1067 tam
235 1015 302 1067 benc
316 1028 342 1065 et
357 1027 417 1084 apte
432 1026 628 1066 connectuntur
644 1012 762 1081 «gaudet
776 1011 873 1064 humus
888 1027 913 1064 et
926 1015 1054 1066 suberant
1065 1029 1186 1078 Μυσίας
1195 1039 1209 1064 s

167 1110 193 1146 et
204 1095 288 1148 multo
301 1093 393 1144 melius
408 1093 491 1155 foret,
509 1090 627 1160 ugaudet
639 1088 750 1154 humus,
765 1103 926 1160 superatque
938 1095 1012 1146 novis
1025 1107 1128 1145 asarota
1143 1093 1212 1164 liga-

167 1176 232 1226 ris„
249 1175 281 1224 Et
294 1171 347 1223 hoe
365 1172 392 1222 in
412 1169 556 1220 editionem
575 1187 650 1219 suam
664 1168 765 1239 recepit
780 1168 946 1223 Veenhnsius
962 1185 1024 1244 post
1035 1173 1209 1225 Gronoviont.

165 1253 217 1306 Sed
231 1252 305 1305 aliter
319 1252 423 1322 scripsit
434 1250 548 1310 Statius,
562 1266 659 1319 nempe
673 1250 723 1314 sic,

554 1344 635 1389 Varias
643 1343 685 1389 uhi
694 1345 755 1404 picta
765 1359 807 1405 per
814 1357 876 1392 artes

352 1413 443 1460 Gaudet
452 1411 536 1459 hunus
545 1427 655 1474 superare
666 1413 731 1458 novis
740 1425 830 1458 asarota
840 1414 932 1476 liguria

165 1507 262 1580 pandet
272 1523 392 1575 superare
403 1519 442 1558 est
455 1513 570 1574 stipem,-
584 1521 638 1576 qua
650 1502 741 1574 phrasi
754 1504 852 1556 Statius
864 1503 1006 1560 admodum
1019 1506 1211 1560 dsleetslsstur.

168 1585 279 1639 Glaucia
289 1584 390 1652 Atedii,
402 1601 470 1636 vers.
484 1584 549 1636 1322
617 1591 620 1597 '

521 1661 594 1708 Modo
602 1662 707 1723 puniceo
715 1663 807 1710 velabat
816 1665 914 1720 amictu,

355 1739 422 1784 Nunc
432 1735 517 1781 herhas
525 1735 630 1780 imitante
640 1735 704 1790 sinu,
714 1751 777 1782 nunc
785 1735 854 1782 dulce
863 1739 957 1786 rubenti

353 1809 454 1862 Murice5
463 1822 526 1852 nune
533 1806 590 1851 viris
598 1805 683 1866 digitos
692 1806 817 1853 incendere
826 1811 924 1870 gemmis

355 1877 484 1924 Gaudebat.

170 1963 199 2017 ld
213 1979 266 2031 est,
280 1984 351 2018 nunc
366 1965 481 2028 velabat,
496 1983 567 2017 nunc
582 1966 740 2019 incendebat.
756 1967 908 2040 Propempt.
922 1971 986 2021 Met.
1002 1969 1057 2023 Cel.
1072 1987 1139 2024 vers.
1155 1987 1204 2040 ¹9;

355 2067 489 2126 Querentes
499 2064 540 2111 nbi
549 2066 610 2112 celsa
619 2067 674 2113 ratis
684 2083 754 2130 quant
763 2067 875 2114 scandere
884 2067 969 2130 prodes

357 2135 445 2182 Nobilis
454 2137 561 2182 Attsoniae
571 2136 639 2184 Celer
648 2138 810 2200 armipotentis
819 2137 933 2184 alumnus.

172 2223 201 2275 ld
211 2237 264 2289 est,
275 2243 354 2295 quam
365 2223 467 2278 scandit
475 2241 522 2276 seu
530 2243 662 2278 monarcus
671 2237 721 2278 est.-
731 2225 809 2296 vulgo
818 2245 879 2298 qsta.
889 2224 948 2278 Silr.
959 2223 1006 2278 lih.
1016 2227 1084 2291 tt,e.
1095 2244 1156 2289 aa.
1164 2225 1217 2293 θζι

359 2323 382 2367 si
392 2321 448 2384 qtn'd
456 2319 545 2383 Apellei
555 2307 656 2383 piudent
665 2323 776 2368 animasse
785 2321 888 2376 colores5

172 2411 200 2463 id
213 2417 265 2476 esi,
278 2411 442 2475 unimamnt3
456 2429 522 2463 vers.
537 2411 587 2480 93:

358 2511 387 2554 Et
396 2507 465 2557 Chios
470 2543 477 2565 ,
488 2521 512 2554 et
520 2507 622 2570 gaudeus
631 2505 704 2555 fluctu
712 2519 803 2554 certare
812 2507 928 2571 Carystos.

175 2595 205 2648 ld
216 2595 361 2674 est,fluotu
371 2607 478 2650 certans.
491 2597 601 2648 Lacrim.
614 2593 719 2650 Claudii
729 2593 850 2664 Etrusci,
861 2615 928 2648 vers.
942 2596 989 2649 ult.

363 2693 413 2738 iloc
423 2696 491 2741 etism
500 2693 603 2756 gaudens
612 2695 715 2740 cinerem
723 2692 821 2740 donasse
831 2693 946 2757 sepulcro.

178 2781 208 2836 ld
219 2797 274 2850 est,
285 2783 388 2836 donam
400 2781 452 2834 hoo
465 2782 569 2835 honore
582 2783 725 2855 sepulcrali
735 2794 743 2835 's
758 2785 836 2838 aliter
846 2787 917 2839 euim
927 2802 984 2837 nou
996 2797 1102 2838 oenstst
1114 2801 1221 2837 senem

175 2865 277 2935 quippe
291 2857 434 2915 sbsurdum
448 2875 487 2914 est
500 2880 651 2933 supponere
664 2865 805 2917 Etruscum
817 2866 931 2940 paudere
945 2862 1057 2917 donasse
1071 2862 1221 2935 sepulcrm

178 2945 290 3014 parenti.
303 2941 432 2994 Thebaid.
447 2941 494 2994 lib.
508 2944 556 3009 111,
568 2962 637 2996 vers.
657 2944 721 2997 106:

366 3040 522 3085 uenenorum
531 3041 631 3087 Dodone
640 3051 736 3104 paretis,
747 3041 903 3106 Cprhoesqne
910 3041 977 3099 virgo

366 3109 483 3156 Gaudebit
491 3111 560 3157 tacito
569 3111 671 3175 populos
680 3111 822 3174 suspendere
831 3110 928 3158 Phebs.

180 3196 209 3247 ld
223 3208 277 3260 est,
290 3197 439 3269 suspendea-
453 3198 545 3270 valgo‚
562 3199 687 3262 Auente
700 3211 727 3252 et
736 3203 774 3252 ite
784 3201 884 3272 passim
893 3215 943 3268 per
954 3205 1039 3246 totum
1050 3201 1128 3263 opus.
1140 3188 1184 3245 Sic
1196 3205 1225 3244 et

180 3276 233 3328 alii.
249 3276 362 3328 Martisl.
376 3279 465 3349 Epigr.
480 3278 527 3331 lib.
541 3281 566 3343 l,
582 3293 629 3347 71:

367 3375 416 3422 Nec
424 3389 448 3423 te
459 3377 561 3424 detineat
568 3377 622 3424 miri
631 3375 718 3423 radiata
728 3375 824 3431 colossi,

383 3448 440 3506 Qun
450 3446 566 3493 Rhodium
574 3447 647 3494 moles
656 3449 747 3492 vinem
757 3443 841 3506 gautlet
850 3458 917 3505 optn.

183 3533 277 3602 idest,
291 3538 379 3590 uincit.
393 3537 437 3590 Sil.
449 3537 533 3590 italic.
544 3523 691 3606 xtv‚'498;
705 3539 824 3606 Propera.
839 3536 865 3602 Ι,
879 3533 910 3600 3,
925 3531 972 3595 ¹33
985 3531 1086 3584 Lucan.
1098 3531 1148 3600 Vl,
1164 3531 1227 3598 2⁵1,

183 3613 215 3668 de
230 3609 325 3670 Sceva.
340 3617 471 3670 Nimirum
485 3637 502 3671 a
515 3619 610 3671 Grecis
623 3615 693 3669 haue
707 3615 863 3688 elegantiam
876 3612 990 3666 mutuati
1003 3625 1065 3665 sunt
1075 3613 1161 3665 Latini
1166 3634 1174 3676 ς
1186 3610 1227 3665 illi

184 3699 254 3748 enim
266 3697 359 3750 dicunt
369 3695 451 3750 redis
460 3695 522 3758 erasi
530 3694 600 3752 silens
610 3695 736 3761 pisse-Su,
750 3693 778 3746 id
790 3709 844 3762 est,
854 3693 936 3747 «ταῦτα
946 3691 1018 3750 οὗτος
1027 3691 1142 3760 pitanen
1157 3690 1227 3746 unde

184 3774 373 3830 eruditissimus
387 3777 453 3831 Plin.
468 3779 534 3830 Hist.
549 3779 609 3829 Nat.
624 3773 668 3826 lih.
681 3776 733 3840 tn,
747 3793 805 3846 cap.
823 3793 850 3842 t,
866 3775 950 3827 utitur
965 3773 1013 3830 esis
1031 3774 1102 3828 nasci
1110 3771 1227 3846 pendens

184 3875 234 3926 pro
248 3875 361 3908 nossem.
377 3855 465 3909 Simile
479 3868 519 3909 est
532 3856 632 3907 Horatii
645 3853 734 3920 istud,

430 3957 518 4002 husun
527 3965 571 4015 per
577 3953 669 4000 mate·
677 3956 712 4001 ire
721 3949 830 4001 satellites
