2776 4484
383 315 515 404 trent
540 317 680 380 eninr
706 317 955 383 sttvanun.
1143 320 1187 409 69

145 443 270 496 Tithonia
285 441 442 513 simpliciter
455 441 565 510 ponitur
578 459 628 510 pro
640 443 760 508 Aurora,
774 461 828 494 non
843 442 932 495 addito
947 447 1059 516 conjunx
1070 445 1111 496 vel
1126 446 1188 517 quid

143 521 242 586 simile,
255 521 291 572 ibi
302 521 409 572 Titania
419 517 501 568 rideri
513 518 711 587 reponendum,
724 519 750 572 id
763 539 834 573 nuno
846 520 921 572 aliter
931 515 1043 588 videtur,
1056 523 1126 595 quotl
1137 526 1187 576 fre-

145 614 257 672 quanter
269 598 397 650 Tithonia
405 599 434 648 in
446 597 551 666 scriptis
566 609 705 667 poetarum
717 598 819 648 Aurora
832 614 1007 669 nuncupetur,
1018 621 1067 654 nee
1081 606 1114 656 eit
1125 623 1187 655 vero

145 680 228 732 simile
245 678 366 732 librarios
381 690 435 730 tarn
449 677 621 747 pertinaciter
635 678 807 746 impegisse.»
822 678 855 728 Et
871 673 922 727 hoe
936 679 963 728 in
975 684 1125 734 universum
1140 703 1185 736 ve-

145 779 203 810 rum
219 771 299 829 pnto,
316 757 476 826 ubicumque
488 753 522 805 de
538 753 641 830 Auqora
655 773 742 806 sermo
758 769 810 819 est,
828 755 966 824 legendum
980 777 1036 810 esse
1050 760 1188 831 Tithonia,¹

146 840 192 891 nbi
211 837 245 889 tle
263 837 351 902 Lama,
368 834 493 887 Titania:
511 833 573 885 licet
589 835 667 886 etiam
685 834 785 886 Latona
802 833 854 886 liae
870 835 1048 906 appellatione
1065 857 1187 894 occurrat

146 918 217 991 apud
229 915 306 970 ovid.
320 917 383 966 Met.
397 916 445 979 Vl,
461 913 527 980 346,
544 925 573 964 ut
586 913 709 966 Titanius
721 932 770 984 pro
787 913 848 966 Sole
865 914 938 985 apnd
951 919 1043 968 Avien.
1057 917 1187 972 Phenom.

146 1001 220 1050 Aret.
235 1017 258 1048 r.
275 995 349 1048 1062.
364 997 522 1064 interpretes
538 991 610 1044 hono
625 992 713 1044 locum
730 993 881 1063 intelligunt
897 994 930 1046 de
947 995 1078 1066 Cephalo,
1096 1016 1188 1068 quem,

146 1076 236 1130 itidem
246 1089 275 1126 nt
283 1073 442 1137 Tithonum,
455 1074 543 1143 rapuit
551 1074 654 1124 Aurora
664 1094 670 1122 ι
682 1071 824 1126 rideOvid.
834 1073 898 1126 Met.
906 1077 965 1142 Vll,
979 1093 1039 1145 701,
1050 1089 1076 1129 et
1085 1076 1188 1148 mytho·

147 1156 232 1227 logos.
243 1155 417 1206 Doctissimus
428 1169 491 1204 vero
502 1149 635 1204 Bentleins
648 1149 682 1204 ed
693 1153 785 1204 Horat.
798 1154 884 1206 Carni.
896 1156 920 1221 l,
934 1154 979 1222 28,
992 1173 1015 1206 v.
1030 1155 1060 1207 8:
1076 1155 1187 1208 «Titho-

148 1254 252 1308 nnsqne
265 1246 381 1286 remotus
392 1235 419 1283 in
432 1249 523 1299 auras,
534 1254 545 1278 ι
562 1229 679 1283 adhunc
691 1232 779 1284 refert.
791 1233 885 1284 Parum
897 1235 1022 1286 interest:
1038 1253 1135 1306 sequor
1147 1248 1187 1288 ta-

147 1335 206 1368 men
219 1313 330 1366 Bentleii
342 1313 549 1384 expositionem,
562 1312 623 1384 quia
634 1310 669 1363 ad
679 1309 759 1364 verba
770 1313 872 1363 Horatii
885 1313 912 1363 in
924 1331 1013 1380 ouras,
1025 1315 1094 1366 forte
1106 1317 1187 1386 respi-

148 1395 220 1448 ciunt
230 1398 282 1448 ista
295 1394 369 1446 Statii
379 1409 429 1464 ptr
437 1409 522 1445 aurae.

182 1537 223 1608 49.
245 1537 330 1592 Vacat
340 1548 403 1610 apta
414 1553 516 1588 monere
527 1533 665 1608 colloquia.
679 1535 728 1586 Pro
741 1534 876 1607 colloquia
887 1536 1027 1606 legendum
1038 1538 1109 1590 forte
1120 1538 1187 1590 allo·
1278 1590 1282 1600 ,

149 1617 223 1688 quia.-
235 1615 307 1668 idern
317 1633 414 1686 nempe
424 1613 496 1685 quotl
505 1614 654 1687 alloquutio
665 1612 789 1666 Genethl.
800 1614 899 1680 Lucan.
911 1635 934 1666 v.
946 1617 988 1670 62.
998 1619 1031 1667 Et
1040 1615 1093 1667 hoc
1103 1618 1188 1668 innuit

148 1694 282 1766 epitheton
287 1694 411 1768 jucunda
416 1716 426 1756 ‚·
437 1696 489 1748 Hie
497 1695 578 1746 Erato
582 1695 704 1766 jucunda
717 1695 791 1746 doce:
806 1709 832 1746 et
841 1713 891 1746 vox
900 1706 975 1767 apta,
987 1695 1115 1767 Alioquin
1126 1707 1188 1766 apta

148 1772 209 1828 hnic
228 1789 279 1827 tant
296 1777 366 1828 sesto
380 1773 441 1826 diei.
458 1775 497 1826 De
513 1773 694 1846 alloquutione
714 1775 825 1844 nuptiali
844 1775 966 1827 eonsules
982 1773 1137 1827 Salmasiurn
1155 1774 1188 1826 ad

148 1854 212 1906 llist.
220 1857 287 1926 Aug.
295 1855 456 1926 Scriptores,
467 1854 519 1906 rol.
528 1855 551 1905 ll
557 1891 565 1918 ‚
578 1874 605 1926 p.
618 1855 676 1922 ²¹4·
690 1854 747 1906 Nisi
759 1873 806 1924 per
818 1853 949 1927 colloquio
962 1853 1012 1907 hoo
1024 1853 1085 1906 loco
1096 1853 1188 1906 iutelli-
1284 1925 1285 1930 1

148 1952 193 2006 gat
205 1934 339 2006 dialogum
352 1936 421 1986 inter
434 1930 562 1987 Venerem
576 1948 600 1986 et
615 1948 705 1988 natum
723 1936 787 2004 ejus.
803 1934 952 2008 Utcumque
966 1937 1012 2002 sit,
1028 1937 1128 2008 pariter
1139 1933 1186 1988 de·

148 2028 268 2104 prefatus
280 2030 320 2068 eet
331 2014 408 2066 locus
419 2011 548 2066 Thebaid.
562 2013 608 2066 tib.
617 2016 650 2079 V,
661 2033 729 2067 vere.
742 2014 773 2066 82
784 2037 789 2065 :

468 2156 472 2164 ,
699 2112 746 2158 Sub
755 2092 824 2158 noete
833 2111 918 2175 dieque
948 2127 950 2134 ·
985 2081 987 2086 l

329 2183 433 2230 Aeeidnie
442 2199 506 2246 egra
516 2180 614 2228 lacrima
624 2180 719 2229 solantia
728 2183 825 2238 miscent

329 2253 448 2317 Alloquia3

148 2342 182 2392 ita
196 2341 348 2411 legendum
360 2340 441 2413 vulgo
455 2340 601 2414 colloquia.
614 2341 698 2395 Theb.
708 2343 757 2408 Vl,
772 2343 821 2410 46,
835 2357 860 2395 et
873 2345 921 2410 lll,
938 2345 993 2413 196.
1009 2335 1185 2412 supracitato

147 2420 229 2473 Theb.
244 2421 305 2473 loco
320 2441 368 2494 pro
382 2422 427 2474 suh
443 2433 517 2473 nocte
526 2421 629 2494 dieque,
644 2421 697 2474 MS.
713 2425 841 2475 Patrensis
855 2421 936 2475 habet
948 2434 1069 2495 nocteque
1080 2420 1186 2492 dieqoe5
1285 2441 1290 2460 ·

147 2498 216 2572 lege,
228 2513 364 2573 noctesque
374 2501 488 2572 diesque,
501 2515 532 2553 ut
542 2499 681 2554 Achilleid.
694 2504 719 2566 l,
731 2502 793 2571 637,
806 2503 910 2554 Movere
921 2501 1050 2574 colloquia
1062 2517 1108 2551 seu
1120 2497 1186 2552 allo·

146 2581 223 2651 quia,
238 2598 268 2634 ut
281 2598 383 2634 movere
397 2599 513 2633 carmen.
528 2579 612 2652 Supra
625 2599 665 2633 vs.
681 2599 715 2647 a,
731 2603 743 2627 a
752 2581 815 2649 Cui,
830 2582 919 2647 Paean,
932 2599 1000 2633 nova
1014 2579 1114 2652 plectra
1126 2597 1185 2628 mo·

148 2678 192 2712 res
200 2663 212 2711 l
221 2683 233 2705 ι
245 2689 281 2701 ·-
291 2661 354 2711 Non
363 2673 401 2713 est
410 2659 556 2731 alloquutio
567 2659 703 2730 nuptialis,
715 2680 766 2732 qna
775 2679 889 2732 sponsus
900 2675 925 2713 et
935 2679 1031 2732 sponsa
1042 2655 1187 2729 compella·

149 2737 258 2804 bantur,
267 2757 357 2790 verum
367 2753 446 2810 poeta
460 2758 488 2793 se
505 2757 565 2791 curn
582 2741 676 2792 ceteris
693 2740 887 2811 spectatoribus
901 2743 928 2792 in
940 2739 1030 2792 limine
1044 2739 1117 2809 lingit
1131 2733 1187 2787 col-

149 2815 228 2888 loqui
235 2835 290 2868 nna
297 2835 355 2868 cum
361 2819 445 2872 Erato.
454 2819 549 2871 Melius
557 2832 643 2870 umen
651 2819 764 2872 fortasse
773 2829 857 2886 vacet,
865 2820 881 2870 i.
891 2838 913 2871 e.
921 2817 982 2884 tihi,
990 2815 1099 2868 oblusa.
1109 2815 1185 2866 Lern
1274 2820 1283 2836 ⁶

184 2961 228 3032 59.
249 2962 323 3014 Fessa
329 2965 401 3033 jacet
413 2966 504 3017 stratis.
522 2965 607 3034 Lege,
624 2965 689 3016 Fusa
695 2967 769 3036 jacet
781 2964 879 3028 stratis,
894 2975 945 3013 eto.
962 2955 1105 3027 Quomodo
1118 2957 1186 3010 euim

141 3041 225 3112 fata,
239 3059 297 3114 qne
307 3055 440 3113 perpetem
453 3055 559 3096 noctem
572 3045 723 3114 quieverat?
733 3042 793 3094 Silr.
806 3044 844 3107 ll,
854 3059 934 3093 earm.
951 3058 974 3107 r,
985 3059 1010 3092 v.
1023 3053 1086 3108 170:

331 3139 367 3184 Tn
376 3138 445 3185 modo
454 3139 519 3186 fuant
527 3137 592 3185 humi
603 3138 679 3186 lucem
688 3139 799 3186 aversaris
808 3139 919 3203 iniquam.

146 3221 273 3276 Thebaid.
287 3223 331 3276 lib.
345 3226 369 3290 l,
381 3243 448 3277 vers.
461 3224 526 3294 407:
625 3249 629 3274 ,-

184 3309 196 3330 ⁸
330 3322 403 3370 Tutus
412 3321 483 3368 humo
493 3321 568 3384 gelida
577 3333 666 3384 partem
675 3325 740 3387 prior
748 3322 833 3387 hospes
841 3321 948 3370 hahebat.

148 3403 208 3458 Mox
219 3425 288 3461 rere.
301 3407 413 3474 56⁵,de
424 3407 544 3481 Pythone
554 3421 691 3480 serpente,

363 3505 466 3552 Castaliis
474 3505 529 3552 dnm
538 3504 642 3552 fontibus
650 3521 690 3552 ore
699 3506 793 3553 nitelae

330 3578 404 3622 Fusus
412 3575 469 3625 hiat·
570 3587 571 3592 ’

148 3661 319 3730 Claudianus,
333 3662 366 3716 de
378 3663 449 3716 Bello
461 3662 565 3718 Gildon.
578 3683 643 3718 vers.
657 3667 722 3738 327:

363 3761 435 3824 Tyrio
443 3776 488 3823 qna
498 3761 563 3809 intus
572 3763 688 3810 Honorius
697 3774 761 3810 ostro

331 3830 446 3893 Carpehat
455 3845 548 3880 teneros
556 3833 627 3880 Maria
637 3849 690 3880 enm
699 3835 798 3897 conjuge
807 3849 907 3882 aoranae.

149 3915 269 3984 Ovidius,
284 3919 387 3970 Pontio.
399 3917 446 3970 lib.
458 3921 505 3986 lll,
517 3921 592 3992 epist.
606 3921 636 3986 3,
646 3939 712 3973 vere.
725 3921 757 3974 8:

365 4017 472 4080 Tutaque
481 4030 547 4065 erant
555 4029 604 4065 toto
612 4017 720 4080 languida
730 4019 832 4065 membra
842 4029 902 4062 toro.
