2824 4488
186 289 250 371 406
435 263 672 356 sersaoni
698 291 732 354 r.
759 288 795 352 r.
821 287 975 354 sraru

183 420 250 486 nici
267 418 375 485 nostri
387 414 602 486 consulatum
618 414 776 484 adoravi:
791 413 957 498 secundo,
970 418 1095 508 gratias
1106 419 1160 509 egi
1173 441 1225 486 sa·

181 531 377 598 cratissimis
388 525 461 621 ejus
473 527 589 621 Epulis
601 524 786 595 honoratus
800 553 808 593 :
823 530 938 609 tertio,
953 531 1051 596 Viam
1065 533 1226 598 Domitia·

182 665 263 709 nam
282 643 423 708 miratus
444 663 540 722 sum,
561 662 628 733 qua
647 641 879 732 gravissimam
896 663 1076 709 arenarum
1094 665 1227 720 moram

183 755 323 833 exemit3
345 748 441 844 cujus
461 749 623 819 beneficio
644 767 682 816 tu
704 773 839 846 quoque
862 755 1027 820 maturius
1047 753 1226 846 epistolam

136 893 168 930 ιο
182 887 257 932 eam
274 864 434 955 accipies,
455 885 556 957 quarn
577 861 638 930 tibi
657 863 694 927 in
714 861 778 928 hoc
798 860 884 930 libro
905 887 923 929 a
945 863 1085 956 Neapoli
1103 865 1225 933 scribo.

182 977 375 1042 Proximum
392 989 443 1040 est
458 975 617 1066 Lyricum
632 995 770 1040 carmen
781 971 824 1039 ad
840 975 1039 1065 Septimium
1049 979 1226 1057 Severum,

179 1083 356 1180 juvenem,
378 1089 427 1153 uti
448 1086 530 1168 scis,
555 1087 643 1152 inter
662 1086 895 1152 ornatissimos
916 1085 1055 1154 secundi
1075 1085 1225 1168 ordinis,

182 1213 280 1263 tuum
294 1193 431 1289 quidem
445 1196 545 1262 etiam
556 1192 827 1286 condiscipulum
837 1222 846 1278 ;
862 1193 921 1266 sed
933 1193 1017 1261 mihi
1031 1211 1149 1262 contra
1162 1195 1237 1282 hoc

183 1302 402 1400 quoquejus,
417 1306 601 1372 arctissime
612 1328 747 1372 carum:
763 1328 844 1372 nam
857 1303 1007 1372 Vindicis
1023 1307 1130 1372 nostri
1143 1309 1226 1373 Her·

136 1435 167 1487 ι5
183 1418 294 1486 culem
305 1419 553 1510 Epitrapezion,
565 1416 754 1486 secundum
765 1417 930 1485 honorem
942 1441 1045 1512 quern
1057 1417 1099 1485 de
1111 1441 1181 1499 me,
1193 1433 1228 1485 et

183 1529 226 1599 de
246 1533 328 1624 ipsis
349 1529 469 1598 studiis
489 1546 656 1610 meretur,
677 1533 844 1623 imputare
866 1534 967 1598 etiam
990 1529 1051 1598 tibi
1074 1553 1223 1622 possum.

183 1644 370 1709 Maximum
386 1643 527 1708 Junium
537 1641 708 1734 dignitatis
725 1656 759 1708 et
774 1640 976 1735 eloquentiae
986 1641 1123 1708 nomine
1134 1665 1154 1706 a
1165 1664 1225 1706 no·

184 1752 236 1820 bis
247 1751 357 1846 diligi,
374 1756 454 1822 satis
466 1778 559 1824 eram
569 1768 710 1826 testatus
722 1752 881 1846 epistola,
898 1777 1003 1848 quam
1017 1752 1063 1824 ad
1076 1752 1174 1822 illum
1185 1752 1226 1822 de

184 2003 266 2058 niodo
283 2005 394 2063 neuntio
411 2019 439 2060 ct
456 2008 549 2072 mia,
568 2026 623 2060 non
642 2027 683 2062 rr·
725 2027 804 2079 prtem
811 2011 1225 2082 nmonmqnemom‚i³rotrap.

181 2083 307 2136 cundoet
321 2085 394 2138 tertio
400 2107 411 2149 ,·
422 2086 473 2137 nisi
486 2086 558 2138 aiiud
570 2085 634 2157 quid
645 2088 684 2138 ia·
726 2089 839 2158 Crispin.
858 2109 882 2140 v.
902 2088 953 2155 44,-
972 2101 1110 2162 portarum
1127 2107 1227 2158 morus,

184 2162 368 2215 ‹eac-Cot.
384 2163 441 2216 Par.
454 2177 480 2216 et
492 2165 554 2217 edit.
567 2185 605 2237 pr.
620 2185 683 2218 curn
726 2165 855 2218 Thebaid.
871 2169 923 2230 xl;
933 2167 1063 2240 fossarum
1080 2188 1171 2236 morte,
1184 2190 1226 2241 ap.

125 2253 129 2262 “
183 2244 402 2313 cadumim.
421 2245 452 2294 Δ.
726 2243 935 2314 Virgss-ffineid.
955 2245 1008 2312 IX,
1027 2265 1093 2298 vers.
1117 2247 1174 2314 143.
1192 2277 1226 2288 -

219 2339 245 2392 7.
263 2325 313 2374 Pro
325 2321 421 2393 epulis,
431 2324 561 2375 Domitius
570 2325 683 2376 notatin
727 2323 793 2375 Cod.
817 2326 895 2376 Paris
919 2323 1035 2386 molem,-
1057 2325 1119 2378 edit.
1141 2329 1224 2398 princ.

183 2400 307 2454 omnibus
318 2399 375 2453 aliis
385 2400 523 2452 codicibus
533 2401 586 2472 legi
595 2402 684 2472 episto·
727 2404 812 2469 maie,
827 2403 942 2456 mollem.
963 2409 995 2458 A.

183 2479 235 2532 tis:
260 2473 418 2550 perperam
442 2481 587 2531 Parmensis
613 2479 683 2532 ciere
766 2483 1223 2556 ro.Epistolammeamnccipiesetc.

183 2557 281 2630 epatu,-
296 2557 368 2610 unde
378 2571 451 2629 patet
467 2559 612 2612 Domitium
628 2577 684 2612 non
726 2559 837 2634 epistola
851 2580 909 2613 mea
923 2579 1002 2633 quum
1017 2561 1062 2614 tibi
1075 2562 1152 2614 serito
1166 2563 1225 2614 iue-

183 2634 279 2686 vidisse
299 2633 374 2686 istam
395 2633 546 2688 editionem.
563 2665 599 2678 -
616 2633 682 2692 Cod.
727 2653 803 2712 ptum
815 2652 867 2701 est;
878 2639 963 2693 scribe
975 2637 1176 2713 epistolameam
1187 2661 1229 2694 ac-

184 2715 242 2766 Par.
253 2711 294 2764 ed.
307 2731 346 2784 pr.
357 2711 449 2785 epulis.
469 2719 500 2767 A.
727 2719 819 2790 cipies‚·
831 2737 880 2790 per
890 2730 916 2770 te
926 2716 998 2770 videa
1009 2736 1116 2772 causam
1125 2717 1227 2784 mendi,

220 2791 244 2842 8.
263 2793 313 2842 Pro
329 2810 427 2844 moram
437 2811 591 2862 arsurum,
606 2797 682 2848 Rom.
727 2811 755 2852 et
766 2797 886 2848 lectionis
895 2797 1039 2848 veritatem.
1049 2827 1085 2836 -
1094 2797 1160 2849 cod.
1170 2798 1228 2850 Par.

183 2870 291 2923 molem.
302 2871 369 2924 Just.
381 2873 401 2940 l,
411 2890 437 2942 9,
449 2873 481 2924 3:
495 2872 552 2925 «Ad
561 2875 684 2926 Hammo·
727 2874 770 2928 ed.
782 2895 822 2948 pr,
833 2893 927 2926 meam.
948 2876 977 2926 Δ,

184 2953 225 3002 nis
237 2968 344 3022 quoque
353 2949 546 3004 nobilissimum
556 2953 684 3026 ternplum
768 2951 806 3018 td.
826 2955 877 3003 Pro
893 2971 968 3016 narn,
981 2950 1061 3022 vulgo
1067 2953 1142 3024 jans,-
1156 2949 1228 3022 quod

183 3029 685 3104 expugnandnmexcrcitummittit;qui
728 3043 755 3082 et
765 3028 866 3084 habent
877 3027 938 3082 cod.
952 3029 1032 3080 Paris.
1048 3042 1073 3082 et
1085 3025 1129 3081 ed.
1140 3029 1226 3101 princ.

184 3107 685 3182 tempestatibusetarenarumrnolibur
729 3107 787 3160 vid.
802 3121 857 3162 not.
877 3111 908 3160 A.

183 3205 327 3259 oppressus
335 3189 494 3254 interitu-er
501 3191 544 3257 w,
555 3190 614 3257 r,6:
625 3189 685 3241 «ubi
768 3185 807 3240 15.
827 3189 876 3240 Pro
894 3207 968 3260 quem
982 3187 1013 3239 de
1027 3205 1067 3238 me
1083 3186 1155 3238 etde
1171 3188 1229 3260 ipsis

182 3269 271 3324 acri0r
283 3285 332 3340 per
344 3269 503 3338 spiramenta
515 3287 686 3324 cavernarum
728 3265 818 3320 studiis
826 3277 948 3333 meretur,
960 3268 1045 3318 Parru.
1057 3284 1140 3337 quum
1153 3277 1230 3317 meet

183 3357 277 3398 ventur
295 3345 433 3413 incubuit,
448 3366 586 3402 arenarum
601 3347 684 3402 moles
729 3343 789 3416 ipsis
801 3345 889 3398 studiis
905 3347 1025 3398 miratur.
1042 3345 1118 3397 Rom.
1134 3345 1230 3398 omittit

182 3437 333 3496 egeruntur.
345 3448 357 3471 ι
374 3426 407 3478 Et
421 3427 457 3479 ita
474 3425 536 3478 aiibi
554 3422 640 3489 idem,
658 3437 685 3477 ct
729 3421 851 3476 ultimum
867 3423 899 3475 de
905 3447 915 3485 ,-
935 3438 964 3477 ut
981 3437 1009 3476 et
1026 3422 1088 3476 cod.
1104 3426 1185 3476 Paris.
1204 3437 1230 3478 et

182 3503 237 3558 atii.
256 3503 307 3560 sed
324 3524 463 3580 perperam
481 3505 553 3558 istud
571 3503 683 3566 molem
728 3499 792 3556 edit.
806 3506 890 3576 princ.
912 3505 943 3556 Δ.

183 3584 279 3638 dixisse
295 3588 364 3640 enim
382 3585 475 3640 debuit
493 3585 574 3640 moles
589 3603 684 3638 «rena-
769 3600 808 3651 17.
827 3586 879 3634 Pro
887 3583 1037 3635 Maximum
1044 3584 1156 3636 Jurtium
1162 3597 1228 3652 ,etc

184 3681 239 3714 mm
249 3685 259 3724 ;
278 3666 419 3716 nonenim
440 3682 505 3714 unus
527 3676 582 3715 erat
601 3682 684 3718 arente
729 3664 812 3716 Ptrm.
831 3663 997 3716 «Maximum
1009 3664 1094 3714 virum
1107 3675 1132 3716 et
1145 3661 1231 3734 ‹iigm-

180 3743 320 3812 cumulus,
331 3743 377 3798 sed
388 3761 436 3814 per
447 3754 530 3794 totam
539 3744 607 3796 viam
619 3761 684 3798 con·
730 3746 789 3796 tatis
811 3741 970 3814 eloquentiae
987 3746 1112 3805 nomine,
1124 3768 1135 3792 ι
1156 3744 1230 3818 lege,

184 3825 293 3878 tinnata.
312 3823 392 3876 Recte
410 3839 511 3874 moram
528 3840 684 3890 annonam,
731 3835 780 3875 uet
800 3819 933 3893 dignitatis
954 3837 980 3876 et
1000 3821 1161 3896 eioquentin
1182 3844 1232 3876 no-

183 3899 212 3952 id
230 3915 285 3966 ert,
300 3917 389 3953 annos
404 3917 460 3974 quae
474 3900 641 3953 morabantur
658 3915 684 3954 et
729 3905 807 3956 mine.
819 3926 830 3950 i
846 3933 882 3943 —
892 3904 958 3956 Cod.
974 3907 1056 3958 Paris.
1072 3903 1113 3956 od.
1128 3925 1169 3976 pr.
1184 3929 1196 3952 ι
1206 3918 1231 3958 ct

182 3978 364 4054 impediebant
378 3981 428 4036 iter
440 3980 579 4044 facientem
595 3984 631 4036 ita
644 4001 684 4035 ve·
727 3981 862 4056 diffinitatis
874 3997 899 4036 et
912 3983 967 4038 eb-
989 3987 1019 4036 A.
