2776 4484
225 340 285 382 too
395 315 532 382 NOTAE
560 311 606 378 ΙΙΙ
631 317 828 380 CARMEN
853 317 1085 386 TERTIUM

217 440 305 492 calore
317 441 397 492 nimio
410 438 481 491 illstn
494 458 548 490 non
562 453 666 510 graecu
680 441 766 494 medin
780 455 882 507 estate,
896 442 979 494 Pisoeo
994 461 1079 509 anno,
1094 461 1149 495 non
1160 459 1258 498 estuat.

217 520 305 574 Verba
316 524 371 591 jem
384 519 529 572 videamus.
547 520 641 572 Annus
653 519 706 572 hoc
718 521 779 588 loco
791 541 841 594 pro
853 536 927 592 parte
939 524 1003 575 enni
1014 525 1137 595 ponitur:
1153 525 1219 578 adeo
1231 539 1261 578 ut

217 620 301 654 annio
315 601 412 653 Pisoeus
425 602 517 652 sitista
529 619 590 671 pars
603 603 680 668 anni,
693 603 721 653 in
735 621 787 674 qua
799 601 856 654 ludi
867 602 999 674 Olympici
1007 605 1083 672 juxta
1093 606 1179 657 Pisam
1192 604 1261 658 cele-

215 680 334 746 brentur,
346 680 399 732 boc
409 692 461 746 cst,
472 679 558 732 media
569 695 653 734 restas.
664 685 704 734 lta
713 681 843 734 Thebaid.
856 683 899 748 Ν,
914 699 922 734 t
933 721 941 749 ,
955 683 1058 738 horrens
1069 703 1154 739 annus
1163 698 1201 737 cst
1212 687 1260 738 ists

215 780 276 833 psrs
290 763 366 827 anni,
380 779 433 833 qua
445 775 540 814 cuncta
551 760 674 827 horrent,
687 760 714 813 ‘td
727 775 779 828 est,
792 761 891 814 hiems:

400 849 493 894 Tertius
502 845 638 894 horrentem
647 848 759 911 Zephyris
766 847 882 896 leuverst
890 865 976 896 ttnuum

400 923 514 978 Phoebus;

214 1008 307 1058 tertius
317 1003 430 1056 l’boebns
442 1001 566 1074 Zephyris
579 1001 711 1054 laxaverat
721 1001 867 1053 lsorrcntem
877 1021 992 1067 annum,
1004 1021 1051 1054 seu
1062 1001 1191 1071 hiemem,
1203 1024 1260 1078 qua

215 1087 324 1157 proprio
334 1083 414 1138 verbo
423 1083 525 1135 horrere
533 1067 638 1133 (licitur.
657 1071 771 1146 Sene'cs,
781 1081 891 1150 Medea,
901 1095 952 1136 act.
966 1085 1010 1149 Ν,
1021 1103 1047 1136 v.
1065 1084 1130 1154 759,
1144 1084 1190 1137 ubi
1204 1086 1262 1138 Me-

214 1164 264 1216 des
277 1164 310 1216 de
324 1181 351 1215 se
363 1163 494 1234 loquitur:

706 1231 848 1294 Tempornns
858 1227 911 1278 flexi
921 1233 993 1286 virent

431 1302 511 1348 AEstiss
522 1299 588 1346 tellus
598 1299 689 1346 horruit
699 1315 768 1348 cantu
777 1317 844 1358 meo,

429 1374 527 1419 Messetn
538 1384 618 1418 coactu
627 1371 684 1416 sidit
693 1371 814 1418 hibernam
824 1375 902 1419 lieres.

213 1470 252 1521 lta
264 1465 390 1538 legendus
405 1466 454 1518 iste
466 1463 570 1515 Senocae
583 1462 672 1524 locus;
684 1463 867 1540 rnlgofloruit
878 1473 956 1515 cantu
968 1481 1039 1529 meo,
1051 1463 1123 1535 quod
1136 1483 1166 1517 ex
1178 1482 1261 1518 sensu

214 1560 240 1599 et
254 1547 421 1618 oppositione
434 1540 580 1595 absurdum
595 1552 646 1602 est;
660 1539 708 1592 sed
719 1539 771 1592 boc
789 1541 882 1594 obiter.
898 1544 934 1594 Ut
950 1541 1053 1595 bomne
1064 1545 1261 1612 sinuessano,

214 1629 250 1680 ita
264 1625 382 1680 litemus
392 1642 490 1688 annm,
504 1624 568 1674 Hor.
581 1618 666 1691 Epod.
679 1623 717 1686 ll,
732 1639 781 1690 29,
795 1641 845 1693 pro
857 1619 967 1674 hiberus
978 1635 1052 1693 parte
1064 1624 1138 1686 snni;
1152 1623 1260 1695 quando

214 1725 309 1779 nempe
324 1704 405 1756 ltiems
418 1703 483 1754 anni
497 1715 551 1764 est,
569 1711 598 1750 ut
614 1696 733 1768 loquitur
746 1699 884 1772 Apuleius.
901 1700 1034 1773 Fn‘qt‘duns
1050 1719 1149 1754 annuns
1165 1703 1260 1756 eodem

214 1803 293 1837 sensu
303 1795 380 1834 vocat
389 1781 528 1851 Virgilius,
542 1775 699 1843 AEneid.vs‚
714 1779 777 1844 311,
791 1778 852 1830 loco
867 1793 1008 1852 corrupto,
1022 1777 1055 1832 tle
1068 1799 1122 1852 quo
1136 1781 1204 1833 alibi,
1218 1780 1260 1832 sic

211 1862 327 1934 pomifer
334 1877 427 1922 annus,
438 1877 486 1930 pro
495 1875 525 1908 es
536 1867 611 1927 parte
621 1855 694 1920 anni,
703 1874 759 1927 quse
769 1875 851 1928 poma
861 1857 922 1922 fert,
932 1856 959 1908 id
969 1870 1017 1924 est,
1028 1872 1178 1926 autumnus,
1188 1857 1260 1932 apud

214 1939 335 1991 eumdem
347 1939 437 1989 Horat.
452 1935 539 1988 Corus.
552 1937 601 1999 ΠΙ,
615 1933 661 1999 23,
675 1949 704 2001 7:

689 2015 736 2058 Ant
744 2010 824 2059 dulces
834 2011 919 2060 alumni

505 2081 614 2130 Pontiieri
625 2095 693 2144 greve
704 2094 795 2142 tempus
804 2083 867 2128 snni.

212 2179 250 2228 lta
262 2172 403 2245 legendnm
415 2184 481 2244 puto
493 2189 543 2242 pro
555 2170 691 2242 Pomifero
706 2187 786 2223 nnsis.
801 2169 913 2241 Tempus
924 2171 1051 2243 pomiferi
1060 2175 1139 2240 anui,
1152 2185 1183 2225 ut
1194 2185 1260 2225 tem-

212 2275 261 2328 pus
272 2255 354 2307 teneri
364 2252 431 2304 unni
442 2271 488 2304 seu
500 2253 563 2303 neris
576 2251 647 2323 spud
658 2251 823 2316 Martialem,
834 2253 922 2322 Epigr.
937 2253 986 2318 ΙΙΙ,
1001 2253 1045 2318 ti,
1058 2251 1092 2303 tle
1103 2256 1217 2306 Eurino:

397 2341 489 2386 Nomen
497 2337 582 2393 habes,
593 2339 669 2384 teneri
677 2337 742 2416 quoti
751 2349 855 2399 tempore
865 2349 983 2401 nuncupet
993 2340 1055 2384 snni.

213 2433 254 2485 Sic
267 2431 435 2504 piperunnus
446 2431 558 2494 Nostro,
569 2427 630 2481 sttv.
641 2429 686 2494 Ν,
697 2427 728 2494 i,
739 2427 788 2494 ilo,
799 2446 848 2498 pro
860 2429 909 2480 istu
921 2441 996 2499 parts
1008 2430 1084 2496 anni,
1097 2430 1125 2480 in
1137 2449 1191 2501 qua
1204 2449 1219 2482 a
1232 2428 1261 2482 li-

214 2514 284 2567 tibns
296 2527 322 2565 et
334 2512 413 2566 rebus
422 2511 574 2584 judicandis
586 2510 749 2577 cessabatur,
763 2529 841 2582 qnam
854 2530 902 2563 nos
914 2511 1080 2565 vacationem
1091 2511 1219 2565 dicimus:

399 2601 467 2647 Certe
474 2601 522 2661 jam
532 2599 601 2645 lutire
611 2614 658 2644 non
667 2600 849 2663 miscentjurgis
856 2599 932 2664 leges,

398 2675 426 2718 Et
435 2687 515 2734 piscem
525 2673 591 2734 piger
599 2686 674 2718 sunus
683 2671 766 2728 bsbct;
777 2687 910 2735 messesque
919 2687 1015 2720 reversa

401 2743 512 2789 Dimisere
521 2741 607 2787 iorum.

215 2831 244 2884 ld
258 2844 311 2897 est,
326 2854 338 2876 ι
347 2827 433 2882 Julius
448 2830 560 2896 mensis,
575 2847 628 2900 quo
643 2831 754 2882 maxime
768 2829 828 2884 lites
841 2833 1088 2904 interquiescnnt,·
1106 2844 1134 2884 ut
1145 2832 1182 2883 ait
1195 2829 1259 2883 Plin.

215 2915 297 2987 Epist.
311 2913 382 2980 Vlll,
399 2927 440 2963 st.
452 2912 519 2963 Mira
530 2929 592 2961 vero
606 2909 708 2962 locutio
721 2925 775 2977 est,
790 2932 848 2985 quoe
858 2915 975 2966 occurrit
987 2913 1048 2968 Sile.
1061 2915 1108 2979 ΙΙΙ,
1123 2931 1145 2980 t,
1155 2932 1179 2964 v.
1197 2909 1259 2966 135:

740 3000 785 3044 Vix
793 3015 870 3046 annus
880 2999 973 3048 anhelet

400 3071 476 3126 Alter,
486 3082 510 3117 et
519 3069 607 3131 ingenti
616 3069 680 3115 dives
689 3067 824 3133 Tirynthius
832 3085 885 3116 arce

400 3139 627 3204 Despectstlluctus:

215 3227 267 3280 boc
282 3242 335 3291 est,
350 3231 391 3280 vix
405 3230 500 3283 anbelo
515 3247 576 3301 pnrs
591 3231 654 3280 anni
668 3228 758 3294 rediit,
773 3246 818 3280 seu
833 3247 865 3280 en
879 3245 942 3298 pers
954 3229 1030 3291 anni,
1042 3228 1069 3276 in
1083 3245 1135 3298 qne
1149 3226 1262 3279 subele-

216 3323 288 3374 mus,
302 3303 329 3356 id
344 3320 397 3375 est,
411 3323 485 3362 restas
501 3311 543 3360 vix
557 3307 634 3360 rediit
651 3307 740 3360 alters.
756 3307 848 3359 Annus
865 3307 943 3358 etium
958 3303 1078 3357 absolute
1094 3323 1143 3374 pro
1158 3321 1261 3370 messe,

216 3403 262 3437 seu
277 3402 409 3456 proventu
426 3391 488 3440 snni
504 3386 576 3461 apud
591 3389 712 3440 Tacitum
729 3386 762 3437 de
778 3385 875 3437 blorib.
887 3386 974 3437 Germ.
990 3401 1049 3453 cap.
1066 3382 1105 3448 ti.
1120 3382 1187 3436 Vitle
1202 3401 1261 3457 que

215 3464 276 3516 dico
290 3463 325 3516 sd
334 3465 393 3518 Kal.
404 3468 544 3520 Decembr.
555 3489 579 3521 v.
589 3469 632 3534 is.
645 3469 780 3541 Franpunt
791 3465 884 3534 solen,
894 3483 971 3516 neren
980 3462 1153 3534 precedenti,
1165 3479 1205 3518 est
1214 3465 1261 3517 mi·

214 3558 302 3597 nuunt
315 3546 430 3600 calorem
442 3549 515 3600 solis.
529 3551 568 3600 Its
580 3550 693 3615 Seneca,
708 3551 800 3601 Netur.
817 3549 869 3614 Qu.
885 3549 918 3612 V,
938 3563 984 3598 to:
1000 3545 1168 3598 «Etesiarum
1182 3546 1258 3600 llstus

213 3638 329 3679 seststem
344 3627 459 3701 frangit,
476 3643 502 3683 et
517 3649 532 3682 s
546 3634 676 3682 mensium
692 3631 945 3683 ferventissimornm
959 3627 1087 3699 gravitate
1101 3627 1255 3689 defendie-

214 3703 311 3776 quibns
325 3706 410 3760 verbis
422 3708 546 3779 intelligis
559 3728 657 3781 quare,
669 3729 693 3760 v.
711 3727 737 3778 7,
752 3709 864 3762 Nemees
880 3707 1015 3776 alumnus,
1031 3725 1080 3760 sen
1093 3707 1148 3758 Leo
1163 3707 1259 3759 dicitur

212 3784 305 3859 prunis.
312 3784 422 3840 Calorse
428 3788 555 3862 frunpere
565 3787 660 3839 dicitur
668 3789 802 3853 Ciceroni,
812 3786 846 3839 de
855 3788 967 3839 Oratore
975 3788 996 3854 Ι,
1007 3786 1041 3838 sd
1048 3787 1128 3839 finem
1138 3786 1205 3840 libri.
1215 3782 1258 3835 Se·

215 3883 295 3934 neers,
307 3867 383 3920 llere.
396 3869 457 3920 OEt.
470 3887 495 3920 v.
513 3869 593 3933 1366,
605 3867 651 3919 ttbi
664 3869 783 3939 queritur
793 3867 920 3922 Hercules
932 3869 1088 3935 moriturus,

431 3957 483 4004 llon
493 3957 541 4019 ipse
550 3957 617 4004 terris
625 3957 699 4019 msjor
708 3971 809 4005 ocesnus
818 3973 880 4004 tneos

429 4029 528 4088 franget
537 4043 641 4091 vapores.
