2804 4490
428 288 557 372 LIBRI
583 289 723 352 PRlMl
749 289 998 355 SlLVARUM.
1171 293 1232 381 169

189 415 368 480 Claudianus,
383 413 416 464 de
428 412 492 466 Bell.
505 415 563 467 Get.
577 433 615 466 vs.
629 412 696 481 584:

379 522 422 565 Cui
430 531 511 566 natura
519 519 602 586 breves
611 521 692 566 animis
701 521 834 582 ingentibus
843 533 905 567 artus
985 583 988 592 Δ

380 593 493 636 Finxerat.

189 692 320 746 Nondum
331 705 419 744 tamen
432 689 495 742 mibi
506 689 539 742 ad
552 689 661 761 plenum
673 690 807 742 satisfacio
819 689 852 741 de
864 689 1000 756 hocloco,
1014 703 1039 742 et
1052 692 1172 760 suspicor
1184 691 1232 742 sub

188 793 260 827 noce
273 783 388 846 peractos
402 771 484 822 latere
498 789 547 842 per
561 782 641 837 artus,
658 784 687 821 ut
706 769 768 821 alibi
782 771 808 820 in
823 769 865 822 his
879 769 952 822 Silvis
968 770 1114 842 depravatae
1127 772 1233 825 fuerunt

191 855 236 906 bt
248 870 339 906 voces:
356 850 452 916 uQuos
465 864 561 902 natura
575 851 657 902 breves
670 852 756 902 statim
770 868 819 921 per
833 865 904 903 artus
918 850 1030 903 Nodoso
1044 850 1140 902 similes
1153 850 1233 920 globo

192 934 321 1005 ligavit;»
335 930 377 982 vel
392 928 456 1002 qnid
468 929 530 984 tale.

231 1089 274 1142 61.
292 1091 448 1140 ermonem
461 1088 509 1140 sibi
521 1087 589 1160 (qna
603 1088 712 1160 manui)
725 1088 868 1140 minentur.
883 1087 913 1140 ld
925 1103 978 1157 est,
992 1088 1066 1162 quali
1079 1107 1174 1150 manu,·
1189 1108 1236 1160 per

193 1166 375 1241 parenthesin.
388 1167 516 1220 Thebaid.
531 1167 577 1220 lib.
590 1167 691 1236 1X‚vs.
705 1167 772 1239 309:

599 1308 603 1317 .
615 1273 770 1334 ...trajectus
778 1285 872 1334 pectora
881 1273 945 1322 ferro

379 1342 486 1390 Volvitur
494 1344 519 1388 in
527 1341 611 1390 flnctus
620 1359 626 1388 ι
635 1342 683 1389 ben
692 1344 757 1405 cnjus
766 1343 892 1407 naufragus
900 1345 980 1391 undae!

194 1443 347 1509 Ausonius,
362 1440 474 1496 Gratias.
495 1443 552 1493 Act.
568 1459 618 1513 pro
635 1441 775 1495 consulatu
793 1463 799 1493 ε
822 1466 834 1490 ι
847 1445 907 1514 lpse
928 1421 1015 1495 antem
1034 1443 1106 1494 sedes
1125 1441 1235 1494 honoris

196 1521 262 1573 sella
271 1520 381 1588 curulis,
394 1521 508 1593 gloriosa
520 1523 625 1592 pompis
636 1523 778 1592 imperialis
791 1521 885 1587 cilicii,
900 1524 927 1572 in
938 1524 1013 1591 cnjus
1024 1540 1067 1572 nse
1078 1521 1182 1592 fastigio
1194 1519 1237 1589 (er

197 1621 250 1672 qua
259 1601 460 1672 mediocritatel)
472 1603 600 1672 posuisti,
612 1614 662 1653 etc.
675 1625 686 1648 ι

232 1752 276 1804 62,
297 1755 407 1806 &uento
417 1753 504 1805 virtus.
518 1751 615 1805 Bellica
626 1752 738 1820 scilicet,
749 1771 807 1824 ques
816 1754 941 1823 sanguine
953 1750 1051 1822 gaudet
1062 1763 1088 1803 et
1096 1767 1191 1803 encore.
1205 1753 1236 1802 Δ.

235 1919 277 1973 7⁰·
295 1901 385 1973 quiae
399 1911 531 1954 tumentes.
546 1903 668 1954 Femines
679 1861 774 1974 Lidias
785 1902 901 1968 indicat,
916 1921 982 1975 quas
998 1914 1122 1956 tumentes
1135 1913 1161 1954 et
1172 1899 1237 1952 obe-

199 2001 241 2034 sas
252 1983 334 2034 fnisse
347 2001 361 2032 e
371 1981 499 2033 iuvenale
512 1983 669 2052 accipimus,
681 1995 729 2034 sat.
740 1981 780 2046 11,
792 2001 815 2034 v.
831 1982 876 2048 141
888 2005 894 2032 :

385 2089 485 2152 Tierfide
493 2104 540 2135 non
549 2087 645 2152 prodest
653 2089 745 2135 condita
754 2090 838 2153 pyxide
848 2090 916 2148 Lyde.

237 2245 278 2297 7¹·
297 2227 358 2280 Illic
370 2227 499 2300 cpnbala.
513 2231 597 2299 Lego,
608 2229 678 2296 Illo,
692 2244 722 2283 ut
736 2228 898 2303 respondeat
910 2231 1068 2302 praecedenti
1082 2230 1138 2281 ltoc.
1152 2229 1238 2302 Lydis:

199 2307 328 2379 plaudunt
347 2308 396 2360 lice
418 2325 515 2380 grege5
536 2308 585 2362 illo
603 2309 785 2382 cymbalistria
805 2324 831 2362 et
848 2310 970 2364 mulieres
988 2309 1131 2362 Gaditane.
1151 2311 1240 2361 Litera

198 2389 282 2458 prima
296 2389 321 2439 in
333 2405 399 2439 voce
412 2387 531 2458 cymbda
545 2389 654 2442 adhesit
666 2390 701 2456 nei
713 2387 776 2451 illo;
792 2389 871 2442 illoc:
886 2389 959 2442 unde
973 2389 1030 2441 illic
1040 2391 1169 2441 feccntnt.
1191 2391 1240 2440 Per

199 2467 314 2520 tinnulos
327 2467 414 2519 Gades
424 2466 540 2536 intellige
551 2467 675 2520 mulieres
686 2465 844 2538 Gaditanas,
852 2487 977 2540 quaecum
985 2468 1091 2520 crotalis
1101 2465 1241 2538 etcymba-

199 2547 230 2598 lis
240 2545 379 2599 saltabant.
389 2547 507 2599 Juvenal.
521 2547 570 2608 xt,
584 2549 631 2599 162
644 2569 650 2598 s
664 2549 805 2600 sForsitan
818 2561 951 2620 exspectes
961 2561 991 2599 ut
999 2547 1128 2600 Gaditana
1140 2565 1239 2600 canoro

199 2629 312 2700 incipiet
321 2629 424 2699 prurire
437 2628 528 2680 choro.
541 2652 552 2675 a
563 2628 616 2680 Ubi
624 2647 675 2700 pro
685 2630 799 2702 prurire,
811 2630 870 2700 lego
880 2631 971 2701 proeire
982 2649 1014 2683 ex
1024 2648 1104 2683 sensu
1117 2643 1143 2682 ct
1154 2631 1240 2681 Arno-

202 2707 263 2772 bio,
277 2707 323 2758 lib.
339 2708 378 2772 ll,
394 2727 454 2779 pag.
472 2707 523 2779 73:
543 2709 738 2761 «cantionibus
753 2723 784 2760 nt
795 2712 917 2780 praeirent
929 2711 1064 2780 obscenis,
1081 2725 1154 2762 cto.»
1172 2707 1240 2762 Vide

205 2785 310 2853 locum,
323 2805 353 2836 ex
363 2785 412 2838 boc
422 2789 436 2838 J
440 2786 557 2840 nvenalis
569 2787 749 2859 desumptum.

239 2939 281 3008 74.
304 2937 409 3012 Greqele
421 2940 539 3014 sulphur.
554 2941 635 3010 Quod
647 2942 726 3013 vulgo
739 2953 765 2994 et
778 2960 794 2994 e
805 2954 981 3008 mercatorum
991 2960 1069 3015 φηςιν
1077 2938 1241 2992 vendebatur

196 3019 418 3151 qreqanoeAplebi.
445 3021 549 3074 Judteos
562 3020 664 3074 exsules
680 3021 803 3092 intelligit
814 3023 979 3088 Bernartius,
997 3036 1024 3074 et
1038 3023 1126 3072 Romae
1138 3019 1241 3072 mendi·

199 3113 299 3153 cantes.
344 3139 349 3148 .

236 3268 278 3320 79.
297 3251 399 3306 Desunt
409 3254 455 3325 qni
469 3255 580 3326 rapiunt.
595 3257 632 3306 Ea
644 3255 695 3306 fuis
706 3252 844 3305 missilium
856 3253 946 3323 copia!
962 3252 1027 3320 Quis
1037 3253 1140 3322 jejunas
1152 3253 1241 3321 genia-

199 3329 264 3380 lium
276 3331 349 3401 apud
360 3349 409 3383 nos
421 3330 522 3384 dierum
534 3335 700 3405 sponsiones,
718 3348 744 3386 et
755 3336 838 3386 siccas
850 3334 1074 3404 compotationes,
1091 3350 1151 3383 cum
1167 3342 1240 3382 tanto
1319 3365 1321 3370 ,

201 3423 323 3479 sumptu,
337 3423 364 3461 et
375 3413 446 3464 fastu
458 3431 516 3464 rere
527 3416 615 3484 regio,
631 3433 685 3466 non
702 3416 758 3467 sine
774 3414 877 3485 pudore
894 3413 983 3485 aliquo
999 3411 1159 3465 contulerit?
1175 3411 1241 3478 Quis

201 3507 264 3540 vero
281 3507 336 3542 non
354 3491 439 3563 pluris
458 3494 510 3545 emi
528 3493 683 3561 crediderit,
703 3494 829 3566 largiente
844 3497 1012 3548 Domitiano!
1038 3525 1072 3534 -
1094 3493 1241 3564 Saepissime

202 3583 319 3622 occursat
344 3571 417 3642 apud
440 3571 587 3625 Martialem
611 3574 777 3646 publicarum
800 3575 971 3647 largitionum
992 3576 1100 3626 mentio.
1131 3572 1173 3624 Sic
1196 3569 1241 3622 ille

203 3648 282 3716 epigr.
304 3665 417 3714 nsunt,
439 3651 485 3704 lib.
503 3653 577 3719 Vlll,
597 3656 710 3708 “Omnis
730 3652 810 3706 habet
830 3673 878 3706 sua
898 3651 968 3705 dona
990 3651 1062 3718 dies,
1083 3663 1132 3704 etc.
1144 3674 1155 3696 n
1175 3648 1241 3701 Vide

201 3723 307 3779 edition.
324 3742 390 3780 nost.
409 3729 461 3782 rol.
475 3731 513 3798 11,
529 3750 589 3803 pag.
605 3732 665 3802 367.

236 3883 278 3949 83,
292 3884 334 3950 84.
354 3883 438 3936 Dulei
446 3886 582 3938 dominum
589 3887 616 3958 f
626 3885 742 3938 clantant
748 3909 758 3948 ,·
769 3885 794 3937 lt.
805 3887 887 3939 solum
898 3887 980 3940 vetuit
989 3884 1064 3937 licere
1076 3886 1163 3935 Coesar.
1178 3881 1241 3930 Sen-

199 3979 245 4015 sus
256 3975 308 4030 est,
322 3964 429 4036 plebem
442 3965 586 4019 Romanam
599 3968 780 4034 Domitianum¹
791 3967 937 4020 Saturnalia
949 3963 1125 4017 celebrantem
1137 3959 1202 4011 elata
1216 3973 1242 4010 et
