2804 4490
201 283 261 370 196
389 279 596 344 NOTAEIN
620 277 817 340 CARMEN
842 277 1040 341 PRIMUM
1120 285 1124 292 '

379 405 455 464 Quum
463 403 517 458 tibi,
528 412 681 463 quaerentes,
691 417 742 463 quae
752 415 799 447 uon
809 403 934 462 gestamina
943 402 1004 447 ruitis

379 475 510 522 festinabat
518 472 604 520 herus?
611 473 721 520 brevibus
729 473 884 534 constringere
892 471 956 518 leuis

379 548 489 599 Pectora,
500 555 523 590 et
532 555 626 604 angusta
636 543 692 590 telas
702 556 790 590 arctare
799 541 898 588 lacerna.

379 617 490 660 Bnorraes
499 631 546 660 non
555 613 595 659 ille
605 615 680 669 sinus,
690 613 731 658 sed
741 627 831 674 semper
839 613 869 657 ad
878 629 952 659 annos

377 689 448 733 Texta
455 687 546 747 legens,
556 685 626 732 modo
635 687 735 748 puniceo
744 683 832 730 velabat
842 685 940 738 amictu,

376 759 444 804 llnnc
453 755 536 803 herbas
544 755 648 802 insitante
656 755 720 810 siun,
731 770 793 800 nnnc
802 755 868 801 dulce
878 755 971 802 rubenti

377 829 474 876 Murice.

192 944 231 993 lta
241 936 333 1006 legunt
341 946 431 982 ornnes
440 941 572 1000 quotquot
580 926 632 978 vidi
642 924 786 977 editiones:
798 938 837 988 et,
851 925 926 996 quasi
937 925 1024 977 omnia
1033 925 1122 979 lucilia
1133 944 1236 995 essent,

192 1024 350 1090 pratereunt
362 1011 526 1078 interpretes.
540 1008 653 1058 Primum
666 1006 747 1074 igitur
758 1023 858 1076 quero,
872 1004 1005 1075 quoduam
1017 1004 1127 1057 verbum
1138 1025 1237 1079 prece-

193 1099 231 1151 dit
249 1092 406 1146 infinitivum
426 1086 496 1139 istud
514 1085 701 1158 constringere?
718 1083 821 1152 dicent,
841 1085 945 1155 opinor,
956 1083 1114 1155 festinabam
1134 1087 1236 1139 nullum

192 1177 262 1228 enirn
276 1169 348 1224 aliud
362 1181 415 1229 est;
426 1164 506 1218 herus
520 1165 599 1234 igitur
604 1163 750 1235 festinabat
760 1165 932 1236 constringere
941 1177 1051 1234 pectore
1062 1168 1140 1236 pueri
1151 1166 1238 1218 hmj.

192 1256 241 1307 bns
251 1253 337 1312 lienis5
348 1245 413 1299 nihil
423 1248 525 1296 minus:
539 1261 675 1314 uunquam
687 1245 758 1294 enim
767 1243 819 1295 hoo
828 1245 928 1295 iaceret
939 1244 960 1295 si
969 1242 1050 1296 ullam
1060 1245 1153 1298 salutis
1161 1248 1238 1317 pueri

192 1351 281 1387 curam
291 1328 415 1387 heberet3
428 1325 484 1376 hrec
495 1325 564 1375 euim
574 1323 719 1374 constrictio
732 1325 758 1374 in
772 1323 879 1373 morbos
893 1323 1041 1393 pectorales
1051 1343 1165 1395 puerunt
1175 1345 1238 1377 coo·

190 1419 281 1486 jiceret
296 1423 322 1462 et
337 1419 442 1460 suctum
459 1402 611 1475 impediret;
628 1414 653 1453 et
667 1401 719 1452 hoc
735 1405 762 1453 iu
775 1403 860 1455 Nonis
872 1403 1004 1454 iaciebant
1014 1406 1123 1458 Veteres
1138 1405 1237 1473 ymle-

192 1490 267 1561 ιὸμοις
277 1492 345 1555 suis,
355 1501 384 1539 ut
394 1499 505 1540 testatur
514 1483 663 1552 Longinus,
673 1480 742 1532 libro
751 1479 803 1550 arpi
813 1480 855 1547 ὖψ,
869 1500 926 1553 cap.
940 1481 983 1550 44
994 1481 1095 1536 Dixisse
1104 1487 1186 1556 igitur
1193 1484 1238 1538 de·

191 1577 263 1641 buit,
276 1590 329 1624 non
338 1565 527 1640 constrinqebot
538 1575 646 1634 pectora
659 1561 783 1613 brevibus
793 1559 879 1624 lente
893 1576 918 1612 ot
927 1563 963 1614 ita
974 1580 1036 1615 saue
1047 1563 1126 1632 dixit,
1140 1577 1168 1617 ut
1178 1585 1237 1617 mox

192 1653 345 1707 videbimus.
359 1647 410 1699 Sed
425 1643 489 1717 quid
504 1657 543 1695 est
556 1641 628 1714 quod
643 1643 772 1710 sequitur,
787 1640 930 1694 festinabat
941 1653 1039 1692 arctare
1052 1642 1115 1694 telas
1129 1654 1237 1717 anysius

193 1733 314 1787 lacerna?
326 1727 389 1801 quid
403 1741 441 1778 est
453 1734 552 1775 arctare
564 1721 638 1788 telas,
652 1733 697 1772 aut
710 1738 763 1791 qua
775 1723 884 1772 notione
896 1719 1068 1772 sumendum?
1081 1741 1172 1777 revera
1185 1742 1239 1776 nou

192 1813 325 1882 intelligo;
341 1820 366 1860 et
378 1810 400 1860 si
412 1803 584 1874 intelligerem
598 1800 662 1869 quid
675 1813 743 1852 esset
757 1811 856 1852 arctare
868 1797 943 1865 telas,
959 1802 1052 1852 scirem
1064 1814 1153 1856 tumen
1166 1806 1239 1876 inep-

192 1895 322 1945 tissimum
334 1905 391 1938 esse
402 1895 502 1936 arctare
513 1879 577 1932 telos
589 1889 699 1951 angusta
710 1879 825 1932 lacerna.
838 1881 865 1932 Si
879 1881 948 1932 enirn
959 1879 1016 1932 telae
1025 1894 1173 1950 arctantur,
1189 1885 1237 1936 mi-

193 1991 250 2023 rum
260 1972 287 2021 ui
298 1968 402 2020 lacerna
412 1962 469 2032 (seu
480 1957 659 2032 quodcunque
667 1959 774 2030 texitur)
783 1971 893 2033 angusto
903 1963 948 2011 sit:
960 1959 1025 2014 adeo
1035 1976 1064 2013 us
1072 1961 1152 2034 plane
1160 1964 1240 2016 abun.

193 2050 237 2102 det
249 2061 275 2101 et
287 2043 447 2118 superfluum
459 2042 492 2092 sit
502 2037 573 2089 istud
583 2047 706 2111 angusta,
718 2057 799 2110 quum
810 2041 883 2110 prius
894 2037 987 2090 dixeris
997 2051 1103 2093 arctare.
1116 2041 1240 2114 Sequitur

194 2149 288 2204 porro,
300 2127 427 2177 Enormes
437 2139 493 2172 non
503 2117 546 2170 ille
556 2119 626 2170 siuns
636 2117 741 2190 legens:
753 2121 827 2192 atqui
840 2119 891 2170 ltoc
903 2132 963 2170 ante
973 2119 1087 2186 dixerat,
1100 2139 1184 2192 quum
1196 2140 1237 2173 no*

193 2212 233 2264 bis
246 2207 361 2260 narravit
377 2203 470 2255 herum
488 2201 624 2252 festinasse
637 2197 819 2275 constringere
832 2197 926 2271 pectus
939 2201 1014 2268 pueri
1026 2201 1142 2253 brevibus
1153 2201 1239 2253 loem'„

195 2288 329 2367 quoduam
343 2301 411 2355 opus
422 2281 474 2333 hoc
487 2282 582 2331 iterum
599 2281 734 2349 ingerere?
750 2281 825 2330 mitto
838 2295 952 2330 erronnes
963 2279 1044 2342 sinus,
1058 2291 1084 2330 es
1096 2298 1170 2331 nunc
1182 2281 1240 2331 407.

143 2345 147 2362 Ι
194 2374 237 2422 bas
252 2369 371 2422 imitante
389 2364 455 2415 sinn.
474 2357 554 2412 Vides
571 2372 637 2430 quot
653 2357 853 2411 difficultatibus
870 2369 896 2408 et
912 2353 1119 2409 absurditatibus
1134 2358 1242 2412 laborat

193 2450 268 2502 locus
280 2469 285 2498 :
303 2445 379 2515 cujus
389 2461 420 2494 ex
430 2453 503 2514 parte
512 2441 705 2492 restitutionem
718 2438 765 2490 tibi
777 2436 911 2508 spondeo,
924 2439 946 2487 si
958 2455 1079 2488 amoveas
1090 2436 1242 2490 distinctio-

194 2549 256 2587 nem
267 2537 328 2600 post
340 2522 458 2589 lacerna,
471 2535 498 2574 et
509 2540 558 2592 pro
571 2523 642 2574 sinus
652 2519 724 2590 legas
734 2522 833 2572 sinens:

574 2649 579 2662 .
591 2650 596 2661 .
608 2651 613 2661 .
624 2616 747 2664 brevibus
756 2615 915 2676 constringere
924 2614 987 2661 leuis

380 2693 488 2745 Pectora,
499 2700 521 2734 er
531 2699 627 2748 angusta
637 2687 695 2734 telas
704 2699 793 2734 arctare
803 2687 894 2733 lacerna

380 2764 492 2812 Enormes
501 2774 549 2806 nou
558 2759 597 2805 ille
607 2760 699 2814 sinens,
710 2759 751 2806 sed
760 2773 852 2821 semper
861 2756 891 2804 sd
899 2773 972 2804 anuos

381 2835 453 2881 ‘l'ettt
462 2830 541 2894 legens
547 2864 554 2886 ‚
564 2829 646 2884 modo,
656 2841 701 2876 etc.

197 2940 256 2990 Hoc
268 2933 348 2988 modo
360 2949 427 2984 nors
442 2947 528 2982 rerum
540 2928 621 2982 iacies
634 2931 709 2980 nasci
720 2930 821 2999 incipit.
834 2929 867 2980 Et
877 2932 931 2997 jeus
943 2927 1020 2980 video
1032 2926 1173 2998 legendum
1185 2942 1241 2999 esse

198 3016 304 3069 lacerna
314 3013 429 3074 enormi,
441 3025 470 3062 ut
483 3022 636 3080 opponatur
645 3009 761 3060 brevibus
773 3007 862 3059 loenis:
873 3025 922 3058 uec
931 3007 1046 3060 brevibus
1055 3007 1139 3074 lienis,
1150 3025 1199 3060 uec
1207 3003 1243 3056 la·

198 3113 275 3146 cerna
286 3094 395 3146 enonni.
408 3093 481 3158 Hoc,
494 3090 568 3160 qussi
580 3087 638 3152 filo,
651 3087 802 3140 adsensum
814 3083 867 3136 loci
878 3083 998 3149 deducit,
1010 3089 1055 3158 qui
1067 3087 1110 3138 hic
1119 3101 1174 3140 est:
1188 3088 1243 3138 Nec

199 3175 352 3243 permittens
362 3171 434 3222 lanis
444 3170 553 3220 nimium
565 3167 797 3220 breoibnsetarctis
807 3175 900 3234 pectus
912 3166 1102 3236 constringere,
1115 3184 1166 3218 nee
1179 3181 1243 3218 con-

199 3270 242 3306 tra
259 3252 363 3304 lacerna
379 3251 479 3302 enormi
493 3247 610 3300 membra
629 3247 740 3320 puerilis
755 3262 880 3316 gravam
900 3243 946 3296 sed
959 3259 1040 3314 prout
1052 3247 1243 3298 incrementum

199 3333 276 3404 pueri
291 3344 317 3382 et
328 3343 390 3382 estat
401 3326 567 3400 postulabat,
580 3329 615 3380 ita
627 3345 732 3396 semper
743 3323 873 3394 adaptans
885 3335 911 3374 et
923 3321 1009 3397 legens
1020 3324 1192 3392 vestimenta,
1205 3326 1243 3375 in-

200 3409 305 3462 terdum
314 3409 430 3479 puniceo
443 3407 555 3471 amictu,
567 3405 699 3456 interdum
709 3403 785 3454 viridi
794 3402 853 3454 sinn
863 3403 903 3455 vel
916 3402 1024 3456 thorace
1035 3401 1172 3456 vestiebat.
1183 3405 1243 3456 Hac

200 3488 305 3542 ridetur
319 3503 375 3540 esse
388 3503 461 3538 urens
475 3482 553 3554 hujus
566 3482 633 3550 loni,
645 3482 750 3554 elegans
765 3494 792 3533 et
802 3484 942 3535 concinna.
954 3483 1031 3536 Viam
1043 3481 1090 3534 tibi
1103 3483 1243 3555 aperniesi

201 3566 321 3624 oculatus
332 3567 382 3630 sis,
391 3583 440 3635 per
449 3577 474 3616 ts
484 3561 585 3615 ridebis
597 3561 662 3634 quid
673 3561 823 3616 faciendum
834 3563 868 3614 sit
878 3565 933 3614 istis
943 3575 1051 3635 onqnstn
1062 3561 1125 3616 telas
1133 3575 1243 3618 amsans

201 3651 223 3700 si
237 3665 305 3713 non,
317 3645 448 3698 dicentem
459 3657 504 3696 aut
514 3641 648 3707 irridebis,
659 3658 705 3695 sut
716 3641 794 3695 fidem
804 3660 859 3694 nou
871 3641 992 3694 habebis.
1004 3645 1117 3696 Tantum
1132 3657 1243 3702 moneo,

201 3745 234 3780 ue
249 3726 320 3798 legas
333 3736 434 3796 aptore,
451 3722 524 3795 quod
538 3724 625 3794 primo
639 3724 735 3776 intuitu
750 3722 819 3774 iorte
833 3720 1026 3773 adblandietnr.

241 3883 298 3940 135.
317 3883 378 3938 Nan
397 3881 471 3936 turba
488 3897 585 3947 comcs,
604 3898 658 3932 non
676 3899 784 3932 munera
803 3890 907 3932 cessant.
923 3877 1050 3945 Quanam
1066 3877 1122 3930 lassc
1136 3890 1242 3930 manera

203 3983 280 4020 neruo
293 3962 444 4036 explicavit,
457 3976 482 4014 et
495 3961 590 4016 ruirttm
601 3959 706 4034 quidem
717 3973 770 4023 est,
782 3962 865 4013 siros
876 3961 951 4030 cnjus
964 3957 1119 4029 significatio
1129 3969 1181 4008 taur
1192 3953 1241 4006 lste
