2824 4488
379 359 508 424 LIBRI
531 358 701 424 TERTII
725 359 975 428 SlLVARUM.
1128 364 1193 453 359

191 503 233 556 79.
254 484 316 554 Quis
328 501 430 553 superos
442 493 558 536 metum
569 484 667 552 pariter
678 493 716 534 tot
727 481 842 554 templu,
856 494 959 548 tuturus
970 486 1140 541 Ptnmemitse
1151 489 1196 541 tla-

155 567 214 618 tur?
224 565 401 633 Comparatur
411 561 455 614 bic
467 581 525 616 sors
536 563 640 614 Etrusci
652 581 712 616 curu
725 575 797 614 sorte
809 563 988 616 ministrorum
1000 564 1157 633 celestium,
1170 584 1196 620 et

155 645 307 716 prefertur:
323 643 405 709 Quis,
417 643 519 713 inquit,
532 644 578 714 qui
591 643 647 694 Diis
660 643 807 706 ministrat,
820 644 903 696 fertur
916 646 1062 698 inserviisse
1076 647 1196 700 turberis

156 737 222 795 quot
235 737 280 786 tu,
292 722 418 788 Etrusce,
430 722 586 774 intermisti?
599 739 654 772 non
665 721 824 787 Mercurius,
837 741 891 774 non
902 725 964 791 lris,
975 743 1030 776 nun
1041 727 1147 790 Tritum
1160 727 1197 778 illi

156 805 225 856 enirn
238 800 346 877 rinpulis
359 815 461 854 tantum
475 802 667 864 inservieban13
682 815 711 856 tu
725 812 840 874 quatuor
852 802 973 856 dominis.
988 806 1036 856 llic
1051 818 1089 858 est
1105 825 1197 860 sensus

155 883 235 953 hujus
247 883 315 944 loci;
332 902 381 936 nec
393 882 460 936 alius
472 901 529 936 esse
544 892 649 954 potett3
665 881 742 934 datur
754 896 793 935 est
806 883 908 950 dicitur,
917 885 1013 955 fertur,
1027 899 1057 937 nt
1068 885 1196 940 Thebaid.

156 965 218 1031 Vll,
232 963 301 1028 315,
316 963 349 1017 de
366 966 488 1036 Hypseo:
508 964 634 1034 «Asopos
650 965 771 1034 genuisse
786 961 877 1026 datur;
890 987 900 1012 ιι
912 964 1054 1018 Claudisn.
1069 967 1102 1018 de
1120 971 1196 1040 llapt.

156 1044 227 1096 Pros.
238 1046 289 1110 111,
299 1064 323 1096 v.
335 1045 401 1097 3362
417 1059 515 1117 apator
525 1059 586 1116 pust
598 1043 686 1116 prelia
697 1045 814 1114 praedam
825 1045 965 1099 Advenisse
978 1046 1070 1111 datur3
1081 1072 1092 1095 n
1107 1048 1198 1114 idest,

157 1138 293 1177 narratur.-
312 1124 431 1196 exempla
446 1126 532 1178 obvia.
551 1127 609 1177 lam
622 1143 685 1178 vero
701 1136 815 1178 metuere
827 1127 938 1198 Superos
952 1147 1002 1199 pro
1017 1130 1136 1180 inseruire
1149 1131 1198 1182 Su·

156 1207 224 1274 peris
233 1205 456 1275 quemadmodum
468 1206 583 1258 famulus
593 1205 658 1257 beru
668 1206 790 1273 inservit,
804 1208 862 1277 quis
871 1224 988 1277 unquam
1001 1207 1084 1259 dixit?
1095 1208 1146 1260 alin
1158 1228 1198 1262 res

159 1298 196 1336 est
211 1297 324 1338 metuere
335 1285 465 1356 Superum
480 1286 536 1338 scil.
552 1284 648 1351 colere,
663 1288 781 1338 venerari
787 1308 796 1346 ,·
808 1286 879 1339 unde
895 1299 1012 1342 metuens
1021 1289 1135 1340 Deorum
1149 1308 1198 1360 pro

159 1363 289 1438 relipiosn,
304 1367 379 1418 Ovid.
395 1367 457 1418 Met.
473 1371 500 1432 l,
512 1368 581 1432 323,
593 1365 626 1418 tle
639 1365 737 1438 Pyrrha
747 1388 754 1428 ;
766 1380 792 1418 et
804 1377 886 1420 metus
898 1388 947 1440 pro
959 1365 1096 1441 relipiune,
1108 1369 1198 1439 Virgil.

159 1445 215 1495 AEn.
231 1447 293 1512 Vll,
307 1445 357 1511 60,
371 1460 397 1496 ct
414 1449 449 1497 ita
462 1444 528 1498 aliis.
548 1447 596 1496 llic
614 1447 693 1516 igitur
707 1446 780 1497 verbi
794 1465 885 1498 sensus
902 1445 965 1499 huic
979 1446 1038 1496 loco
1055 1465 1109 1498 nun
1124 1466 1199 1498 cons-

157 1527 223 1596 petit
234 1524 304 1596 (non
315 1530 384 1578 enim
397 1525 430 1578 tle
444 1525 581 1600 religione,
594 1525 639 1578 sed
653 1525 687 1577 de
699 1527 840 1578 ministerio
852 1527 953 1598 agitur)
966 1539 992 1578 et
1003 1530 1150 1579 necessario
1163 1547 1201 1579 rc·

159 1607 271 1676 quiritur
284 1608 394 1659 seruiens
410 1607 450 1658 vel
467 1607 615 1660 ministrans
628 1604 668 1658 vel
685 1605 793 1677 aliquod
808 1605 947 1676 ejusmodi.
959 1608 1095 1676 conjicio,
1113 1608 1200 1674 «Quis

158 1688 287 1758 Superum
297 1686 412 1738 famulus
423 1688 523 1758 pariter
535 1699 574 1738 tot
586 1683 700 1758 templa,
711 1697 752 1735 tot
763 1703 821 1737 aras
833 1688 1009 1738 promeruisse
1020 1685 1135 1737 daturin
1151 1689 1200 1738 l’ro

158 1765 284 1836 Superum
298 1767 424 1838 scriptum
436 1777 491 1818 erut
502 1763 626 1835 Superum
637 1803 645 1830 ,
659 1765 765 1836 antiqua
780 1761 911 1815 scribendi
924 1765 1042 1815 ratione:
1057 1763 1119 1816 inde
1130 1765 1200 1816 istud

157 1843 275 1914 Superos.
289 1847 367 1895 Putes
384 1844 479 1909 etiam,
495 1843 582 1910 uQuis
597 1843 702 1912 Superis
713 1838 860 1908 famulans,
878 1854 951 1893 etc.»
968 1841 1014 1893 sed
1028 1841 1095 1910 hoc,
1110 1845 1200 1895 nescio

159 1921 221 1992 qul,
236 1923 323 1972 minus
336 1920 481 1972 Statianutn
495 1919 613 1983 videtur;
628 1920 745 1971 omniurn
761 1921 860 1990 optime
876 1917 928 1970 buc
944 1919 1023 1971 modo
1040 1922 1201 1994 scripsisset,

161 2001 230 2052 ·cut
242 1999 372 2073 Superum
384 1999 483 2050 famulo
494 2001 591 2070 pariter
603 2013 641 2050 tot
653 1997 764 2070 templa,
778 2011 817 2050 tot
827 2017 885 2051 aras
897 2002 1073 2054 Promeruisse
1085 2000 1198 2052 daturin

158 2081 204 2134 ubi
215 2079 242 2132 ri
252 2082 330 2133 datur
340 2095 482 2152 poneretur
494 2101 542 2152 pro
553 2099 697 2133 concessum
709 2090 758 2144 est,
772 2093 801 2132 ut
813 2099 888 2151 saepe.
901 2081 959 2131 Hoc
971 2081 1065 2147 modo,
1078 2083 1200 2153 inquam,

160 2165 288 2234 scriptum
303 2181 358 2214 esse
371 2165 506 2237 oportuit,
521 2175 546 2212 et
560 2161 659 2233 aliquid
671 2161 801 2234 ejusmodi
814 2163 870 2214 sinc
882 2161 964 2214 dubio
979 2165 1083 2236 scripsit
1096 2165 1200 2215 Statius.

100 2284 102 2298 .
158 2241 211 2294 Sed
229 2241 291 2312 quia
304 2240 341 2293 nil
358 2255 461 2294 mutant
474 2241 594 2307 codices,
609 2257 737 2313 quantum
753 2243 829 2308 novi,
844 2259 903 2293 tneo
915 2241 1033 2312 periculo
1048 2260 1101 2291 non
1114 2241 1202 2314 piacet

158 2319 225 2374 milti
236 2333 287 2370 tam
298 2321 433 2389 ingenioso
445 2339 499 2372 esse
510 2322 573 2372 utin
585 2333 708 2371 contextu
720 2319 863 2392 quidquam
874 2335 985 2384 mutcm;
997 2319 1106 2371 meliora
1117 2339 1201 2372 excin-

158 2397 245 2471 plarin
262 2397 333 2450 bunc
351 2399 450 2451 nodum
467 2399 529 2451 olim
544 2400 611 2452 forte
629 2399 748 2451 solvent:
763 2419 851 2451 meum
865 2415 921 2452 erat
934 2419 1050 2454 monere.
1066 2399 1105 2450 De
1119 2399 1201 2451 verbu

158 2499 290 2551 promereo
302 2479 356 2532 dixi
368 2480 469 2552 aliquid
483 2479 516 2531 ad
531 2483 613 2534 Soter.
626 2479 735 2546 Gallici,
750 2499 828 2554 supra
841 2501 868 2552 p.
885 2481 941 2547 tls.

196 2631 239 2684 86.
257 2633 318 2682 Jum
332 2631 445 2682 creditur
455 2633 503 2682 uni
514 2631 667 2684 Sanctarum
680 2630 791 2701 dipcstus
802 2647 895 2702 opum,
908 2644 956 2684 etc.
969 2629 1068 2702 (usque
1082 2629 1132 2696 ud,
1147 2648 1203 2702 pure
1245 2627 1248 2633 “

162 2711 268 2764 nubilus
277 2711 370 2764 Auster
380 2711 498 2772 lnvebit;
509 2729 548 2762 vs.
562 2711 620 2781 97).
634 2713 761 2779 Quaerunt
776 2712 946 2780 interpretes,
962 2729 1016 2781 quo
1029 2712 1135 2762 nominc
1147 2729 1203 2761 mu·

163 2807 213 2842 nus
228 2789 278 2842 hnc
290 2789 452 2862 appellatum
467 2793 515 2855 sit,
531 2790 602 2860 quod
617 2803 670 2840 tatu
683 2788 736 2841 late
747 2787 791 2838 bic
802 2788 941 2858 descripsit
956 2790 1062 2840 Statius.
1079 2787 1143 2838 Sunt
1159 2789 1204 2857 qui

161 2871 341 2942 proesecturum
353 2870 439 2922 aernrti
449 2870 611 2940 intelligente
625 2870 671 2922 sed
683 2887 729 2921 eos
741 2869 840 2919 refutat
851 2867 890 2919 vel
904 2868 990 2918 sulum
1002 2865 1139 2936 epitheton
1148 2884 1204 2917 sun·

162 2961 274 3012 ctumm5
288 2949 352 3002 illud
368 2951 438 3001 enim
451 2953 559 3021 proprie
577 2949 610 3001 ad
628 2953 814 3020 imperatorem
832 2959 949 3018 spectat,
963 2949 1039 3015 cujus
1055 2963 1095 2994 res
1113 2962 1204 2996 omncs

164 3031 301 3084 familiares
314 3030 417 3082 solenni
428 3033 505 3083 titulo
517 3049 594 3084 mette
605 3029 771 3082 dicebantur.
784 3031 850 3079 llinc
862 3045 959 3079 sucrum
972 3027 1091 3090 domum,
1103 3043 1203 3077 sacrum

163 3109 243 3176 lauis,
260 3127 342 3162 merus
355 3108 457 3177 vrtltur,
473 3110 537 3162 alibi
553 3111 617 3162 dicit
631 3113 741 3175 Noster,
755 3108 801 3160 ubi
815 3107 849 3159 de
865 3108 1017 3159 Domitiano
1035 3106 1097 3174 agit.
1113 3105 1205 3174 ltaque

162 3191 350 3262 Disperuotoris
366 3209 463 3243 munus
481 3190 524 3242 bic
538 3194 625 3244 notari
644 3209 756 3252 cense03
775 3192 813 3242 sic
832 3191 900 3240 enirn
919 3191 947 3239 in
962 3183 1205 3238 constitutionibus

162 3285 298 3338 vocantur,
311 3273 355 3342 qui
368 3273 519 3344 principum
532 3275 658 3344 pecunias
671 3284 780 3334 curant,
792 3271 1029 3338 thesaurorumque
1042 3264 1206 3317 administra·

163 3353 260 3404 tionem
272 3364 376 3422 gerunt.
395 3350 511 3404 lubente
525 3354 653 3423 irnperio,
666 3350 821 3421 bujusrnudi
839 3348 993 3401 muneribus
1011 3348 1128 3416 prtelucti
1142 3345 1206 3396 dicti

163 3445 223 3484 tunt
244 3433 355 3486 comites
374 3449 505 3485 sncrnrum
526 3431 709 3506 larqitionum,
731 3431 780 3483 sub
799 3430 895 3501 quibus
916 3442 991 3482 erant
1011 3425 1132 3498 Profecti
1150 3425 1206 3476 tlte·

161 3531 307 3582 sauronam,
319 3514 430 3566 Comites
438 3512 617 3578 metallorum,
629 3513 735 3584 aliique.
743 3514 805 3563 Erat
814 3524 840 3562 et
851 3515 939 3564 Comes
951 3510 986 3561 rei
996 3507 1104 3581 privates
1115 3504 1205 3558 dietus.

162 3592 277 3646 onam.

196 3743 241 3812 87.
262 3743 399 3815 Partaque
412 3761 460 3814 per
474 3761 563 3798 omnes
579 3744 684 3796 Diuitioe
700 3741 821 3813 populor.
836 3740 945 3792 Divina
958 3749 1041 3810 portu
1057 3755 1106 3806 pm
1121 3751 1209 3788 utttncs

161 3822 271 3892 populos
282 3835 345 3876 suut
355 3823 449 3876 divitiae
461 3841 527 3894 quus
539 3841 631 3876 omues
643 3820 736 3892 pupuli
747 3832 922 3892 pepererunt;
935 3830 964 3868 ut
975 3814 1047 3886 apud
1059 3811 1206 3864 (lvid.·Am.

162 3903 211 3966 lll,
224 3901 360 3972 8,pat·ttts
370 3919 418 3972 per
429 3901 536 3954 uultteru
547 3919 635 3954 certius
642 3937 650 3965 ,
663 3912 703 3952 est
715 3917 810 3952 census
823 3916 901 3968 quern
916 3895 1021 3948 uulnera
1034 3901 1209 3976 pepererunt:

162 3983 197 4034 ita
210 3995 315 4054 partum
330 3984 467 4054 pertusius
479 4002 587 4055 requum
600 3997 639 4035 est
653 4000 760 4054 repnum
776 3979 844 4051 quod
856 3977 936 4030 scelus
945 3975 1045 4046 peperit
1057 3991 1102 4024 seu
1118 3987 1209 4037 acqur-

164 4065 238 4128 sisit‚
254 4063 327 4134 apud
343 4067 479 4130 Curtium,
493 4067 554 4131 Vll,
569 4065 594 4130 4.
610 4063 713 4130 Quibus
730 4065 756 4112 in
774 4060 839 4112 locis
855 4058 999 4110 denotatur
1011 4055 1208 4104 instrumentum
