2844 4484
414 326 545 390 LIBRI
570 326 746 408 QUlNTl
770 326 1023 394 SILVARUM.
1176 327 1240 419 587

198 458 281 510 diviso
292 456 366 508 litero
380 473 397 504 n
410 455 437 505 in
449 453 485 518 ti,
503 451 595 504 terrica
609 474 615 502 :
633 450 870 518 hesternensis,
882 453 983 514 octies,-
995 453 1103 508 Domitii
1114 456 1241 524 Codices,

198 537 304 598 vectita,·
319 534 392 606 quod
404 547 430 586 et
442 531 534 586 scribit
547 535 638 586 Venet.

233 680 276 749 49.
297 678 479 749 Cleonoettsquc
491 676 557 728 acies
571 674 715 746 impelleret
729 693 809 727 arctes.
825 677 910 726 Parru.
928 689 955 726 et
970 675 1045 726 Rom.
1060 675 1189 730 Cleonseos
1200 699 1242 732 ar·

197 773 269 814 ctrts:
289 758 366 811 male.
386 757 418 808 Et
436 756 480 808 ltio
496 755 547 807 alia
565 754 699 807 suboritur
714 752 874 820 difficultas,
891 766 918 806 et
934 751 1052 824 ejusdem
1067 757 1123 807 fere
1139 761 1242 826 generis

198 858 252 909 quo
259 843 347 911 prior:
358 834 421 909 quid
429 837 499 888 enim
507 849 546 890 cst
555 853 628 888 urctts
637 833 786 888 Cleonoeusi'
794 833 857 905 quid
867 831 970 888 Cleonis
978 853 1039 886 cum
1048 837 1243 908 arcu?quippe,

196 932 226 970 ιιι
245 929 307 970 unte
322 917 391 982 dixi,
406 933 460 967 nou
474 932 536 966 arcu
549 933 599 966 neo
613 916 692 967 erinis
705 913 809 967 leonem
824 915 974 967 Cleouseum
992 913 1081 967 letavit
1095 916 1244 984 Hercules,

197 997 244 1050 sed
257 995 336 1050 nudis
350 993 472 1048 munibus
485 1007 512 1046 et
526 994 600 1047 elisu.
615 995 699 1066 AEqtte
712 994 781 1047 bene
792 992 897 1046 ridetur
907 993 961 1047 dici
971 997 1090 1066 potuisse
1100 993 1244 1050 Auentinus

197 1093 291 1145 secus,
306 1077 367 1148 quis
379 1075 506 1129 Hercules
517 1074 617 1127 Cacum
629 1077 656 1126 in
667 1074 798 1126 Auerrtino
811 1088 903 1126 moute
913 1076 1007 1126 anime
1020 1074 1086 1126 elisu
1097 1077 1243 1144 interemit,

197 1155 238 1209 rel
249 1157 367 1228 Libycus,
379 1157 441 1227 quia
452 1155 490 1208 its
501 1156 621 1206 Anticum
633 1155 660 1206 in
672 1154 764 1226 libya.
776 1155 810 1206 Et
821 1171 885 1206 sene
898 1157 935 1206 its
947 1166 1001 1219 est,
1015 1167 1042 1206 et
1054 1155 1202 1226 proprietas
1215 1155 1242 1205 in

98 1280 100 1287 .
197 1239 296 1304 utrovis
306 1253 397 1307 eque:
413 1234 460 1288 sed
472 1234 579 1287 solitum
590 1234 643 1286 hoo
654 1236 815 1307 poetis,qui
826 1237 969 1304 sepissime
979 1247 1117 1288 arcessunt
1127 1233 1244 1306 epitheto
1273 1228 1277 1240 '

197 1335 304 1372 secuse
318 1319 468 1379 remotiori;
483 1316 580 1370 deinde
591 1318 627 1368 itu
640 1319 781 1384 arcessite,
794 1318 942 1370 interventu
958 1315 1038 1370 medii
1050 1317 1163 1389 alicujus
1177 1335 1243 1369 cou-

192 1403 310 1470 junqnnt
322 1417 382 1452 cum
395 1417 423 1453 re
433 1397 467 1450 dc
479 1417 533 1470 qus
545 1399 708 1470 loquuntur,
725 1401 799 1471 qussi
814 1401 934 1470 proxime
946 1412 1034 1451 esseut
1045 1412 1073 1451 et
1083 1399 1181 1450 native.
1199 1399 1244 1450 ln-

195 1497 306 1531 nttmeru
316 1478 396 1548 hujus
405 1478 443 1530 rei
452 1478 574 1550 exemplu
584 1491 646 1530 sunt
656 1499 664 1540 ;
675 1495 759 1530 uuum
772 1491 874 1531 tontum
887 1477 959 1531 dubo
969 1497 1001 1530 ex
1012 1479 1125 1544 Nostro,
1137 1478 1197 1532 silv.
1209 1479 1243 1544 V,

197 1557 334 1630 3Epioed.
347 1560 417 1611 Patr.
432 1576 470 1610 vs.
487 1558 552 1626 225,

381 1645 426 1691 liei
436 1641 505 1702 mibi,
516 1643 580 1708 quod
589 1656 677 1691 tuntum
687 1645 772 1708 patries
782 1659 826 1708 eqo
834 1645 921 1692 vertice
931 1643 1026 1692 lroudes

383 1715 482 1778 Solaque
492 1714 628 1762 Chalcidice
638 1715 740 1764 Cerealia
749 1715 811 1762 dona
820 1731 913 1763 corona

381 1789 414 1832 Te
425 1786 468 1832 sub
477 1798 535 1833 teste
545 1785 601 1832 tuli!

195 1885 289 1920 corona
302 1865 451 1920 Chalcidica
466 1879 505 1919 est
517 1864 712 1939 Neapolitana,
725 1865 776 1918 hoc
788 1865 868 1919 modo
880 1889 887 1917 =
901 1867 1027 1940 Neapolis
1037 1867 1144 1919 condite
1156 1880 1214 1920 erat
1227 1888 1243 1921 a

197 1944 332 2011 Cremonis,
342 1958 371 1996 ut
380 1945 460 1996 refert
470 1945 587 1999 Velleius
597 1945 765 2010 paterculus,
776 1946 802 2014 l,
813 1946 846 2013 43
859 1947 970 1999 Cumani
978 1965 1041 1998 vero
1052 1944 1159 1999 colonia
1169 1960 1243 1999 erunt

197 2025 406 2080 Chalcidensium
417 2028 444 2077 in
456 2025 556 2080 Euboets
566 2048 573 2089 ;
585 2045 648 2099 erqo
662 2026 812 2080 Chalcidica
823 2045 873 2098 pro
884 2026 1071 2099 Neapolitana.
1088 2025 1154 2077 Vide
1164 2025 1242 2098 plura

195 2105 269 2177 spud
280 2105 474 2159 Bruulrhusiutu
485 2105 519 2159 sd
532 2109 652 2180 Propert.
664 2109 714 2176 nt,
726 2106 759 2160 el.
774 2123 820 2174 tt,
831 2125 869 2158 rs.
880 2106 906 2158 6.
920 2106 962 2159 Sic
975 2109 1001 2158 in
1013 2105 1065 2158 hoo
1077 2107 1152 2159 Statii
1164 2105 1241 2172 loco,

196 2185 328 2242 cteonnus
340 2205 415 2240 arcus
426 2201 466 2240 est
477 2188 631 2260 simplicitet·
642 2187 799 2256 Herculeus,
812 2185 864 2240 boc
876 2188 956 2240 ruodo
973 2209 979 2239 t
995 2185 1123 2240 Hercules
1140 2185 1242 2240 Cleonis

194 2267 298 2321 leonem
311 2268 425 2335 occidit,
438 2281 463 2321 et
474 2267 537 2321 inde
546 2271 635 2322 vocari
645 2271 740 2322 meruit
751 2268 897 2330 Cleonoeuu
912 2285 975 2339 erqo
988 2266 1118 2342 quidquid
1130 2265 1164 2319 sd
1175 2268 1241 2320 ller-

194 2348 281 2402 ostlem
295 2351 408 2421 pertinet
421 2351 471 2402 ett't
485 2348 631 2403 Cleonoeurn
639 2389 648 2416 ‚
663 2350 697 2402 ab
711 2349 764 2403 hoc
777 2349 871 2402 illustri
882 2351 1018 2412 fucinum
1032 2366 1094 2420 erqo
1106 2365 1189 2400 crocu.
1200 2349 1240 2399 lte

193 2427 292 2501 Apollo
311 2443 422 2483 vocatur
436 2430 621 2504 Amphrysiuss
640 2449 702 2502 ergo
717 2430 847 2503 quidquid
861 2429 895 2482 od
908 2429 1058 2502 Apollinem
1072 2429 1187 2499 pertinet
1200 2440 1241 2479 est

193 2508 397 2582 Amphryriurn3
417 2525 480 2580 erqo
495 2523 564 2564 uates
576 2510 752 2582 Amphrysia,
771 2508 929 2582 Apollineo,
945 2510 1017 2580 Virg.
1030 2509 1088 2560 AEn.
1103 2509 1152 2572 Vl,
1171 2506 1239 2575 398,

195 2586 228 2640 de
239 2587 343 2658 Sttytta
356 2589 468 2641 Cuntoeo.
483 2591 516 2642 Et
531 2592 559 2642 in
577 2589 618 2642 hit
638 2590 716 2642 rebus
734 2589 768 2642 sd
781 2591 916 2641 veritatem
930 2587 1004 2640 nullo
1017 2587 1070 2640 elio
1084 2587 1166 2639 modo
1179 2603 1238 2658 per-

194 2670 282 2719 renire
298 2683 441 2738 possumus
460 2685 540 2738 Qum
560 2668 611 2720 hcc
631 2669 810 2728 resolutioue;
829 2667 875 2720 sed
888 2685 951 2720 care
970 2667 1004 2720 ub
1023 2667 1122 2741 snslysi
1135 2667 1239 2719 Grono-

194 2743 288 2812 risns,
302 2743 336 2795 de
350 2761 404 2815 que
416 2747 508 2797 monui
522 2745 556 2798 od
568 2747 652 2816 Lycio.
669 2745 702 2798 sd
718 2745 789 2816 Sept.
803 2745 890 2798 Sem.
905 2761 929 2796 v.
944 2763 985 2798 22.

230 2887 273 2954 54.
303 2887 474 2958 Quantasque
492 2886 639 2958 niqrcntettt
658 2887 790 2940 fluctibus
810 2886 938 2953 occiduis,
953 2887 1073 2961 fessoque
1090 2887 1240 2960 Hyperione

196 2967 307 3020 Tltulcn.
320 2968 382 3020 Non
392 2967 463 3019 litem
475 2985 568 3020 moveo
578 2965 611 3020 de
621 2969 767 3039 quantitate
779 2969 868 3039 primre
878 2966 984 3038 syllabus
996 2969 1023 3019 iu
1033 2969 1067 3036 σᾷ
1080 2970 1238 3044 uiprantem,

195 3066 276 3120 quunt
289 3064 347 3099 eum
361 3047 519 3119 corripuerit
532 3046 670 3117 Virgilius,
683 3046 744 3098 AEn.
755 3048 829 3114 Vlll,
843 3043 911 3114 353,
929 3070 940 3095 ι
951 3065 1033 3120 quum
1046 3067 1115 3120 supe
1129 3049 1238 3119 nigran-

194 3141 247 3180 tem
263 3127 358 3201 AEqidu
374 3140 527 3180 concuteret
541 3126 633 3179 dextra
641 3166 651 3194 ,
665 3126 823 3200 nimbosque
839 3130 957 3194 cieret,·
974 3143 1001 3182 et
1013 3128 1066 3180 slii.
1081 3119 1238 3202 Niqranlens

194 3207 434 3286 quoquefluctibus
445 3207 566 3274 occiduis,
580 3221 610 3260 ut
621 3205 750 3260 Thebaid.
763 3207 791 3272 1,
802 3205 871 3274 686,
886 3207 1014 3279 :Quique
1027 3207 1095 3261 bibit
1109 3209 1238 3280 Gangen,

194 3301 240 3339 aut
253 3289 356 3360 nigrum
371 3284 509 3338 oeensibus
523 3289 602 3339 intret
612 3287 785 3350 Oceanum·
800 3284 890 3355 idest,
901 3306 1027 3341 oceanum
1037 3287 1237 3354 occidentalem

194 3365 239 3419 sed
251 3367 405 3440 scrupulum
417 3367 539 3437 injiciunt
547 3367 631 3419 Psrm.
642 3369 710 3420 Ven.
723 3378 750 3419 et
760 3365 837 3419 Rom.
848 3385 960 3440 quarum
972 3367 1022 3421 illte
1031 3367 1132 3422 babent
1142 3389 1238 3445 nepen-

194 3459 260 3514 tem,
279 3447 334 3500 luco
353 3461 496 3502 notantem.
519 3448 649 3501 Videntur
665 3448 796 3514 voluisse,
817 3459 951 3503 uocantem
969 3449 1100 3506 Fluctibus
1117 3451 1236 3506 occiduis.

192 3525 422 3601 Elegantissimum
436 3527 505 3592 hoc;
522 3531 661 3596 Lucanus,
676 3529 727 3594 lX,
742 3529 811 3600 690,
830 3531 926 3603 tltque
941 3548 1021 3604 tttper
1034 3531 1149 3605 Libyen,
1164 3552 1238 3605 quse,

193 3607 268 3658 nullo
282 3609 384 3659 consita
398 3607 472 3659 cultu
488 3607 622 3662 Sideribus
636 3607 791 3682 Phoeboque
808 3623 921 3676 vacet3·
938 3611 965 3665 id
982 3625 1036 3680 est,
1051 3625 1237 3683 occupaturos

194 3699 337 3760 usurpetur
347 3703 362 3739 tt
373 3686 448 3740 nulls
460 3687 513 3741 eliu
524 3707 552 3742 re
564 3707 644 3762 quatu
657 3689 786 3743 siden'bus
798 3703 824 3745 et
835 3691 908 3760 sole,
917 3707 948 3746 ut
959 3691 1003 3745 hie
1014 3692 1101 3745 Thule
1109 3693 1236 3768 fluctibus.

194 3763 244 3817 Sed
254 3765 314 3817 ride
327 3784 407 3836 porro
420 3787 426 3818 s
443 3768 465 3818 si
476 3769 545 3820 enim
558 3771 672 3822 seduces
684 3767 847 3842 niqruntern,
860 3771 924 3846 quid
934 3771 1012 3826 iacies
1023 3776 1079 3826 istis
1087 3772 1157 3844 sesso
1168 3770 1240 3824 rotet

194 3845 293 3916 quippe
302 3843 388 3898 'l'bule
397 3848 438 3898 six
447 3845 500 3900 dici
511 3861 601 3921 potest
612 3851 715 3924 niqture
725 3850 793 3918 sole,
809 3869 890 3924 quoru
903 3855 1041 3906 minimum
1053 3851 1155 3906 ardoris
1164 3848 1238 3902 sols-

194 3925 228 3975 ris
241 3921 354 3986 behem
368 3927 471 4000 niqcure
480 3930 550 3980 enim
559 3927 698 3997 fflcuutur,
710 3931 756 4001 qui
768 3931 879 3984 nimium
891 3933 990 4001 solem,
1001 3951 1057 3986 uun
1068 3933 1113 4005 qui
1125 3947 1236 4004 pmum

194 4017 240 4056 sut
252 4003 355 4058 nudum
367 4006 475 4060 hubent.
491 4009 536 4062 stt.
547 4011 668 4078 Italicus,
681 4010 732 4077 IX,
749 4011 815 4080 224,
