2782 4486
157 340 221 404 70⁰
331 315 467 381 NOTAE
491 317 539 380 IN
564 317 760 380 CARMEN
786 317 1019 400 QUINTUM

154 459 214 512 arga
227 458 340 511 puerum
354 462 360 493 ι
375 440 522 493 Monstravi
535 439 589 504 illi,
608 441 709 510 inquit,
728 438 808 492 verba
826 457 975 510 sonosque;
995 454 1022 492 ct
1041 439 1131 494 resolui
1153 461 1207 495 seu

151 520 280 592 explicavi
293 533 401 591 questus
415 521 488 589 ejus,
503 537 569 590 quos
586 537 635 590 ego
653 519 725 572 solus
735 518 860 572 intellexi.
873 521 1001 587 Quaenam
1011 539 1073 572 vero
1090 521 1209 574 uulnera

152 618 218 652 coeca
230 617 288 671 qnae
299 600 407 652 resolvit
417 601 533 652 Noster?
543 599 638 652 Facilis
646 602 702 669 jam
714 599 876 664 emendatio,
887 613 1016 671 percepto
1026 617 1117 667 senm,

619 739 624 749 .
635 739 640 750 .
651 739 657 750 .
668 706 719 750 .cui
730 705 801 754 verbs
810 719 928 766 sonosque

336 777 478 832 Monstravi,
489 788 631 839 questusque
641 787 664 822 et
672 791 791 822 murmura
801 791 860 821 ctera
869 775 1002 831 resolvens5

337 847 520 910 Peptantemquc
530 846 578 894 solo
588 847 699 894 demissus
709 848 740 894 ad
749 846 828 894 oscrrla
836 845 914 894 dextra

338 919 414 964 Erexi.

153 1014 293 1066 Mannum
303 1034 388 1068 coeca:
403 1030 546 1090 antequam
555 1017 629 1090 loqui
638 1030 757 1088 poterat,
768 1031 794 1070 et
806 1035 886 1072 sonos
898 1017 1052 1071 articulatos
1064 1019 1202 1090 prolerre,

154 1111 202 1164 ego
222 1107 330 1166 questus
348 1097 405 1167 ejus
419 1109 445 1149 et
463 1095 576 1168 ejulatus
594 1095 725 1164 intellexi,
746 1109 772 1149 et
790 1097 847 1150 aliis
861 1097 996 1169 explicavi.
1012 1095 1144 1150 nesotom
1157 1113 1202 1150 est

153 1173 292 1244 explicare,
308 1179 422 1248 ceperim
437 1176 577 1248 Virgilius,
596 1176 697 1228 AEneid.
711 1178 760 1238 Vl,
780 1195 825 1247 29,
842 1179 920 1249 «ipse
936 1175 1013 1229 dolos
1030 1179 1095 1228 tecti
1111 1177 1200 1229 amba·

152 1271 249 1324 pesque
267 1255 387 1322 resolvit,
400 1259 473 1310 Gaea
490 1275 583 1328 regens
600 1256 645 1308 filo
662 1258 786 1327 vestigia3
796 1281 808 1304 ι
831 1276 911 1328 quem
926 1256 1087 1310 locnnnuou
1104 1257 1198 1311 dubito

154 1335 216 1404 quin
231 1335 327 1387 Statius
340 1339 366 1388 in
378 1340 467 1389 animo
479 1335 617 1403 habuerit,
634 1351 660 1388 et
677 1337 756 1389 alium
773 1337 876 1389 AEneid.
890 1339 929 1404 X,
941 1355 991 1409 97¹,
1004 1355 1075 1390 «ceu
1090 1337 1199 1391 flamina

153 1415 238 1486 prima
249 1416 339 1481 Quum
352 1415 478 1488 depressa
492 1429 601 1488 gemunt
613 1417 699 1484 silvis,
713 1429 739 1469 et
753 1435 822 1470 caca
833 1415 954 1470 volutant
969 1419 1145 1480 numum·
1162 1419 1198 1470 ita

154 1493 294 1563 legendum
305 1513 361 1548 esse
371 1495 434 1549 alibi
444 1499 552 1562 monui,
564 1515 613 1569 pro
622 1497 876 1570 deprenrnfrcmnnt.
886 1498 968 1550 Recte
977 1515 1041 1551 vero
1051 1515 1198 1550 munsture.-

154 1573 237 1626 Theb.
252 1578 290 1642 V,
304 1576 369 1642 613,

340 1666 405 1712 Heu!
415 1665 455 1710 ubi
464 1666 550 1712 siderei
559 1664 655 1712 tultus?
664 1665 705 1711 ubi
714 1665 784 1711 verba
792 1665 868 1727 tipus

339 1736 475 1798 bnpcrlctta
485 1737 565 1783 souis?
573 1737 680 1797 risusque
688 1744 713 1780 et
721 1749 837 1780 murmura
847 1732 889 1781 soli

339 1805 457 1853 Intellecta
466 1805 540 1853 mibi?

156 1900 202 1970 qui
215 1895 289 1954 loccis
301 1901 372 1956 hunc
384 1907 486 1976 egregie
499 1905 627 1970 illustrat;
639 1905 748 1958 Glaucia
761 1903 863 1956 Melior.
876 1921 914 1954 vs.
930 1903 995 1969 rod,

295 2061 300 2068 Ι
339 2011 375 2054 Tu
384 2022 461 2055 tamen
470 2024 494 2057 et
502 1989 576 2057 notas
585 2011 654 2057 etism
664 2022 713 2056 tum
722 2011 747 2055 in
757 2024 874 2055 mmmura
883 2023 965 2063 voces,

341 2082 497 2146 Vagitumque
506 2083 601 2140 rudem,
612 2081 739 2145 fletumque
748 2081 842 2127 infantis
850 2081 951 2127 amabas.

154 2174 229 2226 Clare
242 2177 380 2230 confirmat
390 2180 459 2232 hanc
471 2183 682 2235 emendationem
694 2182 845 2249 Ausonius,
857 2182 1035 2251 Protreptico,
1047 2199 1084 2232 vs.
1096 2181 1144 2249 67,

511 2320 516 2330 .
528 2320 532 2330 .
544 2319 550 2332 .
561 2284 662 2332 ‚Multos
671 2285 809 2332 lactantibus
817 2287 883 2332 annis

338 2357 392 2417 lpse
401 2355 460 2412 alui;
469 2357 604 2420 gremioque
614 2357 709 2411 fovens,
721 2369 745 2403 et
753 2373 872 2403 murmura
882 2357 987 2411 solvens.

340 2429 420 2492 Eripui
428 2441 533 2476 tenerum
543 2429 635 2477 blendia
644 2429 773 2476 nutricibus
782 2444 870 2476 renum:

155 2522 243 2593 palam
257 2526 373 2577 imitatur
386 2525 458 2578 hunc
472 2527 547 2580 Statii
559 2527 665 2593 locum,
677 2523 902 2598 quemadmodum
918 2542 987 2594 saepe
1000 2521 1059 2574 alibi
1072 2521 1152 2582 luein
1171 2535 1198 2572 et

156 2600 218 2652 hinc
232 2604 308 2655 etiam
325 2603 591 2679 stabiliturpremiunt
608 2624 658 2677 pro
672 2607 809 2680 qemitum.
830 2601 972 2668 Panlinns‚
991 2601 1036 2654 lib.
1051 2599 1084 2652 de
1102 2601 1200 2652 Sancto

156 2683 259 2733 Joannc
271 2685 345 2754 Bapt.
359 2704 396 2737 vs.
408 2704 473 2756 207,
485 2684 519 2738 de
531 2686 627 2757 puerili
638 2699 713 2738 atate
725 2675 854 2756 loquens,
869 2681 1025 2734 «Blanditiae
1038 2685 1157 2752 risusque
1170 2681 1202 2731 si·

156 2759 226 2828 lent,
244 2764 397 2837 incertaque
413 2781 519 2818 cessant
534 2765 669 2818 Murmura
680 2787 708 2827 μ
724 2765 885 2828 Eumenius,
903 2764 976 2816 Grat.
995 2763 1052 2813 Act.
1069 2761 1203 2814 Constan-

157 2841 229 2906 tino‚
244 2859 267 2894 c.
283 2845 323 2910 X,
340 2845 412 2897 -Diu
422 2847 524 2899 venturi
537 2845 652 2897 huminis
664 2856 756 2914 partus
769 2855 889 2914 optatum
901 2841 947 2892 din
961 2841 1062 2913 oeqiuss
1076 2838 1205 2892 inconditi

157 2917 305 2974 locuturam
320 2922 448 2977 differunt
462 2943 553 2977 vocem
563 2947 592 2988 ς»
609 2926 718 2989 Noster,
731 2923 816 2975 Theb.
829 2925 879 2986 vt,
897 2922 961 2986 164,

342 3025 382 3072 llla
392 3039 444 3074 tuos
453 3039 561 3090 questus,
572 3026 750 3090 lacrimososque
759 3029 829 3089 impia
839 3029 898 3072 risus

343 3097 432 3152 Audiit,
443 3111 466 3145 ct
475 3099 537 3144 vocis
546 3097 663 3160 decerpsit
672 3114 790 3144 murmura
800 3099 888 3160 ptime.
900 3127 904 3136 .

158 3190 257 3243 Crebro
269 3207 465 3246 commutantur
476 3194 514 3246 ha
524 3214 602 3247 voces
613 3215 628 3247 a
639 3194 760 3247 librariis.
776 3197 813 3245 lta
825 3192 910 3246 Theb.
923 3195 964 3259 X,
976 3192 1043 3261 440,
1056 3211 1106 3262 pro
1118 3211 1205 3265 rupre-

159 3289 252 3343 maque
264 3289 397 3326 mannum
408 3273 525 3340 volvens,
540 3273 631 3326 Codex
647 3274 775 3325 Patrensis
793 3271 873 3324 habet
890 3271 1006 3325 onlnem.
1020 3273 1053 3324 Et
1065 3271 1128 3323 alibi
1142 3291 1206 3343 pas·

160 3369 209 3401 sua
221 3369 348 3406 mvenrea.

195 3527 238 3594 84.
256 3527 410 3604 Blandaque
426 3534 485 3584 sinu
495 3539 663 3610 jamjamque
677 3544 794 3586 nauum
812 3534 937 3584 Exeruere
954 3549 1049 3604 penas,
1068 3530 1207 3604 dulcesque

159 3624 283 3661 accersere
295 3629 404 3665 somnos.
420 3616 449 3664 lu
463 3615 597 3668 Parmensi
612 3627 638 3666 et
651 3617 771 3666 Romana
784 3611 943 3666 editionibus
955 3614 991 3664 ita
1002 3613 1152 3682 concipitur
1162 3609 1206 3663 bie

160 3683 235 3740 locus
258 3686 428 3744 difficillimus
448 3713 453 3743 :
481 3692 655 3766 «blandoque
674 3696 747 3745 sinus
762 3695 924 3763 jamjamque
941 3694 1054 3743 nitentes
1071 3693 1207 3759 Excepere

160 3786 256 3838 genas,
268 3784 318 3822 etc.
328 3795 339 3817 ι
358 3776 422 3825 Veu.
436 3792 542 3844 quoquc
554 3775 635 3839 sinus,
652 3786 678 3826 et
695 3776 825 3846 Excepere
831 3795 841 3835 ‚·
859 3771 906 3824 sed
923 3772 998 3824 deest
1013 3791 1062 3824 vox
1081 3771 1206 3832 nitentem

160 3865 272 3919 proque
284 3853 358 3902 Rom.
374 3850 452 3903 babet
468 3853 579 3906 uitantes
585 3891 594 3920 ‚
607 3852 682 3924 quod
693 3856 729 3905 ita
741 3853 855 3925 explicat
865 3854 996 3904 Domitius
1012 3875 1017 3903 :
1040 3874 1052 3898 ι
1063 3851 1156 3902 tricare
1168 3863 1209 3902 est

161 3926 240 3978 oculo
250 3943 276 3982 ct
286 3931 396 3983 aliorum
408 3931 587 3984 membrorum
601 3933 659 3986 nisu
672 3935 762 3986 conari
772 3955 778 3996 ;
789 3931 859 3984 unda
871 3933 954 3986 nictus
966 3931 1070 3986 dicitur.
1081 3931 1208 4001 Papinius

162 4009 272 4061 nitentes
289 4010 351 4064 dixit
369 4013 450 4084 prium
468 4012 575 4082 quidem
593 4012 671 4066 brevi,
689 4015 765 4066 Sinus
781 4011 898 4084 (inquit)
917 4031 990 4065 meus
1010 4013 1109 4082 excepit
1126 4029 1209 4081 genas
