<?xml version="1.0" encoding="UTF-8"?>
<!DOCTYPE html PUBLIC "-//W3C//DTD XHTML 1.0 Transitional//EN"
    "http://www.w3.org/TR/xhtml1/DTD/xhtml1-transitional.dtd">
<html xmlns="http://www.w3.org/1999/xhtml" xml:lang="en" lang="en">
 <head>
  <title>
</title>
<meta http-equiv="Content-Type" content="text/html;charset=utf-8" />
  <meta name='ocr-system' content='tesseract 3.04.00' />
  <meta name='ocr-capabilities' content='ocr_page ocr_carea ocr_par ocr_line ocrx_word'/>
</head>
<body>
  <div class='ocr_page' id='page_1' title='image "./quexstantomniao03lemagoog_0413.png"; bbox 0 0 2824 4488; ppageno 0'>
   <div class='ocr_carea' id='block_1_1' title="bbox 380 326 1196 432">
    <p class='ocr_par' dir='ltr' id='par_1_1' title="bbox 380 326 1196 432">
     <span class='ocr_line' id='line_1_1' title="bbox 380 326 1196 432; baseline 0.002 -40"><span class='ocrx_word' id='word_1_1' title='bbox 380 326 510 392; x_wconf 82' lang='lat' dir='ltr'><strong>LIBRI</strong></span> <span class='ocrx_word' id='word_1_2' title='bbox 534 327 704 391; x_wconf 88' lang='lat' dir='ltr'><strong>TERTll</strong></span> <span class='ocrx_word' id='word_1_3' title='bbox 728 328 979 432; x_wconf 68' lang='lat' dir='ltr'><strong>SILVrlRUM.</strong></span> <span class='ocrx_word' id='word_1_4' title='bbox 1132 331 1196 420; x_wconf 81' lang='lat'><strong>377</strong></span> 
     </span>
    </p>
   </div>
   <div class='ocr_carea' id='block_1_2' title="bbox 160 449 1200 1157">
    <p class='ocr_par' dir='ltr' id='par_1_2' title="bbox 160 449 1200 1157">
     <span class='ocr_line' id='line_1_2' title="bbox 161 449 1199 522; baseline -0.003 -15"><span class='ocrx_word' id='word_1_5' title='bbox 161 455 253 507; x_wconf 85' lang='lat' dir='ltr'><strong>rnortis</strong></span> <span class='ocrx_word' id='word_1_6' title='bbox 266 449 405 504; x_wconf 77' lang='lat' dir='ltr'><strong>addiderit</strong></span> <span class='ocrx_word' id='word_1_7' title='bbox 416 452 522 522; x_wconf 82' lang='lat' dir='ltr'><strong>juveni,</strong></span> <span class='ocrx_word' id='word_1_8' title='bbox 539 461 614 502; x_wconf 79' lang='lat' dir='ltr'><strong>etc·</strong></span> <span class='ocrx_word' id='word_1_9' title='bbox 630 450 690 504; x_wconf 85' lang='lat' dir='ltr'><strong>silv.</strong></span> <span class='ocrx_word' id='word_1_10' title='bbox 706 452 750 516; x_wconf 81' lang='grc' dir='ltr'><strong>Ν,</strong></span> <span class='ocrx_word' id='word_1_11' title='bbox 765 469 795 520; x_wconf 82' lang='lat'><strong>7:</strong></span> <span class='ocrx_word' id='word_1_12' title='bbox 813 453 928 503; x_wconf 78' lang='lat' dir='ltr'><strong>«Tentat</strong></span> <span class='ocrx_word' id='word_1_13' title='bbox 946 450 1041 503; x_wconf 86' lang='lat' dir='ltr'><strong>audaci</strong></span> <span class='ocrx_word' id='word_1_14' title='bbox 1058 449 1109 504; x_wconf 86' lang='lat' dir='ltr'><strong>lide</strong></span> <span class='ocrx_word' id='word_1_15' title='bbox 1124 453 1199 504; x_wconf 83' lang='lat' dir='ltr'><strong>Man·</strong></span> 
     </span>
     <span class='ocr_line' id='line_1_3' title="bbox 162 529 1198 602; baseline -0.003 -16"><span class='ocrx_word' id='word_1_16' title='bbox 162 549 248 587; x_wconf 79' lang='lat' dir='ltr'><strong>tuane</strong></span> <span class='ocrx_word' id='word_1_17' title='bbox 256 530 359 584; x_wconf 88' lang='lat' dir='ltr'><strong>Gaudia</strong></span> <span class='ocrx_word' id='word_1_18' title='bbox 368 531 459 590; x_wconf 77' lang='lat' dir='ltr'><strong>iamae3</strong></span> <span class='ocrx_word' id='word_1_19' title='bbox 470 553 481 575; x_wconf 74' lang='lat' dir='ltr'><em>n</em></span> <span class='ocrx_word' id='word_1_20' title='bbox 496 543 522 581; x_wconf 90' lang='lat' dir='ltr'><strong>et</strong></span> <span class='ocrx_word' id='word_1_21' title='bbox 531 547 610 581; x_wconf 86' lang='lat' dir='ltr'><strong>carm.</strong></span> <span class='ocrx_word' id='word_1_22' title='bbox 620 532 655 581; x_wconf 90' lang='lat' dir='ltr'><strong>lv</strong></span> <span class='ocrx_word' id='word_1_23' title='bbox 668 529 751 601; x_wconf 81' lang='lat' dir='ltr'>ejusd.</span> <span class='ocrx_word' id='word_1_24' title='bbox 763 529 807 582; x_wconf 91' lang='lat' dir='ltr'><strong>lib.</strong></span> <span class='ocrx_word' id='word_1_25' title='bbox 823 543 1005 602; x_wconf 76' lang='lat' dir='ltr'><strong>«ventosaque</strong></span> <span class='ocrx_word' id='word_1_26' title='bbox 1016 530 1114 602; x_wconf 84' lang='lat' dir='ltr'><strong>gaudia</strong></span> <span class='ocrx_word' id='word_1_27' title='bbox 1124 533 1198 583; x_wconf 78' lang='lat' dir='ltr'><strong>famu</strong></span> 
     </span>
     <span class='ocr_line' id='line_1_4' title="bbox 161 609 1198 684; baseline 0.001 -20"><span class='ocrx_word' id='word_1_28' title='bbox 161 616 314 684; x_wconf 79' lang='lat' dir='ltr'><strong>Quaerimus.</strong></span> <span class='ocrx_word' id='word_1_29' title='bbox 326 634 337 658; x_wconf 79' lang='grc' dir='ltr'>ι</span> <span class='ocrx_word' id='word_1_30' title='bbox 352 611 472 662; x_wconf 84' lang='lat' dir='ltr'><strong>Fuscaret</strong></span> <span class='ocrx_word' id='word_1_31' title='bbox 481 611 577 682; x_wconf 70' lang='lat' dir='ltr'><strong>gaudia</strong></span> <span class='ocrx_word' id='word_1_32' title='bbox 588 632 596 660; x_wconf 92' lang='lat'><strong>.·</strong></span> <span class='ocrx_word' id='word_1_33' title='bbox 608 609 754 682; x_wconf 75' lang='lat' dir='ltr'><strong>Symmach-</strong></span> <span class='ocrx_word' id='word_1_34' title='bbox 769 611 852 681; x_wconf 84' lang='lat' dir='ltr'><strong>Epiat.</strong></span> <span class='ocrx_word' id='word_1_35' title='bbox 866 610 935 663; x_wconf 86' lang='lat' dir='ltr'><strong>edita</strong></span> <span class='ocrx_word' id='word_1_36' title='bbox 952 629 967 662; x_wconf 86' lang='lat' dir='ltr'><strong>a</strong></span> <span class='ocrx_word' id='word_1_37' title='bbox 981 611 1048 664; x_wconf 85' lang='lat' dir='ltr'><strong>Lud.</strong></span> <span class='ocrx_word' id='word_1_38' title='bbox 1059 611 1198 679; x_wconf 87' lang='lat' dir='ltr'><strong>Canione,</strong></span> 
     </span>
     <span class='ocr_line' id='line_1_5' title="bbox 161 690 1200 763; baseline -0.005 -14"><span class='ocrx_word' id='word_1_39' title='bbox 161 692 301 748; x_wconf 75' lang='lat' dir='ltr'><strong>Emendat.</strong></span> <span class='ocrx_word' id='word_1_40' title='bbox 316 690 362 742; x_wconf 90' lang='lat' dir='ltr'><strong>lib.</strong></span> <span class='ocrx_word' id='word_1_41' title='bbox 378 694 405 757; x_wconf 90' lang='lat' dir='ltr'><strong>l,</strong></span> <span class='ocrx_word' id='word_1_42' title='bbox 417 709 476 761; x_wconf 90' lang='lat' dir='ltr'><strong>cap.</strong></span> <span class='ocrx_word' id='word_1_43' title='bbox 495 707 539 742; x_wconf 84' lang='lat' dir='ltr'><strong>rr:</strong></span> <span class='ocrx_word' id='word_1_44' title='bbox 557 693 645 744; x_wconf 71' lang='lat' dir='ltr'><strong>ellaiia</strong></span> <span class='ocrx_word' id='word_1_45' title='bbox 659 704 775 744; x_wconf 79' lang='lat' dir='ltr'><strong>remotus</strong></span> <span class='ocrx_word' id='word_1_46' title='bbox 789 690 823 742; x_wconf 87' lang='lat' dir='ltr'><strong>ab</strong></span> <span class='ocrx_word' id='word_1_47' title='bbox 838 691 941 744; x_wconf 88' lang='lat' dir='ltr'><strong>arbitris</strong></span> <span class='ocrx_word' id='word_1_48' title='bbox 952 692 1062 744; x_wconf 84' lang='lat' dir='ltr'><strong>otiabar.</strong></span> <span class='ocrx_word' id='word_1_49' title='bbox 1075 693 1113 743; x_wconf 83' lang='lat' dir='ltr'><strong>Eo</strong></span> <span class='ocrx_word' id='word_1_50' title='bbox 1124 706 1200 763; x_wconf 84' lang='lat' dir='ltr'><strong>post-</strong></span> 
     </span>
     <span class='ocr_line' id='line_1_6' title="bbox 162 768 1199 848; baseline -0.002 -24"><span class='ocrx_word' id='word_1_51' title='bbox 162 793 240 848; x_wconf 80' lang='lat' dir='ltr'><strong>qaam</strong></span> <span class='ocrx_word' id='word_1_52' title='bbox 254 789 345 824; x_wconf 88' lang='lat' dir='ltr'><strong>rumor</strong></span> <span class='ocrx_word' id='word_1_53' title='bbox 359 768 453 822; x_wconf 77' lang='lat' dir='ltr'><strong>allatus</strong></span> <span class='ocrx_word' id='word_1_54' title='bbox 465 782 504 822; x_wconf 81' lang='lat' dir='ltr'><strong>est</strong></span> <span class='ocrx_word' id='word_1_55' title='bbox 517 781 591 822; x_wconf 82' lang='lat' dir='ltr'><strong>terre</strong></span> <span class='ocrx_word' id='word_1_56' title='bbox 604 770 673 824; x_wconf 83' lang='lat' dir='ltr'><strong>lilios</strong></span> <span class='ocrx_word' id='word_1_57' title='bbox 686 772 845 836; x_wconf 85' lang='lat' dir='ltr'><strong>convenire,</strong></span> <span class='ocrx_word' id='word_1_58' title='bbox 860 768 961 842; x_wconf 90' lang='lat' dir='ltr'><strong>oppido</strong></span> <span class='ocrx_word' id='word_1_59' title='bbox 973 788 1095 823; x_wconf 81' lang='lat' dir='ltr'><strong>caremus</strong></span> <span class='ocrx_word' id='word_1_60' title='bbox 1108 789 1141 823; x_wconf 91' lang='lat' dir='ltr'><strong>ne</strong></span> <span class='ocrx_word' id='word_1_61' title='bbox 1156 789 1199 823; x_wconf 90' lang='lat' dir='ltr'><strong>so-</strong></span> 
     </span>
     <span class='ocr_line' id='line_1_7' title="bbox 161 849 1198 922; baseline -0.003 -16"><span class='ocrx_word' id='word_1_62' title='bbox 161 853 245 906; x_wconf 88' lang='lat' dir='ltr'><strong>briam</strong></span> <span class='ocrx_word' id='word_1_63' title='bbox 258 849 426 904; x_wconf 79' lang='lat' dir='ltr'><strong>solitudinem</strong></span> <span class='ocrx_word' id='word_1_64' title='bbox 440 861 558 902; x_wconf 84' lang='lat' dir='ltr'><strong>nostram</strong></span> <span class='ocrx_word' id='word_1_65' title='bbox 577 849 667 903; x_wconf 88' lang='lat' dir='ltr'><strong>solitas</strong></span> <span class='ocrx_word' id='word_1_66' title='bbox 683 850 789 922; x_wconf 86' lang='lat' dir='ltr'><strong>plebeia</strong></span> <span class='ocrx_word' id='word_1_67' title='bbox 803 850 955 914; x_wconf 58' lang='lat' dir='ltr'><strong>fuscaren-</strong></span> <span class='ocrx_word' id='word_1_68' title='bbox 974 849 1021 901; x_wconf 88' lang='lat' dir='ltr'><strong>uhi</strong></span> <span class='ocrx_word' id='word_1_69' title='bbox 1032 867 1080 920; x_wconf 87' lang='lat' dir='ltr'><strong>pro</strong></span> <span class='ocrx_word' id='word_1_70' title='bbox 1093 849 1198 917; x_wconf 80' lang='lat' dir='ltr'><strong>solitas,</strong></span> 
     </span>
     <span class='ocr_line' id='line_1_8' title="bbox 161 926 1199 1000; baseline -0.005 -15"><span class='ocrx_word' id='word_1_71' title='bbox 161 933 253 986; x_wconf 86' lang='lat' dir='ltr'><strong>Carrio</strong></span> <span class='ocrx_word' id='word_1_72' title='bbox 263 931 370 1000; x_wconf 84' lang='lat' dir='ltr'><strong>conjicit</strong></span> <span class='ocrx_word' id='word_1_73' title='bbox 378 929 494 994; x_wconf 64' lang='lat' dir='ltr'><strong>chum,</strong></span> <span class='ocrx_word' id='word_1_74' title='bbox 502 927 579 998; x_wconf 88' lang='lat' dir='ltr'><strong>longe</strong></span> <span class='ocrx_word' id='word_1_75' title='bbox 589 930 664 980; x_wconf 86' lang='lat' dir='ltr'><strong>nimis</strong></span> <span class='ocrx_word' id='word_1_76' title='bbox 673 927 807 998; x_wconf 80' lang='lat' dir='ltr'><strong>avulgate</strong></span> <span class='ocrx_word' id='word_1_77' title='bbox 814 929 943 1000; x_wconf 85' lang='lat' dir='ltr'><strong>scriptura</strong></span> <span class='ocrx_word' id='word_1_78' title='bbox 953 949 959 979; x_wconf 73' lang='grc' dir='ltr'><strong>ε</strong></span> <span class='ocrx_word' id='word_1_79' title='bbox 968 927 1108 999; x_wconf 81' lang='lat' dir='ltr'><strong>legendum</strong></span> <span class='ocrx_word' id='word_1_80' title='bbox 1115 926 1199 992; x_wconf 85' lang='lat' dir='ltr'><strong>clare,</strong></span> 
     </span>
     <span class='ocr_line' id='line_1_9' title="bbox 161 1006 1199 1082; baseline -0.007 -18"><span class='ocrx_word' id='word_1_81' title='bbox 161 1009 282 1064; x_wconf 72' lang='lat' dir='ltr'><strong>sodalitas</strong></span> <span class='ocrx_word' id='word_1_82' title='bbox 289 1007 391 1082; x_wconf 83' lang='lat' dir='ltr'><strong>plebeia</strong></span> <span class='ocrx_word' id='word_1_83' title='bbox 396 1028 406 1068; x_wconf 94' lang='lat'><strong>,·</strong></span> <span class='ocrx_word' id='word_1_84' title='bbox 420 1019 451 1058; x_wconf 90' lang='lat' dir='ltr'><strong>ut</strong></span> <span class='ocrx_word' id='word_1_85' title='bbox 460 1017 611 1078; x_wconf 88' lang='lat' dir='ltr'><strong>opponatur</strong></span> <span class='ocrx_word' id='word_1_86' title='bbox 622 1006 763 1060; x_wconf 72' lang='lat' dir='ltr'><strong>solitudini.</strong></span> <span class='ocrx_word' id='word_1_87' title='bbox 775 1007 875 1059; x_wconf 88' lang='lat' dir='ltr'><strong>Lucan.</strong></span> <span class='ocrx_word' id='word_1_88' title='bbox 887 1007 925 1074; x_wconf 88' lang='lat' dir='ltr'><strong>X,</strong></span> <span class='ocrx_word' id='word_1_89' title='bbox 943 1006 1005 1073; x_wconf 70' lang='lat'><strong>134:</strong></span> <span class='ocrx_word' id='word_1_90' title='bbox 1021 1028 1034 1054; x_wconf 80' lang='lat' dir='ltr'><strong>s</strong></span> <span class='ocrx_word' id='word_1_91' title='bbox 1043 1018 1096 1058; x_wconf 87' lang='lat' dir='ltr'><strong>stat</strong></span> <span class='ocrx_word' id='word_1_92' title='bbox 1107 1018 1199 1057; x_wconf 84' lang='lat' dir='ltr'><strong>contra</strong></span> 
     </span>
     <span class='ocr_line' id='line_1_10' title="bbox 160 1083 1199 1157; baseline -0.007 -15"><span class='ocrx_word' id='word_1_93' title='bbox 160 1092 256 1142; x_wconf 78' lang='lat' dir='ltr'><strong>fortior</strong></span> <span class='ocrx_word' id='word_1_94' title='bbox 271 1101 333 1140; x_wconf 77' lang='lat' dir='ltr'><strong>etas</strong></span> <span class='ocrx_word' id='word_1_95' title='bbox 346 1088 394 1138; x_wconf 80' lang='lat' dir='ltr'><strong>Vix</strong></span> <span class='ocrx_word' id='word_1_96' title='bbox 408 1085 462 1138; x_wconf 86' lang='lat' dir='ltr'><strong>ulla</strong></span> <span class='ocrx_word' id='word_1_97' title='bbox 476 1087 596 1138; x_wconf 73' lang='lat' dir='ltr'><strong>fuscante</strong></span> <span class='ocrx_word' id='word_1_98' title='bbox 612 1097 700 1140; x_wconf 90' lang='lat' dir='ltr'><strong>tamen</strong></span> <span class='ocrx_word' id='word_1_99' title='bbox 713 1084 837 1157; x_wconf 72' lang='lat' dir='ltr'><strong>lanugine</strong></span> <span class='ocrx_word' id='word_1_100' title='bbox 851 1085 964 1140; x_wconf 75' lang='lat' dir='ltr'><strong>miles.»</strong></span> <span class='ocrx_word' id='word_1_101' title='bbox 980 1083 1122 1154; x_wconf 85' lang='lat' dir='ltr'><strong>Quomodo</strong></span> <span class='ocrx_word' id='word_1_102' title='bbox 1136 1084 1199 1136; x_wconf 89' lang='lat' dir='ltr'><strong>huic</strong></span> 
     </span>
    </p>
   </div>
   <div class='ocr_carea' id='block_1_3' title="bbox 161 1161 1301 1233">
    <p class='ocr_par' dir='ltr' id='par_1_3' title="bbox 161 1161 1301 1233">
     <span class='ocr_line' id='line_1_11' title="bbox 161 1161 1301 1233; baseline -0.006 -13"><span class='ocrx_word' id='word_1_103' title='bbox 161 1168 275 1220; x_wconf 67' lang='lat' dir='ltr'><strong>hirsuti:</strong></span> <span class='ocrx_word' id='word_1_104' title='bbox 288 1163 391 1216; x_wconf 85' lang='lat' dir='ltr'><strong>obviam</strong></span> <span class='ocrx_word' id='word_1_105' title='bbox 406 1163 480 1214; x_wconf 91' lang='lat' dir='ltr'><strong>ibant</strong></span> <span class='ocrx_word' id='word_1_106' title='bbox 494 1181 637 1233; x_wconf 87' lang='lat' dir='ltr'><strong>mangones</strong></span> <span class='ocrx_word' id='word_1_107' title='bbox 654 1163 728 1217; x_wconf 88' lang='lat' dir='ltr'><strong>disce</strong></span> <span class='ocrx_word' id='word_1_108' title='bbox 741 1183 773 1216; x_wconf 81' lang='lat' dir='ltr'><strong>ea</strong></span> <span class='ocrx_word' id='word_1_109' title='bbox 787 1165 887 1231; x_wconf 82' lang='lat' dir='ltr'><strong>Plinio,</strong></span> <span class='ocrx_word' id='word_1_110' title='bbox 904 1165 969 1218; x_wconf 83' lang='lat' dir='ltr'><strong>llist.</strong></span> <span class='ocrx_word' id='word_1_111' title='bbox 985 1166 1047 1216; x_wconf 87' lang='lat' dir='ltr'><strong>Nat.</strong></span> <span class='ocrx_word' id='word_1_112' title='bbox 1062 1164 1150 1229; x_wconf 83' lang='lat' dir='ltr'><strong>XXX,</strong></span> <span class='ocrx_word' id='word_1_113' title='bbox 1166 1161 1197 1214; x_wconf 77' lang='lat'><strong>5:</strong></span> <span class='ocrx_word' id='word_1_114' title='bbox 1296 1197 1301 1207; x_wconf 50' lang='grc' dir='ltr'>ι</span> 
     </span>
    </p>
   </div>
   <div class='ocr_carea' id='block_1_4' title="bbox 143 1241 1199 1551">
    <p class='ocr_par' dir='ltr' id='par_1_4' title="bbox 143 1241 1199 1551">
     <span class='ocr_line' id='line_1_12' title="bbox 143 1241 1199 1314; baseline -0.006 -16"><span class='ocrx_word' id='word_1_115' title='bbox 143 1275 147 1304; x_wconf 59' lang='lat' dir='ltr'><strong>r</strong></span> <span class='ocrx_word' id='word_1_116' title='bbox 165 1247 226 1298; x_wconf 77' lang='lat' dir='ltr'><strong>«Ne</strong></span> <span class='ocrx_word' id='word_1_117' title='bbox 237 1245 290 1297; x_wconf 89' lang='lat' dir='ltr'><strong>sint</strong></span> <span class='ocrx_word' id='word_1_118' title='bbox 299 1242 374 1296; x_wconf 78' lang='lat' dir='ltr'><strong>male</strong></span> <span class='ocrx_word' id='word_1_119' title='bbox 385 1241 504 1309; x_wconf 73' lang='lat' dir='ltr'><strong>hirsuta,</strong></span> <span class='ocrx_word' id='word_1_120' title='bbox 515 1244 685 1294; x_wconf 77' lang='lat' dir='ltr'><strong>formicarum</strong></span> <span class='ocrx_word' id='word_1_121' title='bbox 696 1261 744 1294; x_wconf 84' lang='lat' dir='ltr'><strong>ora</strong></span> <span class='ocrx_word' id='word_1_122' title='bbox 756 1244 1123 1314; x_wconf 75' lang='lat' dir='ltr'><strong>puerisiniricatupraestan13</strong></span> <span class='ocrx_word' id='word_1_123' title='bbox 1135 1243 1199 1293; x_wconf 88' lang='lat' dir='ltr'><strong>item</strong></span> 
     </span>
     <span class='ocr_line' id='line_1_13' title="bbox 161 1319 1198 1393; baseline -0.006 -17"><span class='ocrx_word' id='word_1_124' title='bbox 161 1320 354 1393; x_wconf 85' lang='lat' dir='ltr'><strong>mangonibus,</strong></span> <span class='ocrx_word' id='word_1_125' title='bbox 368 1331 398 1372; x_wconf 91' lang='lat' dir='ltr'><strong>ut</strong></span> <span class='ocrx_word' id='word_1_126' title='bbox 411 1319 507 1390; x_wconf 89' lang='lat' dir='ltr'><strong>lanugo</strong></span> <span class='ocrx_word' id='word_1_127' title='bbox 521 1319 621 1372; x_wconf 80' lang='lat' dir='ltr'><strong>tardior</strong></span> <span class='ocrx_word' id='word_1_128' title='bbox 634 1321 667 1371; x_wconf 87' lang='lat' dir='ltr'><strong>ait</strong></span> <span class='ocrx_word' id='word_1_129' title='bbox 684 1319 899 1390; x_wconf 77' lang='lat' dir='ltr'><strong>pubescentium,</strong></span> <span class='ocrx_word' id='word_1_130' title='bbox 919 1323 1025 1392; x_wconf 83' lang='lat' dir='ltr'><strong>sanguis</strong></span> <span class='ocrx_word' id='word_1_131' title='bbox 1040 1339 1055 1372; x_wconf 89' lang='lat' dir='ltr'><strong>e</strong></span> <span class='ocrx_word' id='word_1_132' title='bbox 1073 1319 1198 1372; x_wconf 84' lang='lat' dir='ltr'><strong>testiculis</strong></span> 
     </span>
     <span class='ocr_line' id='line_1_14' title="bbox 161 1397 1197 1474; baseline -0.004 -20"><span class='ocrx_word' id='word_1_133' title='bbox 161 1420 289 1472; x_wconf 88' lang='lat' dir='ltr'><strong>agnorum</strong></span> <span class='ocrx_word' id='word_1_134' title='bbox 299 1401 345 1473; x_wconf 92' lang='lat' dir='ltr'><strong>qui</strong></span> <span class='ocrx_word' id='word_1_135' title='bbox 357 1413 511 1452; x_wconf 88' lang='lat' dir='ltr'><strong>castrantur.</strong></span> <span class='ocrx_word' id='word_1_136' title='bbox 523 1423 534 1447; x_wconf 75' lang='grc' dir='ltr'>ι</span> <span class='ocrx_word' id='word_1_137' title='bbox 544 1401 623 1452; x_wconf 81' lang='lat' dir='ltr'><strong>Reate</strong></span> <span class='ocrx_word' id='word_1_138' title='bbox 633 1418 695 1452; x_wconf 80' lang='lat' dir='ltr'><strong>sero</strong></span> <span class='ocrx_word' id='word_1_139' title='bbox 703 1400 933 1474; x_wconf 75' lang='lat' dir='ltr'><strong>pulchroeformoe,</strong></span> <span class='ocrx_word' id='word_1_140' title='bbox 943 1415 973 1452; x_wconf 94' lang='lat' dir='ltr'><strong>ut</strong></span> <span class='ocrx_word' id='word_1_141' title='bbox 980 1402 1029 1452; x_wconf 85' lang='lat' dir='ltr'><strong>Via</strong></span> <span class='ocrx_word' id='word_1_142' title='bbox 1037 1403 1114 1456; x_wconf 90' lang='lat' dir='ltr'><strong>Dom.</strong></span> <span class='ocrx_word' id='word_1_143' title='bbox 1121 1418 1146 1451; x_wconf 81' lang='lat' dir='ltr'><strong>v.</strong></span> <span class='ocrx_word' id='word_1_144' title='bbox 1158 1397 1197 1452; x_wconf 82' lang='lat'><strong>¹5.</strong></span> 
     </span>
     <span class='ocr_line' id='line_1_15' title="bbox 161 1477 1198 1551; baseline -0.004 -17"><span class='ocrx_word' id='word_1_145' title='bbox 161 1483 269 1534; x_wconf 87' lang='lat' dir='ltr'><strong>Sueten.</strong></span> <span class='ocrx_word' id='word_1_146' title='bbox 284 1481 346 1532; x_wconf 77' lang='lat' dir='ltr'><strong>Vita</strong></span> <span class='ocrx_word' id='word_1_147' title='bbox 363 1481 443 1532; x_wconf 86' lang='lat' dir='ltr'><strong>Persii</strong></span> <span class='ocrx_word' id='word_1_148' title='bbox 462 1491 566 1551; x_wconf 80' lang='lat' dir='ltr'><strong>poetae:</strong></span> <span class='ocrx_word' id='word_1_149' title='bbox 588 1480 668 1530; x_wconf 78' lang='lat' dir='ltr'><strong>«Fuit</strong></span> <span class='ocrx_word' id='word_1_150' title='bbox 686 1497 788 1532; x_wconf 86' lang='lat' dir='ltr'><strong>morum</strong></span> <span class='ocrx_word' id='word_1_151' title='bbox 809 1480 1018 1546; x_wconf 68' lang='lat' dir='ltr'><strong>lenociniorum,</strong></span> <span class='ocrx_word' id='word_1_152' title='bbox 1036 1477 1198 1532; x_wconf 79' lang='lat' dir='ltr'><strong>verecundia</strong></span> 
     </span>
    </p>
   </div>
   <div class='ocr_carea' id='block_1_5' title="bbox 161 1556 575 1631">
    <p class='ocr_par' dir='ltr' id='par_1_5' title="bbox 161 1556 575 1631">
     <span class='ocr_line' id='line_1_16' title="bbox 161 1556 575 1631; baseline -0.012 -19"><span class='ocrx_word' id='word_1_153' title='bbox 161 1559 310 1631; x_wconf 82' lang='lat' dir='ltr'><strong>virginalis,</strong></span> <span class='ocrx_word' id='word_1_154' title='bbox 323 1559 414 1612; x_wconf 82' lang='lat' dir='ltr'><strong>iormte</strong></span> <span class='ocrx_word' id='word_1_155' title='bbox 427 1556 551 1630; x_wconf 77' lang='lat' dir='ltr'><strong>pulchrae,</strong></span> <span class='ocrx_word' id='word_1_156' title='bbox 564 1581 575 1606; x_wconf 80' lang='grc' dir='ltr'>ι</span> 
     </span>
    </p>
   </div>
   <div class='ocr_carea' id='block_1_6' title="bbox 161 1717 1199 1952">
    <p class='ocr_par' dir='ltr' id='par_1_6' title="bbox 161 1717 1199 1952">
     <span class='ocr_line' id='line_1_17' title="bbox 197 1717 1197 1792; baseline -0.002 -20"><span class='ocrx_word' id='word_1_157' title='bbox 197 1719 239 1789; x_wconf 74' lang='grc'><strong>74.</strong></span> <span class='ocrx_word' id='word_1_158' title='bbox 258 1717 467 1792; x_wconf 72' lang='lat' dir='ltr'><strong>Nunajrartqere</strong></span> <span class='ocrx_word' id='word_1_159' title='bbox 474 1736 563 1772; x_wconf 77' lang='lat' dir='ltr'><strong>sexum</strong></span> <span class='ocrx_word' id='word_1_160' title='bbox 568 1757 578 1784; x_wconf 86' lang='lat'><strong>,</strong></span> <span class='ocrx_word' id='word_1_161' title='bbox 589 1718 674 1790; x_wconf 83' lang='lat' dir='ltr'><strong>Atque</strong></span> <span class='ocrx_word' id='word_1_162' title='bbox 685 1719 818 1772; x_wconf 81' lang='lat' dir='ltr'><strong>hominem</strong></span> <span class='ocrx_word' id='word_1_163' title='bbox 828 1731 929 1776; x_wconf 81' lang='lat' dir='ltr'><strong>mutare</strong></span> <span class='ocrx_word' id='word_1_164' title='bbox 940 1719 1022 1790; x_wconf 81' lang='lat' dir='ltr'><strong>nefas.</strong></span> <span class='ocrx_word' id='word_1_165' title='bbox 1032 1719 1197 1771; x_wconf 86' lang='lat' dir='ltr'><strong>Domitianus</strong></span> 
     </span>
     <span class='ocr_line' id='line_1_18' title="bbox 161 1797 1199 1870; baseline -0.002 -20"><span class='ocrx_word' id='word_1_166' title='bbox 161 1800 245 1869; x_wconf 83' lang='lat' dir='ltr'><strong>legem</strong></span> <span class='ocrx_word' id='word_1_167' title='bbox 256 1799 332 1865; x_wconf 89' lang='lat' dir='ltr'><strong>tulit,</strong></span> <span class='ocrx_word' id='word_1_168' title='bbox 347 1816 400 1870; x_wconf 89' lang='lat' dir='ltr'><strong>qua</strong></span> <span class='ocrx_word' id='word_1_169' title='bbox 411 1801 520 1854; x_wconf 85' lang='lat' dir='ltr'><strong>castrari</strong></span> <span class='ocrx_word' id='word_1_170' title='bbox 534 1817 619 1851; x_wconf 89' lang='lat' dir='ltr'><strong>rnares</strong></span> <span class='ocrx_word' id='word_1_171' title='bbox 631 1797 777 1870; x_wconf 86' lang='lat' dir='ltr'><strong>prohibuit.</strong></span> <span class='ocrx_word' id='word_1_172' title='bbox 790 1799 972 1870; x_wconf 86' lang='lat' dir='ltr'><strong>Tranquillus:</strong></span> <span class='ocrx_word' id='word_1_173' title='bbox 990 1799 1130 1850; x_wconf 77' lang='lat' dir='ltr'><strong>«Castrare</strong></span> <span class='ocrx_word' id='word_1_174' title='bbox 1142 1815 1199 1848; x_wconf 90' lang='lat' dir='ltr'><strong>ma·</strong></span> 
     </span>
     <span class='ocr_line' id='line_1_19' title="bbox 162 1875 1197 1952; baseline -0.004 -23"><span class='ocrx_word' id='word_1_175' title='bbox 162 1897 203 1931; x_wconf 88' lang='lat' dir='ltr'><strong>res</strong></span> <span class='ocrx_word' id='word_1_176' title='bbox 216 1879 316 1931; x_wconf 74' lang='lat' dir='ltr'><strong>aeaut:</strong></span> <span class='ocrx_word' id='word_1_177' title='bbox 331 1878 479 1950; x_wconf 82' lang='lat' dir='ltr'><strong>spadonum</strong></span> <span class='ocrx_word' id='word_1_178' title='bbox 494 1879 596 1950; x_wconf 88' lang='lat' dir='ltr'><strong>pretia,</strong></span> <span class='ocrx_word' id='word_1_179' title='bbox 613 1897 670 1950; x_wconf 83' lang='lat' dir='ltr'><strong>que</strong></span> <span class='ocrx_word' id='word_1_180' title='bbox 688 1877 761 1952; x_wconf 87' lang='lat' dir='ltr'><strong>apud</strong></span> <span class='ocrx_word' id='word_1_181' title='bbox 778 1879 925 1950; x_wconf 83' lang='lat' dir='ltr'><strong>Mangones</strong></span> <span class='ocrx_word' id='word_1_182' title='bbox 943 1889 1033 1944; x_wconf 84' lang='lat' dir='ltr'><strong>eraut,</strong></span> <span class='ocrx_word' id='word_1_183' title='bbox 1046 1875 1197 1928; x_wconf 87' lang='lat' dir='ltr'><strong>moderatus</strong></span> 
     </span>
    </p>
   </div>
   <div class='ocr_carea' id='block_1_7' title="bbox 160 1957 389 2012">
    <p class='ocr_par' dir='ltr' id='par_1_7' title="bbox 160 1957 389 2012">
     <span class='ocr_line' id='line_1_20' title="bbox 160 1957 389 2012; baseline -0.004 -2"><span class='ocrx_word' id='word_1_184' title='bbox 160 1970 231 2010; x_wconf 73' lang='lat' dir='ltr'><strong>est.»</strong></span> <span class='ocrx_word' id='word_1_185' title='bbox 246 1957 389 2012; x_wconf 80' lang='lat' dir='ltr'><strong>Martialis:</strong></span> 
     </span>
    </p>
   </div>
   <div class='ocr_carea' id='block_1_8' title="bbox 375 2045 841 2178">
    <p class='ocr_par' dir='ltr' id='par_1_8' title="bbox 375 2045 841 2178">
     <span class='ocr_line' id='line_1_21' title="bbox 376 2045 841 2110; baseline 0.002 -20"><span class='ocrx_word' id='word_1_186' title='bbox 376 2046 429 2091; x_wconf 81' lang='lat' dir='ltr'><strong>hlon</strong></span> <span class='ocrx_word' id='word_1_187' title='bbox 436 2059 495 2106; x_wconf 87' lang='lat' dir='ltr'><strong>puer</strong></span> <span class='ocrx_word' id='word_1_188' title='bbox 504 2045 567 2091; x_wconf 85' lang='lat' dir='ltr'><strong>arari</strong></span> <span class='ocrx_word' id='word_1_189' title='bbox 575 2055 651 2092; x_wconf 70' lang='lat' dir='ltr'><strong>tectu</strong></span> <span class='ocrx_word' id='word_1_190' title='bbox 660 2057 709 2091; x_wconf 87' lang='lat' dir='ltr'><strong>arte</strong></span> <span class='ocrx_word' id='word_1_191' title='bbox 717 2046 841 2110; x_wconf 77' lang='lat' dir='ltr'><strong>Mangouis</strong></span> 
     </span>
     <span class='ocr_line' id='line_1_22' title="bbox 375 2113 779 2178; baseline 0.012 -19"><span class='ocrx_word' id='word_1_192' title='bbox 375 2113 494 2164; x_wconf 85' lang='lat' dir='ltr'><strong>Virilitatis</strong></span> <span class='ocrx_word' id='word_1_193' title='bbox 503 2115 587 2162; x_wconf 73' lang='lat' dir='ltr'><strong>minna</strong></span> <span class='ocrx_word' id='word_1_194' title='bbox 596 2127 678 2163; x_wconf 75' lang='lat' dir='ltr'><strong>maeret</strong></span> <span class='ocrx_word' id='word_1_195' title='bbox 687 2130 779 2178; x_wconf 75' lang='lat' dir='ltr'><strong>ereptae.</strong></span> 
     </span>
    </p>
   </div>
   <div class='ocr_carea' id='block_1_9' title="bbox 159 2179 1197 2565">
    <p class='ocr_par' dir='ltr' id='par_1_9' title="bbox 159 2179 1197 2565">
     <span class='ocr_line' id='line_1_23' title="bbox 1005 2179 1093 2223; baseline -0.011 -1"><span class='ocrx_word' id='word_1_196' title='bbox 1005 2179 1093 2223; x_wconf 75' lang='lat' dir='ltr'><strong>nourr.</strong></span> 
     </span>
     <span class='ocr_line' id='line_1_24' title="bbox 159 2271 1197 2346; baseline -0.003 -22"><span class='ocrx_word' id='word_1_197' title='bbox 159 2271 309 2341; x_wconf 85' lang='lat' dir='ltr'><strong>-Quihus</strong></span> <span class='ocrx_word' id='word_1_198' title='bbox 318 2273 418 2327; x_wconf 90' lang='lat' dir='ltr'><strong>obstitit</strong></span> <span class='ocrx_word' id='word_1_199' title='bbox 426 2273 591 2326; x_wconf 86' lang='lat' dir='ltr'><strong>Domitianus</strong></span> <span class='ocrx_word' id='word_1_200' title='bbox 605 2276 715 2328; x_wconf 85' lang='lat' dir='ltr'><strong>crimina</strong></span> <span class='ocrx_word' id='word_1_201' title='bbox 727 2292 798 2327; x_wconf 88' lang='lat' dir='ltr'><strong>nunc</strong></span> <span class='ocrx_word' id='word_1_202' title='bbox 813 2293 861 2346; x_wconf 88' lang='lat' dir='ltr'><strong>per</strong></span> <span class='ocrx_word' id='word_1_203' title='bbox 875 2277 972 2327; x_wconf 82' lang='lat' dir='ltr'><strong>Divinae</strong></span> <span class='ocrx_word' id='word_1_204' title='bbox 981 2273 1123 2344; x_wconf 74' lang='lat' dir='ltr'><strong>Religionis</strong></span> <span class='ocrx_word' id='word_1_205' title='bbox 1134 2275 1197 2324; x_wconf 86' lang='lat' dir='ltr'><strong>Pon·</strong></span> 
     </span>
     <span class='ocr_line' id='line_1_25' title="bbox 159 2350 1197 2426; baseline -0.003 -23"><span class='ocrx_word' id='word_1_206' title='bbox 159 2353 244 2405; x_wconf 82' lang='lat' dir='ltr'><strong>tiflees</strong></span> <span class='ocrx_word' id='word_1_207' title='bbox 255 2350 348 2415; x_wconf 66' lang='lat' dir='ltr'><strong>licent,</strong></span> <span class='ocrx_word' id='word_1_208' title='bbox 360 2372 446 2426; x_wconf 86' lang='lat' dir='ltr'><strong>neque</strong></span> <span class='ocrx_word' id='word_1_209' title='bbox 456 2355 484 2406; x_wconf 91' lang='lat' dir='ltr'><strong>in</strong></span> <span class='ocrx_word' id='word_1_210' title='bbox 496 2353 569 2406; x_wconf 92' lang='lat' dir='ltr'><strong>ltalia</strong></span> <span class='ocrx_word' id='word_1_211' title='bbox 581 2372 628 2406; x_wconf 89' lang='lat' dir='ltr'><strong>sua</strong></span> <span class='ocrx_word' id='word_1_212' title='bbox 641 2353 698 2407; x_wconf 88' lang='lat' dir='ltr'><strong>laus</strong></span> <span class='ocrx_word' id='word_1_213' title='bbox 709 2353 829 2421; x_wconf 90' lang='lat' dir='ltr'><strong>theatro,</strong></span> <span class='ocrx_word' id='word_1_214' title='bbox 842 2357 905 2426; x_wconf 89' lang='lat' dir='ltr'><strong>quin</strong></span> <span class='ocrx_word' id='word_1_215' title='bbox 916 2355 1030 2407; x_wconf 81' lang='lat' dir='ltr'><strong>feminea</strong></span> <span class='ocrx_word' id='word_1_216' title='bbox 1042 2369 1107 2404; x_wconf 82' lang='lat' dir='ltr'><strong>voce</strong></span> <span class='ocrx_word' id='word_1_217' title='bbox 1119 2367 1197 2401; x_wconf 84' lang='lat' dir='ltr'><strong>aures</strong></span> 
     </span>
     <span class='ocr_line' id='line_1_26' title="bbox 160 2429 1197 2508; baseline -0.001 -27"><span class='ocrx_word' id='word_1_218' title='bbox 160 2429 326 2484; x_wconf 81' lang='lat' dir='ltr'><strong>demulceant</strong></span> <span class='ocrx_word' id='word_1_219' title='bbox 336 2433 379 2484; x_wconf 88' lang='lat' dir='ltr'><strong>isti</strong></span> <span class='ocrx_word' id='word_1_220' title='bbox 392 2432 442 2502; x_wconf 91' lang='lat' dir='ltr'><strong>(an</strong></span> <span class='ocrx_word' id='word_1_221' title='bbox 456 2435 510 2486; x_wconf 78' lang='lat' dir='ltr'><strong>iste</strong></span> <span class='ocrx_word' id='word_1_222' title='bbox 521 2433 622 2499; x_wconf 79' lang='lat' dir='ltr'><strong>dicaci,</strong></span> <span class='ocrx_word' id='word_1_223' title='bbox 637 2433 743 2508; x_wconf 87' lang='lat' dir='ltr'><strong>nescio)</strong></span> <span class='ocrx_word' id='word_1_224' title='bbox 753 2447 918 2501; x_wconf 83' lang='lat' dir='ltr'><strong>cantatores,</strong></span> <span class='ocrx_word' id='word_1_225' title='bbox 933 2432 1028 2506; x_wconf 88' lang='lat' dir='ltr'><strong>quibus</strong></span> <span class='ocrx_word' id='word_1_226' title='bbox 1042 2431 1076 2483; x_wconf 85' lang='lat' dir='ltr'><strong>ab</strong></span> <span class='ocrx_word' id='word_1_227' title='bbox 1087 2429 1197 2502; x_wconf 86' lang='lat' dir='ltr'><strong>ignomi-</strong></span> 
     </span>
     <span class='ocr_line' id='line_1_27' title="bbox 161 2511 556 2565; baseline 0.008 -4"><span class='ocrx_word' id='word_1_228' title='bbox 161 2513 204 2562; x_wconf 88' lang='lat' dir='ltr'><strong>nia</strong></span> <span class='ocrx_word' id='word_1_229' title='bbox 216 2529 264 2563; x_wconf 87' lang='lat' dir='ltr'><strong>sua</strong></span> <span class='ocrx_word' id='word_1_230' title='bbox 275 2529 371 2564; x_wconf 90' lang='lat' dir='ltr'><strong>nomen</strong></span> <span class='ocrx_word' id='word_1_231' title='bbox 382 2511 503 2565; x_wconf 86' lang='lat' dir='ltr'><strong>inditum.</strong></span> <span class='ocrx_word' id='word_1_232' title='bbox 524 2512 556 2564; x_wconf 73' lang='lat' dir='ltr'><strong>A.</strong></span> 
     </span>
    </p>
   </div>
   <div class='ocr_carea' id='block_1_10' title="bbox 159 2667 1198 3542">
    <p class='ocr_par' dir='ltr' id='par_1_10' title="bbox 159 2667 1198 3542">
     <span class='ocr_line' id='line_1_28' title="bbox 197 2667 1195 2743; baseline -0.001 -22"><span class='ocrx_word' id='word_1_233' title='bbox 197 2668 239 2735; x_wconf 80' lang='grc'><strong>84.</strong></span> <span class='ocrx_word' id='word_1_234' title='bbox 256 2669 326 2722; x_wconf 80' lang='lat' dir='ltr'><strong>Huic</strong></span> <span class='ocrx_word' id='word_1_235' title='bbox 337 2681 363 2722; x_wconf 86' lang='lat' dir='ltr'><strong>et</strong></span> <span class='ocrx_word' id='word_1_236' title='bbox 370 2671 494 2743; x_wconf 78' lang='lat' dir='ltr'><strong>purpurei</strong></span> <span class='ocrx_word' id='word_1_237' title='bbox 504 2671 578 2725; x_wconf 87' lang='lat' dir='ltr'><strong>cedat</strong></span> <span class='ocrx_word' id='word_1_238' title='bbox 588 2691 663 2725; x_wconf 85' lang='lat' dir='ltr'><strong>coma</strong></span> <span class='ocrx_word' id='word_1_239' title='bbox 673 2673 760 2724; x_wconf 81' lang='lat' dir='ltr'><strong>saucia</strong></span> <span class='ocrx_word' id='word_1_240' title='bbox 771 2672 838 2726; x_wconf 80' lang='lat' dir='ltr'><strong>Nisi.</strong></span> <span class='ocrx_word' id='word_1_241' title='bbox 850 2673 966 2725; x_wconf 80' lang='lat' dir='ltr'><strong>Gronov.</strong></span> <span class='ocrx_word' id='word_1_242' title='bbox 979 2672 1063 2724; x_wconf 86' lang='lat' dir='ltr'><strong>Diatr.</strong></span> <span class='ocrx_word' id='word_1_243' title='bbox 1076 2687 1135 2741; x_wconf 83' lang='lat' dir='ltr'><strong>cap.</strong></span> <span class='ocrx_word' id='word_1_244' title='bbox 1148 2667 1195 2737; x_wconf 72' lang='lat'><strong>34:</strong></span> 
     </span>
     <span class='ocr_line' id='line_1_29' title="bbox 163 2747 1197 2823; baseline 0 -23"><span class='ocrx_word' id='word_1_245' title='bbox 163 2769 176 2792; x_wconf 75' lang='lat' dir='ltr'><strong>s</strong></span> <span class='ocrx_word' id='word_1_246' title='bbox 184 2747 303 2800; x_wconf 78' lang='lat' dir='ltr'><strong>Sauriam</strong></span> <span class='ocrx_word' id='word_1_247' title='bbox 315 2767 416 2801; x_wconf 85' lang='lat' dir='ltr'><strong>comam</strong></span> <span class='ocrx_word' id='word_1_248' title='bbox 429 2751 615 2822; x_wconf 88' lang='lat' dir='ltr'><strong>interpretatur</strong></span> <span class='ocrx_word' id='word_1_249' title='bbox 626 2752 757 2804; x_wconf 87' lang='lat' dir='ltr'><strong>Domitius</strong></span> <span class='ocrx_word' id='word_1_250' title='bbox 769 2769 826 2821; x_wconf 78' lang='lat' dir='ltr'><strong>quse</strong></span> <span class='ocrx_word' id='word_1_251' title='bbox 837 2750 962 2823; x_wconf 89' lang='lat' dir='ltr'><strong>decerpta</strong></span> <span class='ocrx_word' id='word_1_252' title='bbox 976 2769 991 2803; x_wconf 91' lang='lat' dir='ltr'><strong>a</strong></span> <span class='ocrx_word' id='word_1_253' title='bbox 1004 2750 1132 2802; x_wconf 86' lang='lat' dir='ltr'><strong>illiserat.</strong></span> <span class='ocrx_word' id='word_1_254' title='bbox 1146 2747 1197 2800; x_wconf 86' lang='lat' dir='ltr'><strong>Sed</strong></span> 
     </span>
     <span class='ocr_line' id='line_1_30' title="bbox 161 2825 1198 2903; baseline -0.001 -25"><span class='ocrx_word' id='word_1_255' title='bbox 161 2828 247 2879; x_wconf 83' lang='lat' dir='ltr'><strong>saucia</strong></span> <span class='ocrx_word' id='word_1_256' title='bbox 261 2825 326 2878; x_wconf 91' lang='lat' dir='ltr'><strong>nihil</strong></span> <span class='ocrx_word' id='word_1_257' title='bbox 339 2827 411 2879; x_wconf 85' lang='lat' dir='ltr'><strong>aliud</strong></span> <span class='ocrx_word' id='word_1_258' title='bbox 430 2842 470 2881; x_wconf 88' lang='lat' dir='ltr'><strong>est</strong></span> <span class='ocrx_word' id='word_1_259' title='bbox 484 2847 564 2901; x_wconf 55' lang='lat' dir='ltr'><strong>mam</strong></span> <span class='ocrx_word' id='word_1_260' title='bbox 576 2849 720 2903; x_wconf 74' lang='lat' dir='ltr'><strong>purpurea,</strong></span> <span class='ocrx_word' id='word_1_261' title='bbox 740 2830 895 2903; x_wconf 70' lang='lat' dir='ltr'><strong>sanguinea,</strong></span> <span class='ocrx_word' id='word_1_262' title='bbox 911 2830 992 2883; x_wconf 81' lang='lat' dir='ltr'><strong>saucii</strong></span> <span class='ocrx_word' id='word_1_263' title='bbox 1004 2829 1117 2883; x_wconf 83' lang='lat' dir='ltr'><strong>eoiorem</strong></span> <span class='ocrx_word' id='word_1_264' title='bbox 1131 2827 1198 2898; x_wconf 79' lang='lat' dir='ltr'><strong>refe-</strong></span> 
     </span>
     <span class='ocr_line' id='line_1_31' title="bbox 161 2907 1197 2982; baseline 0.002 -26"><span class='ocrx_word' id='word_1_265' title='bbox 161 2923 224 2959; x_wconf 84' lang='lat' dir='ltr'><strong>rees.</strong></span> <span class='ocrx_word' id='word_1_266' title='bbox 235 2929 247 2953; x_wconf 76' lang='grc' dir='ltr'><strong>ι</strong></span> <span class='ocrx_word' id='word_1_267' title='bbox 267 2907 340 2958; x_wconf 90' lang='lat' dir='ltr'><strong>llanc</strong></span> <span class='ocrx_word' id='word_1_268' title='bbox 359 2907 487 2962; x_wconf 82' lang='lat' dir='ltr'><strong>Gronovii</strong></span> <span class='ocrx_word' id='word_1_269' title='bbox 508 2908 712 2982; x_wconf 82' lang='lat' dir='ltr'><strong>explicationem</strong></span> <span class='ocrx_word' id='word_1_270' title='bbox 727 2911 822 2962; x_wconf 85' lang='lat' dir='ltr'><strong>merito</strong></span> <span class='ocrx_word' id='word_1_271' title='bbox 839 2911 922 2982; x_wconf 87' lang='lat' dir='ltr'><strong>rejicit</strong></span> <span class='ocrx_word' id='word_1_272' title='bbox 940 2907 1197 2980; x_wconf 73' lang='lat' dir='ltr'><strong>Salm.Epiat.1od,</strong></span> 
     </span>
     <span class='ocr_line' id='line_1_32' title="bbox 163 2985 1197 3060; baseline 0 -24"><span class='ocrx_word' id='word_1_273' title='bbox 163 3003 242 3056; x_wconf 88' lang='lat' dir='ltr'><strong>quum</strong></span> <span class='ocrx_word' id='word_1_274' title='bbox 254 2985 289 3038; x_wconf 91' lang='lat' dir='ltr'><strong>ob</strong></span> <span class='ocrx_word' id='word_1_275' title='bbox 303 2985 367 3039; x_wconf 88' lang='lat' dir='ltr'><strong>alias</strong></span> <span class='ocrx_word' id='word_1_276' title='bbox 379 2989 507 3054; x_wconf 85' lang='lat' dir='ltr'><strong>rationes,</strong></span> <span class='ocrx_word' id='word_1_277' title='bbox 522 3003 578 3041; x_wconf 88' lang='lat' dir='ltr'><strong>tum</strong></span> <span class='ocrx_word' id='word_1_278' title='bbox 593 2991 655 3060; x_wconf 89' lang='lat' dir='ltr'><strong>quia</strong></span> <span class='ocrx_word' id='word_1_279' title='bbox 674 2991 697 3043; x_wconf 88' lang='lat' dir='ltr'><strong>si</strong></span> <span class='ocrx_word' id='word_1_280' title='bbox 710 2989 796 3042; x_wconf 76' lang='lat' dir='ltr'><strong>saucia</strong></span> <span class='ocrx_word' id='word_1_281' title='bbox 814 2991 973 3060; x_wconf 82' lang='lat' dir='ltr'><strong>accipiamus</strong></span> <span class='ocrx_word' id='word_1_282' title='bbox 988 3007 1037 3060; x_wconf 90' lang='lat' dir='ltr'><strong>pro</strong></span> <span class='ocrx_word' id='word_1_283' title='bbox 1050 3003 1197 3060; x_wconf 79' lang='lat' dir='ltr'><strong>purpurea,</strong></span> 
     </span>
     <span class='ocr_line' id='line_1_33' title="bbox 161 3065 1198 3142; baseline 0.002 -28"><span class='ocrx_word' id='word_1_284' title='bbox 161 3065 210 3115; x_wconf 85' lang='lat' dir='ltr'><strong>erit</strong></span> <span class='ocrx_word' id='word_1_285' title='bbox 220 3083 352 3137; x_wconf 81' lang='lat' dir='ltr'><strong>purpurea</strong></span> <span class='ocrx_word' id='word_1_286' title='bbox 367 3085 444 3118; x_wconf 91' lang='lat' dir='ltr'><strong>coma</strong></span> <span class='ocrx_word' id='word_1_287' title='bbox 460 3069 517 3121; x_wconf 84' lang='lat' dir='ltr'><strong>Nisi</strong></span> <span class='ocrx_word' id='word_1_288' title='bbox 534 3069 668 3142; x_wconf 65' lang='lat' dir='ltr'><strong>purpurei.</strong></span> <span class='ocrx_word' id='word_1_289' title='bbox 682 3072 741 3141; x_wconf 90' lang='lat' dir='ltr'><strong>lpse</strong></span> <span class='ocrx_word' id='word_1_290' title='bbox 752 3067 820 3120; x_wconf 91' lang='lat' dir='ltr'><strong>nihil</strong></span> <span class='ocrx_word' id='word_1_291' title='bbox 836 3069 942 3133; x_wconf 87' lang='lat' dir='ltr'><strong>statuit,</strong></span> <span class='ocrx_word' id='word_1_292' title='bbox 962 3066 1099 3121; x_wconf 87' lang='lat' dir='ltr'><strong>sedaliam</strong></span> <span class='ocrx_word' id='word_1_293' title='bbox 1117 3067 1198 3118; x_wconf 88' lang='lat' dir='ltr'><strong>inter·</strong></span> 
     </span>
     <span class='ocr_line' id='line_1_34' title="bbox 159 3147 1197 3222; baseline 0.002 -27"><span class='ocrx_word' id='word_1_294' title='bbox 159 3147 330 3214; x_wconf 88' lang='lat' dir='ltr'><strong>pretationem</strong></span> <span class='ocrx_word' id='word_1_295' title='bbox 350 3147 516 3218; x_wconf 77' lang='lat' dir='ltr'><strong>querendam</strong></span> <span class='ocrx_word' id='word_1_296' title='bbox 534 3162 620 3222; x_wconf 88' lang='lat' dir='ltr'><strong>putat.</strong></span> <span class='ocrx_word' id='word_1_297' title='bbox 639 3152 673 3203; x_wconf 84' lang='lat' dir='ltr'><strong>Et</strong></span> <span class='ocrx_word' id='word_1_298' title='bbox 693 3151 818 3222; x_wconf 83' lang='lat' dir='ltr'><strong>quaerenti</strong></span> <span class='ocrx_word' id='word_1_299' title='bbox 836 3151 864 3202; x_wconf 89' lang='lat' dir='ltr'><strong>iu</strong></span> <span class='ocrx_word' id='word_1_300' title='bbox 882 3163 1007 3221; x_wconf 87' lang='lat' dir='ltr'><strong>promptu</strong></span> <span class='ocrx_word' id='word_1_301' title='bbox 1026 3159 1079 3210; x_wconf 86' lang='lat' dir='ltr'><strong>est;</strong></span> <span class='ocrx_word' id='word_1_302' title='bbox 1099 3148 1197 3219; x_wconf 89' lang='lat' dir='ltr'><strong>quippe</strong></span> 
     </span>
     <span class='ocr_line' id='line_1_35' title="bbox 159 3226 1196 3304; baseline 0.003 -29"><span class='ocrx_word' id='word_1_303' title='bbox 159 3241 232 3276; x_wconf 79' lang='lat' dir='ltr'><strong>coma</strong></span> <span class='ocrx_word' id='word_1_304' title='bbox 242 3227 328 3279; x_wconf 76' lang='lat' dir='ltr'><strong>amacio</strong></span> <span class='ocrx_word' id='word_1_305' title='bbox 338 3229 463 3300; x_wconf 77' lang='lat' dir='ltr'><strong>purpurei</strong></span> <span class='ocrx_word' id='word_1_306' title='bbox 473 3229 532 3282; x_wconf 79' lang='lat' dir='ltr'><strong>Nisi</strong></span> <span class='ocrx_word' id='word_1_307' title='bbox 542 3243 581 3282; x_wconf 88' lang='lat' dir='ltr'><strong>est</strong></span> <span class='ocrx_word' id='word_1_308' title='bbox 593 3248 666 3283; x_wconf 86' lang='lat' dir='ltr'><strong>coma</strong></span> <span class='ocrx_word' id='word_1_309' title='bbox 678 3249 808 3304; x_wconf 83' lang='lat' dir='ltr'><strong>purpurea</strong></span> <span class='ocrx_word' id='word_1_310' title='bbox 819 3231 900 3284; x_wconf 81' lang='lat' dir='ltr'><strong>saucii</strong></span> <span class='ocrx_word' id='word_1_311' title='bbox 908 3231 968 3284; x_wconf 81' lang='lat' dir='ltr'><strong>Nisi</strong></span> <span class='ocrx_word' id='word_1_312' title='bbox 971 3251 981 3290; x_wconf 78' lang='lat'><strong>,-</strong></span> <span class='ocrx_word' id='word_1_313' title='bbox 993 3247 1046 3301; x_wconf 88' lang='lat' dir='ltr'><strong>qua</strong></span> <span class='ocrx_word' id='word_1_314' title='bbox 1057 3226 1196 3301; x_wconf 72' lang='lat' dir='ltr'><strong>hypallage</strong></span> 
     </span>
     <span class='ocr_line' id='line_1_36' title="bbox 159 3303 1195 3383; baseline 0.004 -28"><span class='ocrx_word' id='word_1_315' title='bbox 159 3303 223 3356; x_wconf 88' lang='lat' dir='ltr'><strong>nihil</strong></span> <span class='ocrx_word' id='word_1_316' title='bbox 236 3305 400 3377; x_wconf 47' lang='lat' dir='ltr'><strong>&amp;wentini</strong></span> <span class='ocrx_word' id='word_1_317' title='bbox 411 3307 533 3361; x_wconf 86' lang='lat' dir='ltr'><strong>omnibus</strong></span> <span class='ocrx_word' id='word_1_318' title='bbox 545 3312 646 3380; x_wconf 86' lang='lat' dir='ltr'><strong>poetis,</strong></span> <span class='ocrx_word' id='word_1_319' title='bbox 659 3321 685 3362; x_wconf 85' lang='lat' dir='ltr'><strong>et</strong></span> <span class='ocrx_word' id='word_1_320' title='bbox 697 3309 815 3383; x_wconf 82' lang='lat' dir='ltr'><strong>exempla</strong></span> <span class='ocrx_word' id='word_1_321' title='bbox 826 3308 948 3361; x_wconf 85' lang='lat' dir='ltr'><strong>dabimus</strong></span> <span class='ocrx_word' id='word_1_322' title='bbox 960 3307 994 3360; x_wconf 87' lang='lat' dir='ltr'><strong>ad</strong></span> <span class='ocrx_word' id='word_1_323' title='bbox 1005 3307 1096 3360; x_wconf 86' lang='lat' dir='ltr'><strong>Silvar.</strong></span> <span class='ocrx_word' id='word_1_324' title='bbox 1109 3309 1153 3374; x_wconf 86' lang='lat' dir='ltr'><strong>IV,</strong></span> <span class='ocrx_word' id='word_1_325' title='bbox 1167 3324 1195 3372; x_wconf 84' lang='lat' dir='ltr'><strong>r,</strong></span> 
     </span>
     <span class='ocr_line' id='line_1_37' title="bbox 159 3383 1195 3463; baseline 0.003 -27"><span class='ocrx_word' id='word_1_326' title='bbox 159 3401 183 3434; x_wconf 80' lang='lat' dir='ltr'><strong>v.</strong></span> <span class='ocrx_word' id='word_1_327' title='bbox 197 3383 239 3450; x_wconf 71' lang='grc'><strong>45.</strong></span> <span class='ocrx_word' id='word_1_328' title='bbox 254 3386 334 3438; x_wconf 78' lang='lat' dir='ltr'><strong>Coma</strong></span> <span class='ocrx_word' id='word_1_329' title='bbox 343 3403 474 3457; x_wconf 82' lang='lat' dir='ltr'><strong>purpurea</strong></span> <span class='ocrx_word' id='word_1_330' title='bbox 481 3427 491 3456; x_wconf 87' lang='lat'><strong>,</strong></span> <span class='ocrx_word' id='word_1_331' title='bbox 504 3402 534 3441; x_wconf 89' lang='lat' dir='ltr'><strong>ut</strong></span> <span class='ocrx_word' id='word_1_332' title='bbox 547 3392 618 3460; x_wconf 85' lang='lat' dir='ltr'><strong>Virg.</strong></span> <span class='ocrx_word' id='word_1_333' title='bbox 632 3389 729 3463; x_wconf 83' lang='lat' dir='ltr'><strong>Georg.</strong></span> <span class='ocrx_word' id='word_1_334' title='bbox 743 3393 771 3457; x_wconf 91' lang='lat' dir='ltr'><strong>l,</strong></span> <span class='ocrx_word' id='word_1_335' title='bbox 783 3388 834 3457; x_wconf 78' lang='grc'><strong>405</strong></span> <span class='ocrx_word' id='word_1_336' title='bbox 842 3410 849 3441; x_wconf 87' lang='lat'><strong>:</strong></span> <span class='ocrx_word' id='word_1_337' title='bbox 865 3389 918 3440; x_wconf 75' lang='lat' dir='ltr'><strong>«Et</strong></span> <span class='ocrx_word' id='word_1_338' title='bbox 931 3407 980 3461; x_wconf 92' lang='lat' dir='ltr'><strong>pro</strong></span> <span class='ocrx_word' id='word_1_339' title='bbox 994 3406 1129 3461; x_wconf 89' lang='lat' dir='ltr'><strong>purpureo</strong></span> <span class='ocrx_word' id='word_1_340' title='bbox 1142 3405 1195 3460; x_wconf 89' lang='lat' dir='ltr'><strong>poe·</strong></span> 
     </span>
     <span class='ocr_line' id='line_1_38' title="bbox 160 3463 1195 3542; baseline 0.004 -27"><span class='ocrx_word' id='word_1_341' title='bbox 160 3482 206 3517; x_wconf 91' lang='lat' dir='ltr'><strong>nas</strong></span> <span class='ocrx_word' id='word_1_342' title='bbox 217 3463 262 3516; x_wconf 88' lang='lat' dir='ltr'><strong>dat</strong></span> <span class='ocrx_word' id='word_1_343' title='bbox 274 3465 359 3538; x_wconf 73' lang='lat' dir='ltr'><strong>Scylla</strong></span> <span class='ocrx_word' id='word_1_344' title='bbox 370 3467 476 3539; x_wconf 90' lang='lat' dir='ltr'><strong>capillo.</strong></span> <span class='ocrx_word' id='word_1_345' title='bbox 487 3491 499 3515; x_wconf 70' lang='grc' dir='ltr'>ι</span> <span class='ocrx_word' id='word_1_346' title='bbox 513 3471 648 3542; x_wconf 77' lang='lat' dir='ltr'><strong>Hyginus,</strong></span> <span class='ocrx_word' id='word_1_347' title='bbox 658 3469 723 3522; x_wconf 83' lang='lat' dir='ltr'><strong>Fab.</strong></span> <span class='ocrx_word' id='word_1_348' title='bbox 741 3472 805 3540; x_wconf 79' lang='lat'><strong>198,</strong></span> <span class='ocrx_word' id='word_1_349' title='bbox 820 3471 921 3523; x_wconf 74' lang='lat' dir='ltr'><strong>«Nisus</strong></span> <span class='ocrx_word' id='word_1_350' title='bbox 932 3471 1023 3522; x_wconf 85' lang='lat' dir='ltr'><strong>Martis</strong></span> <span class='ocrx_word' id='word_1_351' title='bbox 1035 3469 1116 3536; x_wconf 85' lang='lat' dir='ltr'><strong>filius,</strong></span> <span class='ocrx_word' id='word_1_352' title='bbox 1128 3470 1195 3533; x_wconf 81' lang='lat' dir='ltr'><strong>sive,</strong></span> 
     </span>
    </p>
   </div>
   <div class='ocr_carea' id='block_1_11' title="bbox 154 3543 1194 3769">
    <p class='ocr_par' dir='ltr' id='par_1_11' title="bbox 154 3543 1194 3769">
     <span class='ocr_line' id='line_1_39' title="bbox 158 3543 1194 3623; baseline 0.004 -28"><span class='ocrx_word' id='word_1_353' title='bbox 158 3557 188 3596; x_wconf 85' lang='lat' dir='ltr'><strong>nt</strong></span> <span class='ocrx_word' id='word_1_354' title='bbox 201 3543 244 3596; x_wconf 85' lang='lat' dir='ltr'><strong>alli</strong></span> <span class='ocrx_word' id='word_1_355' title='bbox 258 3543 487 3613; x_wconf 85' lang='lat' dir='ltr'><strong>dicunt,1le&#39;ionis</strong></span> <span class='ocrx_word' id='word_1_356' title='bbox 500 3549 585 3617; x_wconf 87' lang='lat' dir='ltr'><strong>lilius,</strong></span> <span class='ocrx_word' id='word_1_357' title='bbox 597 3569 644 3603; x_wconf 81' lang='lat' dir='ltr'><strong>rex</strong></span> <span class='ocrx_word' id='word_1_358' title='bbox 654 3551 864 3623; x_wconf 85' lang='lat' dir='ltr'><strong>Megarensium,</strong></span> <span class='ocrx_word' id='word_1_359' title='bbox 876 3553 904 3602; x_wconf 90' lang='lat' dir='ltr'><strong>iu</strong></span> <span class='ocrx_word' id='word_1_360' title='bbox 919 3551 1005 3622; x_wconf 88' lang='lat' dir='ltr'><strong>capite</strong></span> <span class='ocrx_word' id='word_1_361' title='bbox 1020 3551 1119 3602; x_wconf 87' lang='lat' dir='ltr'><strong>crinem</strong></span> <span class='ocrx_word' id='word_1_362' title='bbox 1131 3567 1194 3620; x_wconf 91' lang='lat' dir='ltr'><strong>pur·</strong></span> 
     </span>
     <span class='ocr_line' id='line_1_40' title="bbox 154 3624 1193 3769; baseline -0.002 -91"><span class='ocrx_word' id='word_1_363' title='bbox 154 3635 270 3769; x_wconf 53' lang='lat' dir='ltr'><strong>pugqqm</strong></span> <span class='ocrx_word' id='word_1_364' title='bbox 278 3624 403 3680; x_wconf 90' lang='lat' dir='ltr'><strong>habuisse</strong></span> <span class='ocrx_word' id='word_1_365' title='bbox 414 3625 526 3691; x_wconf 78' lang='lat' dir='ltr'><strong>dicitur3</strong></span> <span class='ocrx_word' id='word_1_366' title='bbox 536 3651 547 3676; x_wconf 82' lang='grc' dir='ltr'>ι</span> <span class='ocrx_word' id='word_1_367' title='bbox 561 3628 633 3680; x_wconf 91' lang='lat' dir='ltr'><strong>unde</strong></span> <span class='ocrx_word' id='word_1_368' title='bbox 640 3647 786 3701; x_wconf 72' lang='lat' dir='ltr'><strong>purpureus</strong></span> <span class='ocrx_word' id='word_1_369' title='bbox 796 3647 872 3682; x_wconf 75' lang='lat' dir='ltr'><strong>senex</strong></span> <span class='ocrx_word' id='word_1_370' title='bbox 881 3629 976 3682; x_wconf 87' lang='lat' dir='ltr'><strong>dicitur</strong></span> <span class='ocrx_word' id='word_1_371' title='bbox 986 3632 1099 3694; x_wconf 82' lang='lat' dir='ltr'><strong>Nostro,</strong></span> <span class='ocrx_word' id='word_1_372' title='bbox 1109 3625 1193 3679; x_wconf 85' lang='lat' dir='ltr'><strong>Theb.</strong></span> 
     </span>
     <span class='ocr_line' id='line_1_41' title="bbox 174 3740 258 3769; baseline -0.012 -11"><span class='ocrx_word' id='word_1_373' title='bbox 174 3740 183 3769; x_wconf 64' lang='lat'>’</span> <span class='ocrx_word' id='word_1_374' title='bbox 250 3743 258 3757; x_wconf 74' lang='grc' dir='ltr'>ί</span> 
     </span>
    </p>
   </div>
   <div class='ocr_carea' id='block_1_12' title="bbox 154 3853 1194 4088">
    <p class='ocr_par' dir='ltr' id='par_1_12' title="bbox 154 3853 1194 4088">
     <span class='ocr_line' id='line_1_42' title="bbox 191 3853 1194 3930; baseline 0.001 -24"><span class='ocrx_word' id='word_1_375' title='bbox 191 3853 233 3907; x_wconf 82' lang='grc'><strong>88.</strong></span> <span class='ocrx_word' id='word_1_376' title='bbox 252 3855 399 3909; x_wconf 80' lang='lat' dir='ltr'><strong>Aacurmat</strong></span> <span class='ocrx_word' id='word_1_377' title='bbox 416 3861 496 3910; x_wconf 85' lang='lat' dir='ltr'><strong>terreri</strong></span> <span class='ocrx_word' id='word_1_378' title='bbox 509 3857 615 3930; x_wconf 80' lang='lat' dir='ltr'><strong>Papiria</strong></span> <span class='ocrx_word' id='word_1_379' title='bbox 628 3877 687 3911; x_wconf 77' lang='lat' dir='ltr'><strong>eura</strong></span> <span class='ocrx_word' id='word_1_380' title='bbox 703 3869 785 3910; x_wconf 83' lang='lat' dir='ltr'><strong>matre</strong></span> <span class='ocrx_word' id='word_1_381' title='bbox 801 3859 923 3912; x_wconf 85' lang='lat' dir='ltr'><strong>volueres.</strong></span> <span class='ocrx_word' id='word_1_382' title='bbox 941 3860 990 3910; x_wconf 81' lang='lat' dir='ltr'><strong>Per</strong></span> <span class='ocrx_word' id='word_1_383' title='bbox 1007 3869 1104 3910; x_wconf 68' lang='lat' dir='ltr'><strong>uma</strong></span> <span class='ocrx_word' id='word_1_384' title='bbox 1122 3856 1194 3908; x_wconf 85' lang='lat' dir='ltr'><strong>volu·</strong></span> 
     </span>
     <span class='ocr_line' id='line_1_43' title="bbox 154 3934 1194 4009; baseline -0.002 -23"><span class='ocrx_word' id='word_1_385' title='bbox 154 3950 206 3986; x_wconf 80' lang='lat' dir='ltr'><strong>cres</strong></span> <span class='ocrx_word' id='word_1_386' title='bbox 217 3934 339 4006; x_wconf 88' lang='lat' dir='ltr'><strong>intelligit</strong></span> <span class='ocrx_word' id='word_1_387' title='bbox 349 3937 501 4009; x_wconf 79' lang='lat' dir='ltr'><strong>Cupidines3</strong></span> <span class='ocrx_word' id='word_1_388' title='bbox 514 3938 560 3990; x_wconf 89' lang='lat' dir='ltr'><strong>sed</strong></span> <span class='ocrx_word' id='word_1_389' title='bbox 569 3937 634 3990; x_wconf 92' lang='lat' dir='ltr'><strong>mihi</strong></span> <span class='ocrx_word' id='word_1_390' title='bbox 643 3939 685 3989; x_wconf 83' lang='lat' dir='ltr'><strong>vix</strong></span> <span class='ocrx_word' id='word_1_391' title='bbox 695 3937 820 3990; x_wconf 86' lang='lat' dir='ltr'><strong>credibile</strong></span> <span class='ocrx_word' id='word_1_392' title='bbox 832 3952 872 3990; x_wconf 89' lang='lat' dir='ltr'><strong>est</strong></span> <span class='ocrx_word' id='word_1_393' title='bbox 881 3941 992 3992; x_wconf 88' lang='lat' dir='ltr'><strong>Statium</strong></span> <span class='ocrx_word' id='word_1_394' title='bbox 1002 3935 1056 3989; x_wconf 91' lang='lat' dir='ltr'><strong>duo</strong></span> <span class='ocrx_word' id='word_1_395' title='bbox 1067 3935 1194 4008; x_wconf 84' lang='lat' dir='ltr'><strong>adjectiva</strong></span> 
     </span>
     <span class='ocr_line' id='line_1_44' title="bbox 155 4013 1193 4088; baseline 0 -23"><span class='ocrx_word' id='word_1_396' title='bbox 155 4015 212 4066; x_wconf 87' lang='lat' dir='ltr'><strong>sine</strong></span> <span class='ocrx_word' id='word_1_397' title='bbox 220 4013 386 4070; x_wconf 81' lang='lat' dir='ltr'><strong>substantivo</strong></span> <span class='ocrx_word' id='word_1_398' title='bbox 395 4015 554 4070; x_wconf 85' lang='lat' dir='ltr'><strong>adhibuisse.</strong></span> <span class='ocrx_word' id='word_1_399' title='bbox 565 4017 632 4071; x_wconf 89' lang='lat' dir='ltr'><strong>Vide</strong></span> <span class='ocrx_word' id='word_1_400' title='bbox 642 4017 740 4088; x_wconf 90' lang='lat' dir='ltr'><strong>quibus</strong></span> <span class='ocrx_word' id='word_1_401' title='bbox 749 4017 894 4071; x_wconf 88' lang='lat' dir='ltr'><strong>rationibus</strong></span> <span class='ocrx_word' id='word_1_402' title='bbox 905 4013 1028 4069; x_wconf 88' lang='lat' dir='ltr'><strong>inductus</strong></span> <span class='ocrx_word' id='word_1_403' title='bbox 1037 4017 1097 4085; x_wconf 81' lang='lat' dir='ltr'><strong>lego</strong></span> <span class='ocrx_word' id='word_1_404' title='bbox 1104 4013 1180 4086; x_wconf 82' lang='lat' dir='ltr'><strong>pueri</strong></span> <span class='ocrx_word' id='word_1_405' title='bbox 1185 4052 1193 4077; x_wconf 89' lang='lat'>‚</span> 
     </span>
    </p>
   </div>
   <div class='ocr_carea' id='block_1_13' title="bbox 0 0 1416 4488">
    <p class='ocr_par' dir='ltr' id='par_1_13' title="bbox 0 0 1416 4488">
     <span class='ocr_line' id='line_1_45' title="bbox 0 0 1416 4488; baseline 0 0"><span class='ocrx_word' id='word_1_406' title='bbox 0 0 1416 4488; x_wconf 95' lang='lat' dir='ltr'><strong> </strong></span> 
     </span>
    </p>
   </div>
  </div>
 </body>
</html>
