2858 4492
371 353 501 417 utens
526 351 736 417 sacuam
762 353 1014 418 sinvsnuu.
1146 353 1212 446 259

167 484 226 536 hnc
232 494 324 535 notat:
337 481 450 552 ultaque
458 496 539 551 Qum
548 479 583 530 ait
591 476 706 550 deisque,
716 475 844 542 subaudi,
852 478 968 529 convicia
978 477 1086 549 inferos,
1098 493 1145 533 aut
1152 481 1216 554 quid

169 561 261 616 simile.
278 558 329 613 Vel
348 559 407 630 lege
420 559 543 631 meque,
559 571 687 629 «rumpat
700 557 790 609 irenos
804 555 883 608 dolor
901 559 963 624 iste,
980 558 1137 631 deosquezs
1156 561 1216 615 deos

168 661 274 716 nempe,
288 640 316 693 itl
330 653 382 708 est,
398 638 510 692 &orum
524 636 648 690 invidiam
664 649 820 702 contemne,
837 635 876 688 vel
892 637 996 689 fortiter
1008 639 1109 692 feras..
1127 643 1214 708 Quam

169 720 351 794 multipliciter
360 729 455 791 peccat
465 720 505 770 vir
513 715 701 790 politissimus!
714 717 829 767 Primum
839 733 957 788 rumpere
965 718 1023 771 deos
1033 739 1082 791 pro
1092 721 1216 776 invidiam

170 801 283 855 deornm
296 812 462 854 contemnere
471 797 513 850 rel
522 796 631 870 fortiter
637 798 724 871 sem
737 794 845 867 quodsi
859 815 952 850 sensus
967 811 992 850 et
1003 797 1108 870 phrasis
1120 800 1218 855 admit-

171 894 272 950 terent,
288 899 343 953 quo
357 893 447 932 tamen
463 877 603 933 referenda
614 890 702 932 essent
716 879 766 930 ista
779 877 873 930 Situm
888 878 954 930 duro
963 876 1087 951 placent?
1102 881 1218 950 Deinde,

171 963 236 1030 deis,
251 979 301 1034 pro
315 961 433 1012 couvuia
445 957 542 1032 inferos
552 958 613 1012 deis.
624 960 651 1012 Si
662 957 815 1030 hujusmodi
827 958 932 1030 ellipset
945 957 1128 1028 admittantur,
1143 962 1220 1034 quid-

171 1043 210 1096 vis
226 1061 258 1094 en
273 1041 366 1112 quovis
379 1038 487 1112 probari
500 1051 598 1110 potest.
613 1037 683 1090 Olim
695 1040 875 1109 conjeceram,
891 1038 1015 1110 ·(deistte
1027 1043 1077 1094 Hei
1089 1055 1143 1094 mm
1153 1042 1220 1096 dura
1325 1079 1329 1089 ι

172 1121 310 1195 placenti)
321 1119 456 1172 hominem
468 1121 551 1192 gemis
563 1117 622 1192 (hei
632 1119 712 1172 mihil
727 1119 814 1174 subdo
827 1121 887 1190 lpse
898 1119 999 1192 iaces),
1011 1119 1159 1190 hominem,
1170 1125 1222 1176 Ur-

174 1221 214 1270 se,
226 1215 278 1254 etc.
290 1224 301 1248 ι
315 1201 378 1254 Non
387 1200 469 1268 male,
482 1201 588 1272 opinor,
601 1201 664 1271 qnia
673 1200 743 1254 idem
753 1203 946 1272 conjectantem
955 1215 1049 1272 postes
1057 1201 1223 1274 deprehendi

173 1281 352 1346 Gronovium‚
368 1278 451 1331 Diatr.
467 1297 527 1352 cap.
543 1296 592 1346 nt,
606 1280 652 1351 qni
664 1279 801 1344 observat,
816 1279 942 1334 nsunma
957 1275 999 1335 art
1013 1281 1224 1336 excellentissimi

174 1373 260 1432 poetae
279 1359 408 1432 estquod
426 1357 554 1432 periodos
571 1358 663 1412 breves
681 1358 753 1414 telnt
771 1359 929 1430 singultibus
943 1362 1130 1434 interstlngnit.
1144 1364 1180 1414 to·
1197 1366 1224 1416 in

175 1453 235 1492 vett.
251 1437 312 1492 libr.
327 1440 455 1511 scriptum
469 1439 571 1506 iuerat,
586 1452 615 1492 ut
629 1439 741 1504 assolet,
755 1457 804 1510 pro
818 1438 886 1492 Hei.-
900 1438 928 1491 id
942 1441 970 1492 in
981 1441 1010 1493 Sa·
1021 1440 1221 1512 degeneravit.-

176 1523 207 1572 Et
218 1518 271 1572 hoc
283 1538 347 1574 sane
358 1519 492 1593 placeret,
504 1519 555 1571 nisi
565 1517 637 1571 hanc
650 1519 753 1587 locum,
766 1531 868 1570 retenta
878 1520 961 1572 veteri
971 1518 1100 1588 lectione,
1113 1522 1227 1595 explica·

175 1613 213 1650 ret
226 1598 335 1651 doctiss.
351 1597 499 1666 Bentleius,
513 1611 568 1650 not.
585 1597 619 1649 ad
635 1601 727 1650 Horat.
742 1599 817 1650 Satir.
833 1597 869 1661 ll,
885 1615 914 1666 7,
925 1615 993 1650 vers.
1009 1597 1056 1666 83,
1071 1598 1111 1652 his
1125 1600 1227 1654 verbis:

180 1681 317 1732 *houset
326 1682 424 1732 Ursum
434 1690 529 1750 poeta,
542 1677 615 1752 quod
625 1681 652 1732 in
658 1677 763 1751 famuli
773 1693 858 1733 morte
869 1691 922 1730 tam
932 1679 1020 1730 acerbe
1029 1678 1145 1751 lugeret:
1163 1684 1228 1734 «Fa-

178 1759 294 1826 mnlntn,
308 1761 412 1831 inquit,
429 1761 526 1830 gemis,
544 1758 592 1812 ted
608 1760 697 1830 pium,
711 1757 758 1814 aed
771 1771 859 1810 mente
875 1760 1030 1828 ingenuum.
1042 1782 1053 1807 ι
1070 1759 1134 1813 Esto
1148 1764 1228 1832 igitar

177 1839 294 1892 famulus
305 1841 342 1912 (si
356 1841 460 1912 deisque
471 1850 525 1893 tom
539 1841 604 1892 dana
614 1837 736 1912 placertes
749 1839 801 1890 boc
815 1853 868 1906 est,
879 1853 909 1892 ut
921 1852 975 1890 tem
987 1838 1102 1892 liberalis
1113 1860 1180 1913 puer
1192 1845 1229 1895 in·

175 1920 244 1974 dolis
257 1920 299 1974 vel
310 1919 437 1974 nascendi
449 1919 604 1974 conditione
617 1918 658 1974 vel
672 1922 830 1994 captivitatis
845 1935 917 1974 sorte
929 1923 997 1974 toret
1009 1922 1127 1996 servus);
1141 1933 1171 1974 at
1181 1924 1229 1976 bo-

175 2003 273 2054 minem
290 2005 395 2074 yemis.-
416 2000 481 2073 quid
497 1999 542 2052 hic
561 1999 735 2071 pudendum?
752 2013 854 2072 quanto
871 1999 923 2054 hoc
940 2003 1036 2071 justins
1054 2019 1134 2073 quam
1154 2005 1227 2074 quod

178 2105 191 2128 ι
199 2083 283 2134 Persae
294 2100 392 2154 equam
406 2081 518 2148 fortem,
530 2081 642 2134 Molossi
654 2099 747 2139 cauom
759 2081 841 2135 fidum
856 2078 948 2152 lugent
958 2084 1154 2136 exstinctum?-
1168 2087 1229 2138 Hssc

175 2162 217 2212 vir
231 2179 365 2226 sammus3
380 2174 407 2214 et
417 2159 470 2212 boo
485 2160 590 2233 quidem
607 2173 687 2231 pacto
703 2161 819 2231 optimus
834 2155 952 2243 exsurgit
965 2179 1071 2225 sensam
1087 2161 1177 2216 adhuc
1189 2179 1230 2218 ta·

176 2261 253 2308 men,
268 2254 298 2293 nt
311 2239 377 2292 mihi
390 2238 503 2308 videtur,
516 2238 608 2294 turbat
623 2237 770 2310 istudque,
784 2239 859 2313 quod
873 2239 1037 2312 superfluunt
1051 2256 1104 2309 est,
1119 2261 1169 2296 nec
1180 2243 1230 2296 sli-

180 2320 245 2396 quid
259 2323 411 2385 connectit,
430 2335 512 2396 prout
524 2319 613 2374 videro
626 2335 704 2393 potes
722 2321 802 2377 ctiam
820 2323 847 2374 in
865 2320 1041 2393 explicatione
1057 2324 1229 2378 ilentleians:

179 2421 258 2475 wem
274 2402 355 2453 etiam
370 2403 392 2454 si
407 2399 545 2467 admittas,
561 2399 650 2452 alieno
665 2411 752 2454 tannen
766 2399 828 2452 loco
842 2413 979 2471 ponuntur
992 2403 1042 2456 ista
1060 2403 1191 2476 «deisque
1204 2405 1231 2458 Si

179 2493 232 2532 tam
251 2479 318 2532 dura
331 2479 477 2551 placent:-
496 2476 647 2531 debuerunt
665 2479 736 2530 enim
754 2480 830 2549 sequi
847 2497 940 2531 vocem
952 2480 1108 2553 famulum:
1127 2487 1231 2555 spernis

179 2557 289 2632 quidem
301 2558 430 2611 famulum
441 2557 484 2629 (Si
494 2557 550 2610 dcis
562 2570 615 2609 nm
628 2555 696 2609 dura
707 2556 829 2630 placent)
841 2557 887 2610 sed
899 2561 987 2630 pium,
1001 2574 1051 2614 etc.
1063 2585 1074 2608 ι
1089 2564 1125 2615 ita
1137 2565 1230 2635 paullo

179 2653 256 2705 ante,
272 2637 421 2691 ulamalam
431 2637 574 2710 (quoniam
586 2657 675 2689 rerum
685 2639 774 2690 omnia
787 2656 854 2689 casca
866 2637 908 2690 Sic
919 2641 1011 2694 miscet
1020 2642 1139 2694 Fortuna
1150 2662 1231 2698 manu

179 2740 232 2774 noc
245 2735 354 2793 pectora
367 2722 455 2791 notit)
468 2723 583 2794 gemis.»
599 2721 700 2774 Revera
714 2724 756 2774 vix
769 2721 845 2773 alitor
859 2719 974 2774 scrihere
987 2725 1075 2795 potuit
1088 2724 1185 2778 Statius
1200 2746 1230 2779 ac

181 2803 336 2869 conjecerat
346 2801 507 2870 Gronovius,
522 2825 534 2848 ι
544 2813 651 2872 rumpet
661 2801 754 2853 frenos
766 2799 845 2852 dolor
856 2801 905 2853 iste
917 2799 1023 2870 (deisne
1033 2805 1082 2855 Hei
1097 2819 1149 2858 tam
1164 2805 1230 2858 dura

180 2877 334 2951 placenti),
343 2878 474 2934 hominem
484 2881 565 2954 gemis
572 2893 638 2947 ,eto
647 2903 658 2928 ι
667 2879 785 2932 Omnino
791 2877 855 2931 hnic
862 2879 954 2932 similis
962 2879 1137 2954 apostrophe,
1144 2881 1228 2935 Theb.

181 2963 219 3029 X,
232 2979 299 3036 799,
310 2959 357 3014 ahl
368 2975 452 3016 mater
463 2963 593 3016 Mcnoecei
604 2963 731 3032 queritur,

631 3088 636 3097 .
648 3085 652 3096 .
663 3085 668 3096 .
678 3085 684 3095 .
692 3064 736 3096 nos
745 3065 805 3096 scta
814 3049 905 3114 piacula
913 3047 976 3096 hello

366 3123 468 3178 Μαι,
479 3132 505 3167 nt
514 3120 608 3168 monis
618 3119 709 3184 (placet
717 3118 763 3167 hoc
772 3119 828 3176 tibi,
839 3118 941 3166 fulminis
951 3119 1059 3180 auctori)

364 3193 529 3257 OEdipothnaii
536 3203 629 3242 mutent
636 3191 765 3240 &densata
775 3192 871 3238 hatest?

182 3289 263 3338 neers
271 3303 334 3338 vero
345 3283 417 3337 idem
425 3285 465 3337 vir
473 3301 584 3355 magnus
593 3281 745 3356 distinguit,
757 3294 830 3337 usum
838 3281 970 3336 seruitium
975 3319 984 3347 ,
998 3300 1052 3335 non
1066 3295 1137 3335 mum
1150 3285 1235 3338 bomi-

182 3384 253 3418 nem.
272 3365 408 3439 Sequitur,
422 3386 434 3409 ι
445 3367 491 3436 qni
503 3377 611 3437 sponte,
629 3361 730 3438 sibique
745 3364 904 3435 imperiosus
917 3377 1008 3426 erat5·
1024 3364 1120 3416 iterum
1132 3364 1236 3418 videtur

185 3445 320 3500 abundet-e
328 3465 395 3520 que:
407 3447 471 3500 satis
480 3448 548 3501 enim
557 3449 612 3497 erat
621 3444 731 3510 dixisse,
744 3444 809 3515 squi
817 3456 913 3516 sponte
921 3443 1135 3517 sibiimperiosns
1143 3459 1232 3512 erat,-

184 3529 281 3579 onsisso
293 3527 328 3594 τᾷ
339 3545 404 3599 ostes
419 3544 453 3577 an
467 3526 584 3597 scripsit,
601 3527 669 3596 equi
685 3535 780 3595 sponte
797 3523 847 3576 sihi
861 3525 908 3594 qui
920 3524 1082 3596 Imperiosus
1097 3526 1188 3577 erat?-
1206 3539 1236 3578 ut

183 3608 211 3658 in
222 3607 274 3658 isto
285 3609 402 3674 Horatii,
415 3605 454 3673 11,
467 3605 521 3658 Sat.
535 3623 565 3678 7,
579 3603 631 3667 83;
649 3604 720 3656 «sibi
732 3605 777 3674 qni
789 3604 953 3675 imperiosus.
964 3626 975 3649 ι
988 3602 1050 3670 Vel,
1062 3627 1074 3649 ι
1085 3605 1131 3676 qui
1140 3618 1236 3677 sponte

185 3685 289 3738 sibimet
299 3686 461 3760 imperiosus
471 3697 565 3750 erat;·
581 3703 667 3757 quaere
680 3702 713 3737 an
725 3681 782 3735 haec
793 3701 844 3734 vox
855 3701 974 3756 unquam
986 3701 1090 3736 versum
1102 3683 1184 3736 finiat.

222 3827 263 3880 28.
282 3827 403 3881 mos
417 3825 513 3880 latiens
527 3826 621 3900 dq’eoit
634 3825 660 3876 ia
676 3825 876 3898 concrepitans.
890 3823 991 3890 Quibus
1005 3825 1100 3876 invisas
1109 3825 1187 3893 pinus
1198 3821 1240 3874 ‹li-

182 3908 239 3958 cit?
248 3925 303 3959 nnn
315 3908 387 3960 asim
399 3905 521 3960 absolute
534 3906 622 3959 iuuisse
634 3903 686 3956 (lici
698 3917 810 3976 possunt
817 3925 825 3965 ;
838 3904 940 3975 quippe
952 3902 1058 3954 Helene
1069 3919 1124 3953 non
1137 3902 1239 3966 iuuisse,

187 3987 275 4040 Paridi
288 4006 345 4042 non
359 3988 465 4042 inrue:
481 4005 536 4039 non
550 3987 629 4057 igitur
643 3983 797 4056 simpliciter
811 3982 907 4035 invise
920 3982 1052 4052 Suspicari
1065 3998 1158 4051 posses
1173 3979 1241 4031 iace·

185 4079 237 4119 stes
249 4067 343 4140 platus,
363 4087 395 4120 ss
409 4065 472 4120 locs
485 4063 626 4119 Achilleid.
647 4066 683 4129 ll,
700 4063 761 4116 363.
777 4061 829 4115 sed
844 4063 929 4131 majus
947 4059 1047 4131 aliquid
1062 4059 1140 4110 latet:
1162 4077 1242 4130 quare

1024 4172 1072 4235 17.
