<?xml version="1.0" encoding="UTF-8"?>
<!DOCTYPE html PUBLIC "-//W3C//DTD XHTML 1.0 Transitional//EN"
    "http://www.w3.org/TR/xhtml1/DTD/xhtml1-transitional.dtd">
<html xmlns="http://www.w3.org/1999/xhtml" xml:lang="en" lang="en">
 <head>
  <title>
</title>
<meta http-equiv="Content-Type" content="text/html;charset=utf-8" />
  <meta name='ocr-system' content='tesseract 3.04.00' />
  <meta name='ocr-capabilities' content='ocr_page ocr_carea ocr_par ocr_line ocrx_word'/>
</head>
<body>
  <div class='ocr_page' id='page_1' title='image "./quexstantomniao03lemagoog_0068.png"; bbox 0 0 2784 4484; ppageno 0'>
   <div class='ocr_carea' id='block_1_1' title="bbox 182 262 1027 332">
    <p class='ocr_par' dir='ltr' id='par_1_1' title="bbox 182 262 1027 332">
     <span class='ocr_line' id='line_1_1' title="bbox 182 262 1027 332; baseline 0 0"><span class='ocrx_word' id='word_1_1' title='bbox 182 269 225 332; x_wconf 84' lang='lat'><strong>30</strong></span> <span class='ocrx_word' id='word_1_2' title='bbox 268 269 271 278; x_wconf 70' lang='lat'>‘</span> <span class='ocrx_word' id='word_1_3' title='bbox 371 263 507 329; x_wconf 83' lang='lat' dir='ltr'>NOTAE</span> <span class='ocrx_word' id='word_1_4' title='bbox 530 262 579 328; x_wconf 84' lang='lat' dir='ltr'><strong>IN</strong></span> <span class='ocrx_word' id='word_1_5' title='bbox 604 263 804 330; x_wconf 81' lang='lat' dir='ltr'>CARMEN</span> <span class='ocrx_word' id='word_1_6' title='bbox 828 265 1027 332; x_wconf 88' lang='lat' dir='ltr'>PRIMUM</span> 
     </span>
    </p>
   </div>
   <div class='ocr_carea' id='block_1_2' title="bbox 175 382 1222 1101">
    <p class='ocr_par' dir='ltr' id='par_1_2' title="bbox 175 382 1222 1101">
     <span class='ocr_line' id='line_1_2' title="bbox 179 382 1222 468; baseline -0.006 -24"><span class='ocrx_word' id='word_1_7' title='bbox 179 393 248 444; x_wconf 84' lang='lat' dir='ltr'><strong>mine</strong></span> <span class='ocrx_word' id='word_1_8' title='bbox 260 391 390 458; x_wconf 69' lang='lat' dir='ltr'><strong>asstnste</strong></span> <span class='ocrx_word' id='word_1_9' title='bbox 402 385 460 438; x_wconf 86' lang='lat' dir='ltr'><strong>fuit.</strong></span> <span class='ocrx_word' id='word_1_10' title='bbox 473 386 567 440; x_wconf 87' lang='lat' dir='ltr'><strong>Statim</strong></span> <span class='ocrx_word' id='word_1_11' title='bbox 576 385 628 438; x_wconf 84' lang='lat' dir='ltr'><strong>vidi</strong></span> <span class='ocrx_word' id='word_1_12' title='bbox 640 382 733 438; x_wconf 86' lang='lat' dir='ltr'><strong>deesse</strong></span> <span class='ocrx_word' id='word_1_13' title='bbox 744 384 877 458; x_wconf 77' lang='lat' dir='ltr'><strong>epitheton</strong></span> <span class='ocrx_word' id='word_1_14' title='bbox 888 387 923 455; x_wconf 68' lang='grc' dir='ltr'><strong>σᾷ</strong></span> <span class='ocrx_word' id='word_1_15' title='bbox 931 389 1023 459; x_wconf 73' lang='lat' dir='ltr'><strong>pulses,</strong></span> <span class='ocrx_word' id='word_1_16' title='bbox 1037 413 1048 438; x_wconf 82' lang='grc' dir='ltr'>ι</span> <span class='ocrx_word' id='word_1_17' title='bbox 1060 429 1064 438; x_wconf 97' lang='grc'>.</span> <span class='ocrx_word' id='word_1_18' title='bbox 1076 393 1222 468; x_wconf 53' lang='lat' dir='ltr'><strong>...stupis</strong></span> 
     </span>
     <span class='ocr_line' id='line_1_3' title="bbox 179 465 1220 540; baseline 0.002 -17"><span class='ocrx_word' id='word_1_19' title='bbox 179 470 260 524; x_wconf 81' lang='lat' dir='ltr'><strong>ardua</strong></span> <span class='ocrx_word' id='word_1_20' title='bbox 271 467 350 540; x_wconf 82' lang='lat' dir='ltr'><strong>puisu</strong></span> <span class='ocrx_word' id='word_1_21' title='bbox 363 465 486 519; x_wconf 78' lang='lat' dir='ltr'><strong>Machina</strong></span> <span class='ocrx_word' id='word_1_22' title='bbox 498 465 641 518; x_wconf 86' lang='lat' dir='ltr'><strong>continuo:</strong></span> <span class='ocrx_word' id='word_1_23' title='bbox 653 488 665 512; x_wconf 75' lang='grc' dir='ltr'>ι</span> <span class='ocrx_word' id='word_1_24' title='bbox 683 468 745 518; x_wconf 86' lang='lat' dir='ltr'><strong>Non</strong></span> <span class='ocrx_word' id='word_1_25' title='bbox 761 467 830 517; x_wconf 87' lang='lat' dir='ltr'><strong>enirn</strong></span> <span class='ocrx_word' id='word_1_26' title='bbox 844 468 907 518; x_wconf 82' lang='lat' dir='ltr'><strong>setis</strong></span> <span class='ocrx_word' id='word_1_27' title='bbox 923 467 973 520; x_wconf 77' lang='lat' dir='ltr'><strong>fuit</strong></span> <span class='ocrx_word' id='word_1_28' title='bbox 983 468 1135 524; x_wconf 83' lang='lat' dir='ltr'><strong>machinam</strong></span> <span class='ocrx_word' id='word_1_29' title='bbox 1149 473 1220 528; x_wconf 84' lang='lat' dir='ltr'><strong>banc</strong></span> 
     </span>
     <span class='ocr_line' id='line_1_4' title="bbox 177 541 1221 616; baseline 0.006 -16"><span class='ocrx_word' id='word_1_30' title='bbox 177 568 224 601; x_wconf 88' lang='lat' dir='ltr'><strong>seu</strong></span> <span class='ocrx_word' id='word_1_31' title='bbox 238 546 334 599; x_wconf 81' lang='lat' dir='ltr'><strong>molem</strong></span> <span class='ocrx_word' id='word_1_32' title='bbox 344 543 422 616; x_wconf 80' lang='lat' dir='ltr'><strong>pulsu</strong></span> <span class='ocrx_word' id='word_1_33' title='bbox 434 557 565 615; x_wconf 78' lang='lat' dir='ltr'>strepere,</span> <span class='ocrx_word' id='word_1_34' title='bbox 582 544 633 596; x_wconf 89' lang='lat' dir='ltr'><strong>nisi</strong></span> <span class='ocrx_word' id='word_1_35' title='bbox 646 541 689 595; x_wconf 90' lang='lat' dir='ltr'><strong>bic</strong></span> <span class='ocrx_word' id='word_1_36' title='bbox 702 557 771 596; x_wconf 87' lang='lat' dir='ltr'><strong>esset</strong></span> <span class='ocrx_word' id='word_1_37' title='bbox 781 545 925 598; x_wconf 78' lang='lat' dir='ltr'><strong>continuus.</strong></span> <span class='ocrx_word' id='word_1_38' title='bbox 942 549 1004 598; x_wconf 80' lang='lat' dir='ltr'><strong>IIaec</strong></span> <span class='ocrx_word' id='word_1_39' title='bbox 1016 551 1086 599; x_wconf 86' lang='lat' dir='ltr'><strong>enirn</strong></span> <span class='ocrx_word' id='word_1_40' title='bbox 1097 569 1171 604; x_wconf 89' lang='lat' dir='ltr'><strong>mens</strong></span> <span class='ocrx_word' id='word_1_41' title='bbox 1181 565 1221 605; x_wconf 89' lang='lat' dir='ltr'><strong>est</strong></span> 
     </span>
     <span class='ocr_line' id='line_1_5' title="bbox 176 623 1221 701; baseline 0.005 -21"><span class='ocrx_word' id='word_1_42' title='bbox 176 641 260 700; x_wconf 82' lang='lat' dir='ltr'><strong>poetae</strong></span> <span class='ocrx_word' id='word_1_43' title='bbox 276 629 303 678; x_wconf 92' lang='lat' dir='ltr'><strong>in</strong></span> <span class='ocrx_word' id='word_1_44' title='bbox 320 625 373 676; x_wconf 92' lang='lat' dir='ltr'><strong>hoc</strong></span> <span class='ocrx_word' id='word_1_45' title='bbox 392 624 465 690; x_wconf 76' lang='lat' dir='ltr'><strong>loco,</strong></span> <span class='ocrx_word' id='word_1_46' title='bbox 484 623 593 676; x_wconf 87' lang='lat' dir='ltr'><strong>laudare</strong></span> <span class='ocrx_word' id='word_1_47' title='bbox 612 642 679 695; x_wconf 86' lang='lat' dir='ltr'><strong>opus</strong></span> <span class='ocrx_word' id='word_1_48' title='bbox 695 623 732 676; x_wconf 94' lang='lat' dir='ltr'><strong>ob</strong></span> <span class='ocrx_word' id='word_1_49' title='bbox 750 624 925 688; x_wconf 71' lang='lat' dir='ltr'><strong>celeritatem</strong></span> <span class='ocrx_word' id='word_1_50' title='bbox 945 627 1002 680; x_wconf 83' lang='lat' dir='ltr'><strong>Noc</strong></span> <span class='ocrx_word' id='word_1_51' title='bbox 1020 627 1104 701; x_wconf 80' lang='lat' dir='ltr'><strong>Ionqae</strong></span> <span class='ocrx_word' id='word_1_52' title='bbox 1123 641 1221 684; x_wconf 78' lang='lat' dir='ltr'><strong><em>traxere</em></strong></span> 
     </span>
     <span class='ocr_line' id='line_1_6' title="bbox 176 701 1220 776; baseline 0.007 -18"><span class='ocrx_word' id='word_1_53' title='bbox 176 724 268 772; x_wconf 77' lang='lat' dir='ltr'><strong>morte,</strong></span> <span class='ocrx_word' id='word_1_54' title='bbox 279 718 305 757; x_wconf 88' lang='lat' dir='ltr'><strong>ct</strong></span> <span class='ocrx_word' id='word_1_55' title='bbox 314 703 386 775; x_wconf 81' lang='lat' dir='ltr'><strong>operi</strong></span> <span class='ocrx_word' id='word_1_56' title='bbox 397 703 634 776; x_wconf 76' lang='lat' dir='ltr'><strong>intentajuuentus3</strong></span> <span class='ocrx_word' id='word_1_57' title='bbox 646 717 716 755; x_wconf 87' lang='lat' dir='ltr'><strong>recte</strong></span> <span class='ocrx_word' id='word_1_58' title='bbox 727 705 807 774; x_wconf 74' lang='lat' dir='ltr'><strong>igitur</strong></span> <span class='ocrx_word' id='word_1_59' title='bbox 815 701 893 775; x_wconf 77' lang='lat' dir='ltr'><strong>pulsu</strong></span> <span class='ocrx_word' id='word_1_60' title='bbox 905 705 1035 760; x_wconf 83' lang='lat' dir='ltr'><strong>continuo.</strong></span> <span class='ocrx_word' id='word_1_61' title='bbox 1048 711 1134 764; x_wconf 80' lang='lat' dir='ltr'><strong>Prima</strong></span> <span class='ocrx_word' id='word_1_62' title='bbox 1144 709 1220 764; x_wconf 84' lang='lat' dir='ltr'><strong>litera</strong></span> 
     </span>
     <span class='ocr_line' id='line_1_7' title="bbox 175 779 1220 856; baseline 0.003 -17"><span class='ocrx_word' id='word_1_63' title='bbox 175 787 248 839; x_wconf 84' lang='lat' dir='ltr'><strong>vocis</strong></span> <span class='ocrx_word' id='word_1_64' title='bbox 259 795 353 856; x_wconf 81' lang='lat' dir='ltr'><strong>septem</strong></span> <span class='ocrx_word' id='word_1_65' title='bbox 367 781 475 835; x_wconf 82' lang='lat' dir='ltr'><strong>edhaesit</strong></span> <span class='ocrx_word' id='word_1_66' title='bbox 486 779 643 854; x_wconf 75' lang='lat' dir='ltr'><strong>precedenti</strong></span> <span class='ocrx_word' id='word_1_67' title='bbox 652 782 790 844; x_wconf 64' lang='lat' dir='ltr'><strong>contineo,-</strong></span> <span class='ocrx_word' id='word_1_68' title='bbox 802 781 1029 853; x_wconf 65' lang='lat' dir='ltr'><strong>andecanem,</strong></span> <span class='ocrx_word' id='word_1_69' title='bbox 1043 803 1070 841; x_wconf 89' lang='lat' dir='ltr'><strong>et</strong></span> <span class='ocrx_word' id='word_1_70' title='bbox 1082 809 1144 842; x_wconf 82' lang='lat' dir='ltr'><strong>mox</strong></span> <span class='ocrx_word' id='word_1_71' title='bbox 1156 812 1220 846; x_wconf 74' lang='lat' dir='ltr'><strong>con-</strong></span> 
     </span>
     <span class='ocr_line' id='line_1_8' title="bbox 176 859 1218 942; baseline 0.006 -26"><span class='ocrx_word' id='word_1_72' title='bbox 176 866 271 921; x_wconf 83' lang='lat' dir='ltr'><strong>tinuus.</strong></span> <span class='ocrx_word' id='word_1_73' title='bbox 281 867 339 917; x_wconf 83' lang='lat' dir='ltr'><strong>Iam</strong></span> <span class='ocrx_word' id='word_1_74' title='bbox 350 861 384 916; x_wconf 92' lang='lat' dir='ltr'><strong>de</strong></span> <span class='ocrx_word' id='word_1_75' title='bbox 397 863 500 933; x_wconf 89' lang='lat' dir='ltr'><strong>reliquo</strong></span> <span class='ocrx_word' id='word_1_76' title='bbox 510 859 659 927; x_wconf 78' lang='lat' dir='ltr'><strong>videamus,</strong></span> <span class='ocrx_word' id='word_1_77' title='bbox 673 871 769 931; x_wconf 82' lang='lat' dir='ltr'><strong>septem</strong></span> <span class='ocrx_word' id='word_1_78' title='bbox 780 881 829 932; x_wconf 84' lang='lat' dir='ltr'><strong>per</strong></span> <span class='ocrx_word' id='word_1_79' title='bbox 839 861 957 916; x_wconf 81' lang='lat' dir='ltr'><strong>culmino</strong></span> <span class='ocrx_word' id='word_1_80' title='bbox 970 879 1072 920; x_wconf 86' lang='lat' dir='ltr'><strong>montes</strong></span> <span class='ocrx_word' id='word_1_81' title='bbox 1086 869 1108 920; x_wconf 84' lang='lat' dir='ltr'><strong>it</strong></span> <span class='ocrx_word' id='word_1_82' title='bbox 1114 869 1218 942; x_wconf 70' lang='lat' dir='ltr'><strong>frapor.</strong></span> 
     </span>
     <span class='ocr_line' id='line_1_9' title="bbox 175 937 1218 1017; baseline 0.003 -19"><span class='ocrx_word' id='word_1_83' title='bbox 175 947 224 998; x_wconf 86' lang='lat' dir='ltr'><strong>Hic</strong></span> <span class='ocrx_word' id='word_1_84' title='bbox 235 963 342 1017; x_wconf 87' lang='lat' dir='ltr'><strong>quoque</strong></span> <span class='ocrx_word' id='word_1_85' title='bbox 352 943 425 995; x_wconf 87' lang='lat' dir='ltr'><strong>deest</strong></span> <span class='ocrx_word' id='word_1_86' title='bbox 433 937 568 1013; x_wconf 79' lang='lat' dir='ltr'>epitheton</span> <span class='ocrx_word' id='word_1_87' title='bbox 577 939 724 1013; x_wconf 57' lang='lat' dir='ltr'><strong>edfraqon</strong></span> <span class='ocrx_word' id='word_1_88' title='bbox 733 959 820 1011; x_wconf 86' lang='lat' dir='ltr'><strong>neque</strong></span> <span class='ocrx_word' id='word_1_89' title='bbox 831 945 899 994; x_wconf 89' lang='lat' dir='ltr'><strong>enim</strong></span> <span class='ocrx_word' id='word_1_90' title='bbox 906 944 1002 1017; x_wconf 68' lang='lat' dir='ltr'><strong>stupor</strong></span> <span class='ocrx_word' id='word_1_91' title='bbox 1012 964 1060 1016; x_wconf 93' lang='lat' dir='ltr'><strong>per</strong></span> <span class='ocrx_word' id='word_1_92' title='bbox 1069 964 1096 998; x_wconf 90' lang='lat' dir='ltr'><strong>se</strong></span> <span class='ocrx_word' id='word_1_93' title='bbox 1106 950 1218 1016; x_wconf 83' lang='lat' dir='ltr'><strong>sufficit,</strong></span> 
     </span>
     <span class='ocr_line' id='line_1_10' title="bbox 175 1017 1219 1101; baseline 0.005 -25"><span class='ocrx_word' id='word_1_94' title='bbox 175 1037 203 1076; x_wconf 86' lang='lat' dir='ltr'><strong>et</strong></span> <span class='ocrx_word' id='word_1_95' title='bbox 221 1023 362 1097; x_wconf 82' lang='lat' dir='ltr'><strong>requiritur</strong></span> <span class='ocrx_word' id='word_1_96' title='bbox 380 1022 469 1092; x_wconf 75' lang='lat' dir='ltr'><strong>inqerss</strong></span> <span class='ocrx_word' id='word_1_97' title='bbox 489 1031 515 1070; x_wconf 91' lang='lat' dir='ltr'><strong>et</strong></span> <span class='ocrx_word' id='word_1_98' title='bbox 532 1028 632 1086; x_wconf 63' lang='lat' dir='ltr'><strong>vatus,</strong></span> <span class='ocrx_word' id='word_1_99' title='bbox 653 1032 679 1070; x_wconf 88' lang='lat' dir='ltr'><strong>et</strong></span> <span class='ocrx_word' id='word_1_100' title='bbox 696 1021 741 1090; x_wconf 91' lang='lat' dir='ltr'><strong>qui</strong></span> <span class='ocrx_word' id='word_1_101' title='bbox 755 1023 840 1092; x_wconf 80' lang='lat' dir='ltr'>possit</span> <span class='ocrx_word' id='word_1_102' title='bbox 849 1017 953 1097; x_wconf 68' lang='lat' dir='ltr'><strong>finpere</strong></span> <span class='ocrx_word' id='word_1_103' title='bbox 970 1043 1102 1078; x_wconf 73' lang='lat' dir='ltr'><strong>mannum</strong></span> <span class='ocrx_word' id='word_1_104' title='bbox 1115 1047 1219 1101; x_wconf 77' lang='lat' dir='ltr'><strong>maqnoe</strong></span> 
     </span>
    </p>
   </div>
   <div class='ocr_carea' id='block_1_3' title="bbox 174 1103 879 1232">
    <p class='ocr_par' dir='ltr' id='par_1_3' title="bbox 174 1103 879 1232">
     <span class='ocr_line' id='line_1_11' title="bbox 174 1103 879 1232; baseline 0.006 -18"><span class='ocrx_word' id='word_1_105' title='bbox 174 1105 270 1158; x_wconf 43' lang='lat' dir='ltr'><em>Rom·</em></span> <span class='ocrx_word' id='word_1_106' title='bbox 283 1103 367 1173; x_wconf 53' lang='lat' dir='ltr'>Lege,</span> <span class='ocrx_word' id='word_1_107' title='bbox 634 1170 719 1230; x_wconf 87' lang='lat' dir='ltr'><strong>Strepit</strong></span> <span class='ocrx_word' id='word_1_108' title='bbox 728 1168 801 1216; x_wconf 78' lang='lat' dir='ltr'><strong>ardna</strong></span> <span class='ocrx_word' id='word_1_109' title='bbox 810 1169 879 1232; x_wconf 86' lang='lat' dir='ltr'><strong>pulso</strong></span> 
     </span>
    </p>
   </div>
   <div class='ocr_carea' id='block_1_4' title="bbox 170 1237 1216 1865">
    <p class='ocr_par' dir='ltr' id='par_1_4' title="bbox 170 1237 1216 1865">
     <span class='ocr_line' id='line_1_12' title="bbox 356 1237 957 1302; baseline 0.008 -17"><span class='ocrx_word' id='word_1_110' title='bbox 356 1237 463 1286; x_wconf 80' lang='lat' dir='ltr'><strong>Mtebins</strong></span> <span class='ocrx_word' id='word_1_111' title='bbox 472 1237 599 1284; x_wconf 82' lang='lat' dir='ltr'><strong>continno:</strong></span> <span class='ocrx_word' id='word_1_112' title='bbox 609 1249 699 1302; x_wconf 80' lang='lat' dir='ltr'><strong>septem</strong></span> <span class='ocrx_word' id='word_1_113' title='bbox 708 1250 752 1301; x_wconf 88' lang='lat' dir='ltr'><strong>per</strong></span> <span class='ocrx_word' id='word_1_114' title='bbox 760 1239 860 1287; x_wconf 81' lang='lat' dir='ltr'><strong>cuImInt</strong></span> <span class='ocrx_word' id='word_1_115' title='bbox 870 1242 957 1290; x_wconf 86' lang='lat' dir='ltr'><strong>multus</strong></span> 
     </span>
     <span class='ocr_line' id='line_1_13' title="bbox 292 1309 474 1370; baseline 0.016 -17"><span class='ocrx_word' id='word_1_116' title='bbox 292 1323 298 1330; x_wconf 93' lang='lat'><em>·</em></span> <span class='ocrx_word' id='word_1_117' title='bbox 355 1309 474 1370; x_wconf 69' lang='lat' dir='ltr'><strong>Itirsqor:</strong></span> 
     </span>
     <span class='ocr_line' id='line_1_14' title="bbox 171 1395 1216 1480; baseline 0.003 -23"><span class='ocrx_word' id='word_1_118' title='bbox 171 1405 231 1457; x_wconf 77' lang='lat' dir='ltr'><strong>IIaeo</strong></span> <span class='ocrx_word' id='word_1_119' title='bbox 250 1414 289 1454; x_wconf 89' lang='lat' dir='ltr'><strong>est</strong></span> <span class='ocrx_word' id='word_1_120' title='bbox 306 1402 363 1472; x_wconf 85' lang='lat' dir='ltr'><strong>ipsa</strong></span> <span class='ocrx_word' id='word_1_121' title='bbox 377 1414 427 1450; x_wconf 85' lang='lat' dir='ltr'><strong>res.</strong></span> <span class='ocrx_word' id='word_1_122' title='bbox 442 1398 574 1470; x_wconf 84' lang='lat' dir='ltr'><strong>Scriptum</strong></span> <span class='ocrx_word' id='word_1_123' title='bbox 589 1397 640 1448; x_wconf 75' lang='lat' dir='ltr'><strong>frit</strong></span> <span class='ocrx_word' id='word_1_124' title='bbox 656 1395 753 1452; x_wconf 80' lang='lat' dir='ltr'><strong>moltus</strong></span> <span class='ocrx_word' id='word_1_125' title='bbox 770 1403 878 1473; x_wconf 84' lang='lat' dir='ltr'><strong>antiqua</strong></span> <span class='ocrx_word' id='word_1_126' title='bbox 897 1405 998 1456; x_wconf 81' lang='lat' dir='ltr'><strong>ratione</strong></span> <span class='ocrx_word' id='word_1_127' title='bbox 1014 1405 1145 1458; x_wconf 87' lang='lat' dir='ltr'><strong>scribendi</strong></span> <span class='ocrx_word' id='word_1_128' title='bbox 1163 1426 1216 1480; x_wconf 87' lang='lat' dir='ltr'><strong>pro</strong></span> 
     </span>
     <span class='ocr_line' id='line_1_15' title="bbox 171 1477 1216 1554; baseline 0.005 -18"><span class='ocrx_word' id='word_1_129' title='bbox 171 1482 282 1536; x_wconf 81' lang='lat' dir='ltr'><strong>multtes:</strong></span> <span class='ocrx_word' id='word_1_130' title='bbox 294 1480 357 1532; x_wconf 84' lang='lat' dir='ltr'><strong>inde</strong></span> <span class='ocrx_word' id='word_1_131' title='bbox 367 1479 501 1549; x_wconf 75' lang='lat' dir='ltr'><strong>frequenti</strong></span> <span class='ocrx_word' id='word_1_132' title='bbox 513 1479 570 1528; x_wconf 80' lang='lat' dir='ltr'><strong>rice</strong></span> <span class='ocrx_word' id='word_1_133' title='bbox 585 1477 720 1530; x_wconf 87' lang='lat' dir='ltr'><strong>literarum</strong></span> <span class='ocrx_word' id='word_1_134' title='bbox 734 1481 758 1531; x_wconf 82' lang='lat' dir='ltr'><strong>tt</strong></span> <span class='ocrx_word' id='word_1_135' title='bbox 770 1493 797 1532; x_wconf 89' lang='lat' dir='ltr'><strong>et</strong></span> <span class='ocrx_word' id='word_1_136' title='bbox 808 1481 841 1548; x_wconf 85' lang='lat' dir='ltr'><strong>L,</strong></span> <span class='ocrx_word' id='word_1_137' title='bbox 857 1495 976 1546; x_wconf 61' lang='lat' dir='ltr'><strong>mortun</strong></span> <span class='ocrx_word' id='word_1_138' title='bbox 990 1484 1087 1539; x_wconf 86' lang='lat' dir='ltr'><strong>dehinc</strong></span> <span class='ocrx_word' id='word_1_139' title='bbox 1101 1499 1216 1554; x_wconf 80' lang='lat' dir='ltr'><strong>montes,</strong></span> 
     </span>
     <span class='ocr_line' id='line_1_16' title="bbox 170 1556 1215 1638; baseline 0.002 -22"><span class='ocrx_word' id='word_1_140' title='bbox 170 1563 211 1616; x_wconf 76' lang='lat' dir='ltr'><strong>rel</strong></span> <span class='ocrx_word' id='word_1_141' title='bbox 226 1576 255 1615; x_wconf 93' lang='lat' dir='ltr'><strong>ut</strong></span> <span class='ocrx_word' id='word_1_142' title='bbox 268 1564 296 1614; x_wconf 92' lang='lat' dir='ltr'><strong>in</strong></span> <span class='ocrx_word' id='word_1_143' title='bbox 309 1561 385 1611; x_wconf 80' lang='lat' dir='ltr'><strong>Rom.</strong></span> <span class='ocrx_word' id='word_1_144' title='bbox 400 1556 466 1609; x_wconf 79' lang='lat' dir='ltr'><strong>cod.</strong></span> <span class='ocrx_word' id='word_1_145' title='bbox 482 1557 584 1609; x_wconf 78' lang='lat' dir='ltr'><strong>montis.</strong></span> <span class='ocrx_word' id='word_1_146' title='bbox 598 1557 700 1611; x_wconf 68' lang='lat' dir='ltr'><strong>Mutius</strong></span> <span class='ocrx_word' id='word_1_147' title='bbox 714 1559 813 1631; x_wconf 77' lang='lat' dir='ltr'><strong>fragor,</strong></span> <span class='ocrx_word' id='word_1_148' title='bbox 825 1575 855 1614; x_wconf 87' lang='lat' dir='ltr'><strong>ut</strong></span> <span class='ocrx_word' id='word_1_149' title='bbox 871 1564 961 1636; x_wconf 73' lang='lat' dir='ltr'><strong>irpeas</strong></span> <span class='ocrx_word' id='word_1_150' title='bbox 974 1565 1072 1638; x_wconf 70' lang='lat' dir='ltr'><strong>fragor,</strong></span> <span class='ocrx_word' id='word_1_151' title='bbox 1084 1567 1132 1619; x_wconf 86' lang='lat' dir='ltr'><strong>Ov.</strong></span> <span class='ocrx_word' id='word_1_152' title='bbox 1148 1569 1215 1620; x_wconf 87' lang='lat' dir='ltr'><strong>Met.</strong></span> 
     </span>
     <span class='ocr_line' id='line_1_17' title="bbox 170 1637 1216 1718; baseline 0.008 -26"><span class='ocrx_word' id='word_1_153' title='bbox 170 1643 219 1710; x_wconf 75' lang='lat' dir='ltr'><strong>XI,</strong></span> <span class='ocrx_word' id='word_1_154' title='bbox 233 1642 298 1714; x_wconf 76' lang='lat'><strong>5073</strong></span> <span class='ocrx_word' id='word_1_155' title='bbox 312 1642 397 1712; x_wconf 77' lang='lat' dir='ltr'><strong>major</strong></span> <span class='ocrx_word' id='word_1_156' title='bbox 407 1638 506 1708; x_wconf 68' lang='lat' dir='ltr'><strong>fragor,</strong></span> <span class='ocrx_word' id='word_1_157' title='bbox 519 1637 617 1690; x_wconf 83' lang='lat' dir='ltr'><strong>Nostro</strong></span> <span class='ocrx_word' id='word_1_158' title='bbox 629 1637 691 1690; x_wconf 80' lang='lat' dir='ltr'><strong>suv.</strong></span> <span class='ocrx_word' id='word_1_159' title='bbox 705 1640 753 1705; x_wconf 84' lang='lat'>111,</span> <span class='ocrx_word' id='word_1_160' title='bbox 768 1657 791 1705; x_wconf 82' lang='grc' dir='ltr'><strong>ι,</strong></span> <span class='ocrx_word' id='word_1_161' title='bbox 803 1659 827 1692; x_wconf 83' lang='lat' dir='ltr'><strong>v.</strong></span> <span class='ocrx_word' id='word_1_162' title='bbox 844 1641 901 1694; x_wconf 78' lang='lat'><strong>131.</strong></span> <span class='ocrx_word' id='word_1_163' title='bbox 915 1645 941 1696; x_wconf 89' lang='lat' dir='ltr'><strong>Si</strong></span> <span class='ocrx_word' id='word_1_164' title='bbox 952 1647 995 1697; x_wconf 87' lang='lat' dir='ltr'><strong>cui</strong></span> <span class='ocrx_word' id='word_1_165' title='bbox 1007 1647 1089 1718; x_wconf 79' lang='lat' dir='ltr'><strong>magis</strong></span> <span class='ocrx_word' id='word_1_166' title='bbox 1101 1645 1216 1700; x_wconf 78' lang='lat' dir='ltr'><strong>arrideat</strong></span> 
     </span>
     <span class='ocr_line' id='line_1_18' title="bbox 174 1715 1213 1798; baseline 0.006 -28"><span class='ocrx_word' id='word_1_167' title='bbox 174 1737 296 1798; x_wconf 74' lang='lat' dir='ltr'><strong>«septem</strong></span> <span class='ocrx_word' id='word_1_168' title='bbox 312 1740 361 1792; x_wconf 90' lang='lat' dir='ltr'><strong>per</strong></span> <span class='ocrx_word' id='word_1_169' title='bbox 375 1717 490 1771; x_wconf 83' lang='lat' dir='ltr'><strong>culmina</strong></span> <span class='ocrx_word' id='word_1_170' title='bbox 505 1715 600 1789; x_wconf 75' lang='lat' dir='ltr'><strong>longus</strong></span> <span class='ocrx_word' id='word_1_171' title='bbox 616 1720 640 1769; x_wconf 93' lang='lat' dir='ltr'><strong>It</strong></span> <span class='ocrx_word' id='word_1_172' title='bbox 653 1718 772 1787; x_wconf 62' lang='lat' dir='ltr'><strong>fragon·</strong></span> <span class='ocrx_word' id='word_1_173' title='bbox 789 1719 873 1774; x_wconf 86' lang='lat' dir='ltr'><strong>bisse</strong></span> <span class='ocrx_word' id='word_1_174' title='bbox 888 1723 1013 1796; x_wconf 81' lang='lat' dir='ltr'><strong>exemplis</strong></span> <span class='ocrx_word' id='word_1_175' title='bbox 1030 1726 1097 1778; x_wconf 85' lang='lat' dir='ltr'><strong>tueri</strong></span> <span class='ocrx_word' id='word_1_176' title='bbox 1108 1739 1213 1797; x_wconf 89' lang='lat' dir='ltr'><strong>potest:</strong></span> 
     </span>
     <span class='ocr_line' id='line_1_19' title="bbox 170 1796 793 1865; baseline -0.006 -10"><span class='ocrx_word' id='word_1_177' title='bbox 170 1803 220 1856; x_wconf 73' lang='lat' dir='ltr'><strong>via</strong></span> <span class='ocrx_word' id='word_1_178' title='bbox 229 1803 394 1865; x_wconf 79' lang='lat' dir='ltr'><strong>Domitiana,</strong></span> <span class='ocrx_word' id='word_1_179' title='bbox 405 1818 430 1850; x_wconf 85' lang='lat' dir='ltr'><strong>v.</strong></span> <span class='ocrx_word' id='word_1_180' title='bbox 443 1797 559 1864; x_wconf 79' lang='lat' dir='ltr'><strong>61‚10e0</strong></span> <span class='ocrx_word' id='word_1_181' title='bbox 572 1796 634 1848; x_wconf 91' lang='lat' dir='ltr'><strong>buic</strong></span> <span class='ocrx_word' id='word_1_182' title='bbox 646 1797 793 1851; x_wconf 84' lang='lat' dir='ltr'><strong>simillimo:</strong></span> 
     </span>
    </p>
   </div>
   <div class='ocr_carea' id='block_1_5' title="bbox 432 1891 865 2028">
    <p class='ocr_par' dir='ltr' id='par_1_5' title="bbox 432 1891 865 2028">
     <span class='ocr_line' id='line_1_20' title="bbox 432 1891 838 1957; baseline 0.005 -17"><span class='ocrx_word' id='word_1_183' title='bbox 432 1895 533 1940; x_wconf 84' lang='lat' dir='ltr'><strong>Fervent</strong></span> <span class='ocrx_word' id='word_1_184' title='bbox 542 1891 609 1940; x_wconf 85' lang='lat' dir='ltr'><strong>litore</strong></span> <span class='ocrx_word' id='word_1_185' title='bbox 618 1893 755 1957; x_wconf 74' lang='lat' dir='ltr'><strong>nobilesque</strong></span> <span class='ocrx_word' id='word_1_186' title='bbox 764 1895 838 1952; x_wconf 79' lang='lat' dir='ltr'><strong>silete,</strong></span> 
     </span>
     <span class='ocr_line' id='line_1_21' title="bbox 432 1963 865 2028; baseline 0.014 -20"><span class='ocrx_word' id='word_1_187' title='bbox 432 1965 453 2009; x_wconf 86' lang='lat' dir='ltr'><strong>It</strong></span> <span class='ocrx_word' id='word_1_188' title='bbox 464 1963 544 2027; x_wconf 68' lang='lat' dir='ltr'><strong>haqes</strong></span> <span class='ocrx_word' id='word_1_189' title='bbox 553 1963 641 2010; x_wconf 72' lang='lat' dir='ltr'><strong>medies</strong></span> <span class='ocrx_word' id='word_1_190' title='bbox 650 1963 728 2027; x_wconf 74' lang='lat' dir='ltr'><strong>fragor</strong></span> <span class='ocrx_word' id='word_1_191' title='bbox 737 1983 779 2028; x_wconf 90' lang='lat' dir='ltr'><strong>per</strong></span> <span class='ocrx_word' id='word_1_192' title='bbox 788 1969 865 2016; x_wconf 88' lang='lat' dir='ltr'><strong>nrbes.</strong></span> 
     </span>
    </p>
   </div>
   <div class='ocr_carea' id='block_1_6' title="bbox 169 2052 589 2121">
    <p class='ocr_par' dir='ltr' id='par_1_6' title="bbox 169 2052 589 2121">
     <span class='ocr_line' id='line_1_22' title="bbox 169 2052 589 2121; baseline -0.014 -11"><span class='ocrx_word' id='word_1_193' title='bbox 169 2055 298 2110; x_wconf 78' lang='lat' dir='ltr'><strong>Thebaid.</strong></span> <span class='ocrx_word' id='word_1_194' title='bbox 309 2052 357 2121; x_wconf 70' lang='lat' dir='ltr'><strong>V13</strong></span> <span class='ocrx_word' id='word_1_195' title='bbox 369 2054 434 2120; x_wconf 84' lang='lat'><strong>600,</strong></span> <span class='ocrx_word' id='word_1_196' title='bbox 447 2052 481 2105; x_wconf 90' lang='lat' dir='ltr'><strong>de</strong></span> <span class='ocrx_word' id='word_1_197' title='bbox 492 2055 589 2105; x_wconf 84' lang='lat' dir='ltr'><strong>cervis:</strong></span> 
     </span>
    </p>
   </div>
   <div class='ocr_carea' id='block_1_7' title="bbox 159 2148 1210 3021">
    <p class='ocr_par' dir='ltr' id='par_1_7' title="bbox 159 2148 1210 3021">
     <span class='ocr_line' id='line_1_23' title="bbox 464 2148 989 2218; baseline 0.019 -25"><span class='ocrx_word' id='word_1_198' title='bbox 464 2185 469 2194; x_wconf 94' lang='lat'><strong>.</strong></span> <span class='ocrx_word' id='word_1_199' title='bbox 481 2183 487 2195; x_wconf 88' lang='lat'><strong>.</strong></span> <span class='ocrx_word' id='word_1_200' title='bbox 498 2182 503 2193; x_wconf 94' lang='lat'><strong>.</strong></span> <span class='ocrx_word' id='word_1_201' title='bbox 515 2148 597 2210; x_wconf 74' lang='lat' dir='ltr'><strong>¹Itapit</strong></span> <span class='ocrx_word' id='word_1_202' title='bbox 605 2149 715 2198; x_wconf 76' lang='lat' dir='ltr'><strong>suonitos</strong></span> <span class='ocrx_word' id='word_1_203' title='bbox 725 2151 780 2213; x_wconf 69' lang='lat' dir='ltr'><strong>fuge</strong></span> <span class='ocrx_word' id='word_1_204' title='bbox 788 2167 861 2210; x_wconf 68' lang='lat' dir='ltr'><strong>cres,</strong></span> <span class='ocrx_word' id='word_1_205' title='bbox 871 2169 989 2218; x_wconf 73' lang='lat' dir='ltr'><strong>pavorque</strong></span> 
     </span>
     <span class='ocr_line' id='line_1_24' title="bbox 354 2218 1004 2289; baseline 0.012 -24"><span class='ocrx_word' id='word_1_206' title='bbox 354 2223 495 2282; x_wconf 62' lang='lat' dir='ltr'><strong>Compar,</strong></span> <span class='ocrx_word' id='word_1_207' title='bbox 508 2230 531 2264; x_wconf 87' lang='lat' dir='ltr'><strong>et</strong></span> <span class='ocrx_word' id='word_1_208' title='bbox 541 2218 631 2283; x_wconf 73' lang='lat' dir='ltr'><strong>lonqum</strong></span> <span class='ocrx_word' id='word_1_209' title='bbox 640 2219 695 2266; x_wconf 88' lang='lat' dir='ltr'><strong>dant</strong></span> <span class='ocrx_word' id='word_1_210' title='bbox 705 2238 791 2269; x_wconf 84' lang='lat' dir='ltr'><strong>cornus</strong></span> <span class='ocrx_word' id='word_1_211' title='bbox 802 2225 870 2271; x_wconf 84' lang='lat' dir='ltr'><strong>mixta</strong></span> <span class='ocrx_word' id='word_1_212' title='bbox 880 2225 1004 2289; x_wconf 74' lang='lat' dir='ltr'><strong>fragorem.</strong></span> 
     </span>
     <span class='ocr_line' id='line_1_25' title="bbox 168 2305 1210 2386; baseline 0.003 -23"><span class='ocrx_word' id='word_1_213' title='bbox 168 2311 280 2377; x_wconf 86' lang='lat' dir='ltr'><strong>Plinius,</strong></span> <span class='ocrx_word' id='word_1_214' title='bbox 291 2309 356 2360; x_wconf 84' lang='lat' dir='ltr'><strong>Hist.</strong></span> <span class='ocrx_word' id='word_1_215' title='bbox 367 2307 428 2358; x_wconf 84' lang='lat' dir='ltr'><strong>Nat.</strong></span> <span class='ocrx_word' id='word_1_216' title='bbox 438 2305 561 2372; x_wconf 82' lang='lat' dir='ltr'>XXXIII,</span> <span class='ocrx_word' id='word_1_217' title='bbox 573 2309 605 2375; x_wconf 70' lang='lat'><strong>4:</strong></span> <span class='ocrx_word' id='word_1_218' title='bbox 622 2328 633 2352; x_wconf 82' lang='grc' dir='ltr'>ι</span> <span class='ocrx_word' id='word_1_219' title='bbox 643 2327 718 2361; x_wconf 91' lang='lat' dir='ltr'><strong>mons</strong></span> <span class='ocrx_word' id='word_1_220' title='bbox 729 2310 827 2364; x_wconf 80' lang='lat' dir='ltr'><strong>fractus</strong></span> <span class='ocrx_word' id='word_1_221' title='bbox 838 2313 908 2364; x_wconf 83' lang='lat' dir='ltr'><strong>cadit</strong></span> <span class='ocrx_word' id='word_1_222' title='bbox 920 2331 935 2364; x_wconf 88' lang='lat' dir='ltr'><strong>a</strong></span> <span class='ocrx_word' id='word_1_223' title='bbox 948 2329 1003 2364; x_wconf 86' lang='lat' dir='ltr'><strong>sese</strong></span> <span class='ocrx_word' id='word_1_224' title='bbox 1014 2310 1094 2384; x_wconf 74' lang='lat' dir='ltr'><strong>longo</strong></span> <span class='ocrx_word' id='word_1_225' title='bbox 1104 2314 1210 2386; x_wconf 70' lang='lat' dir='ltr'><strong>fragore</strong></span> 
     </span>
     <span class='ocr_line' id='line_1_26' title="bbox 168 2386 1209 2465; baseline 0.005 -23"><span class='ocrx_word' id='word_1_226' title='bbox 168 2391 214 2462; x_wconf 88' lang='lat' dir='ltr'><strong>qui</strong></span> <span class='ocrx_word' id='word_1_227' title='bbox 230 2390 335 2461; x_wconf 83' lang='lat' dir='ltr'><strong>concipi</strong></span> <span class='ocrx_word' id='word_1_228' title='bbox 352 2386 468 2438; x_wconf 80' lang='lat' dir='ltr'><strong>bumana</strong></span> <span class='ocrx_word' id='word_1_229' title='bbox 483 2398 570 2438; x_wconf 89' lang='lat' dir='ltr'><strong>monte</strong></span> <span class='ocrx_word' id='word_1_230' title='bbox 583 2404 639 2438; x_wconf 89' lang='lat' dir='ltr'><strong>non</strong></span> <span class='ocrx_word' id='word_1_231' title='bbox 654 2401 773 2459; x_wconf 79' lang='lat' dir='ltr'><strong>potest.»</strong></span> <span class='ocrx_word' id='word_1_232' title='bbox 790 2393 828 2442; x_wconf 86' lang='lat' dir='ltr'><strong>Ita</strong></span> <span class='ocrx_word' id='word_1_233' title='bbox 844 2392 936 2465; x_wconf 73' lang='lat' dir='ltr'><strong>[orpus</strong></span> <span class='ocrx_word' id='word_1_234' title='bbox 948 2389 1055 2457; x_wconf 73' lang='lat' dir='ltr'><strong>elamor,</strong></span> <span class='ocrx_word' id='word_1_235' title='bbox 1068 2391 1152 2446; x_wconf 84' lang='lat' dir='ltr'><strong>Theb.</strong></span> <span class='ocrx_word' id='word_1_236' title='bbox 1165 2397 1209 2462; x_wconf 86' lang='lat' dir='ltr'><strong>tv,</strong></span> 
     </span>
     <span class='ocr_line' id='line_1_27' title="bbox 168 2467 1209 2544; baseline 0.007 -25"><span class='ocrx_word' id='word_1_237' title='bbox 168 2470 233 2542; x_wconf 66' lang='lat'><strong>495,</strong></span> <span class='ocrx_word' id='word_1_238' title='bbox 244 2483 269 2524; x_wconf 89' lang='lat' dir='ltr'><strong>et</strong></span> <span class='ocrx_word' id='word_1_239' title='bbox 278 2471 310 2535; x_wconf 81' lang='lat' dir='ltr'><strong>V,</strong></span> <span class='ocrx_word' id='word_1_240' title='bbox 321 2467 385 2533; x_wconf 77' lang='lat'><strong>552,</strong></span> <span class='ocrx_word' id='word_1_241' title='bbox 397 2479 422 2518; x_wconf 86' lang='lat' dir='ltr'><strong>et</strong></span> <span class='ocrx_word' id='word_1_242' title='bbox 433 2485 495 2518; x_wconf 87' lang='lat' dir='ltr'><strong>sone</strong></span> <span class='ocrx_word' id='word_1_243' title='bbox 504 2486 568 2520; x_wconf 82' lang='lat' dir='ltr'><strong>vero</strong></span> <span class='ocrx_word' id='word_1_244' title='bbox 578 2485 633 2520; x_wconf 90' lang='lat' dir='ltr'><strong>non</strong></span> <span class='ocrx_word' id='word_1_245' title='bbox 644 2467 762 2523; x_wconf 78' lang='lat' dir='ltr'><strong>absimile</strong></span> <span class='ocrx_word' id='word_1_246' title='bbox 777 2485 817 2523; x_wconf 90' lang='lat' dir='ltr'><strong>est</strong></span> <span class='ocrx_word' id='word_1_247' title='bbox 826 2490 917 2525; x_wconf 82' lang='lat' dir='ltr'><strong>vocem</strong></span> <span class='ocrx_word' id='word_1_248' title='bbox 928 2483 1025 2524; x_wconf 82' lang='lat' dir='ltr'><strong>montes</strong></span> <span class='ocrx_word' id='word_1_249' title='bbox 1034 2471 1125 2525; x_wconf 90' lang='lat' dir='ltr'><strong>deberi</strong></span> <span class='ocrx_word' id='word_1_250' title='bbox 1133 2473 1209 2544; x_wconf 76' lang='lat' dir='ltr'><strong>glos·</strong></span> 
     </span>
     <span class='ocr_line' id='line_1_28' title="bbox 167 2547 1208 2624; baseline 0.001 -21"><span class='ocrx_word' id='word_1_251' title='bbox 167 2551 247 2603; x_wconf 86' lang='lat' dir='ltr'><strong>satori</strong></span> <span class='ocrx_word' id='word_1_252' title='bbox 257 2549 349 2614; x_wconf 77' lang='lat' dir='ltr'><strong>alicui,</strong></span> <span class='ocrx_word' id='word_1_253' title='bbox 360 2548 405 2619; x_wconf 91' lang='lat' dir='ltr'><strong>qui</strong></span> <span class='ocrx_word' id='word_1_254' title='bbox 417 2564 474 2598; x_wconf 80' lang='lat' dir='ltr'><strong>etun</strong></span> <span class='ocrx_word' id='word_1_255' title='bbox 486 2548 513 2598; x_wconf 88' lang='lat' dir='ltr'><strong>in</strong></span> <span class='ocrx_word' id='word_1_256' title='bbox 525 2550 641 2618; x_wconf 70' lang='lat' dir='ltr'><strong>margine</strong></span> <span class='ocrx_word' id='word_1_257' title='bbox 650 2547 711 2600; x_wconf 87' lang='lat' dir='ltr'><strong>libri</strong></span> <span class='ocrx_word' id='word_1_258' title='bbox 722 2550 763 2603; x_wconf 83' lang='lat' dir='ltr'><strong>sui</strong></span> <span class='ocrx_word' id='word_1_259' title='bbox 776 2551 929 2624; x_wconf 84' lang='lat' dir='ltr'><strong>adpinxerat</strong></span> <span class='ocrx_word' id='word_1_260' title='bbox 939 2551 973 2604; x_wconf 83' lang='lat' dir='ltr'><strong>ad</strong></span> <span class='ocrx_word' id='word_1_261' title='bbox 984 2551 1169 2624; x_wconf 84' lang='lat' dir='ltr'><strong>explicandum</strong></span> <span class='ocrx_word' id='word_1_262' title='bbox 1180 2551 1208 2606; x_wconf 77' lang='lat' dir='ltr'><strong>ri</strong></span> 
     </span>
     <span class='ocr_line' id='line_1_29' title="bbox 166 2627 1209 2704; baseline 0.005 -22"><span class='ocrx_word' id='word_1_263' title='bbox 166 2631 296 2696; x_wconf 77' lang='lat' dir='ltr'><strong>culmino,</strong></span> <span class='ocrx_word' id='word_1_264' title='bbox 309 2627 379 2682; x_wconf 90' lang='lat' dir='ltr'><strong>unde</strong></span> <span class='ocrx_word' id='word_1_265' title='bbox 388 2639 481 2699; x_wconf 86' lang='lat' dir='ltr'><strong>postea</strong></span> <span class='ocrx_word' id='word_1_266' title='bbox 492 2628 518 2678; x_wconf 92' lang='lat' dir='ltr'><strong>in</strong></span> <span class='ocrx_word' id='word_1_267' title='bbox 529 2638 629 2679; x_wconf 82' lang='lat' dir='ltr'><strong>textum</strong></span> <span class='ocrx_word' id='word_1_268' title='bbox 638 2631 757 2702; x_wconf 74' lang='lat' dir='ltr'><strong>irrepsit:</strong></span> <span class='ocrx_word' id='word_1_269' title='bbox 772 2645 801 2684; x_wconf 92' lang='lat' dir='ltr'><strong>ut</strong></span> <span class='ocrx_word' id='word_1_270' title='bbox 810 2633 879 2684; x_wconf 82' lang='lat' dir='ltr'><strong>forte</strong></span> <span class='ocrx_word' id='word_1_271' title='bbox 887 2635 1020 2704; x_wconf 67' lang='lat' dir='ltr'><strong>scripserit</strong></span> <span class='ocrx_word' id='word_1_272' title='bbox 1030 2633 1141 2700; x_wconf 82' lang='lat' dir='ltr'><strong>Statius,</strong></span> <span class='ocrx_word' id='word_1_273' title='bbox 1153 2631 1209 2686; x_wconf 79' lang='lat' dir='ltr'><strong>lort-</strong></span> 
     </span>
     <span class='ocr_line' id='line_1_30' title="bbox 163 2706 1208 2786; baseline 0.002 -22"><span class='ocrx_word' id='word_1_274' title='bbox 163 2731 213 2786; x_wconf 70' lang='lat' dir='ltr'><strong>pus</strong></span> <span class='ocrx_word' id='word_1_275' title='bbox 226 2713 246 2764; x_wconf 88' lang='lat' dir='ltr'><strong>it</strong></span> <span class='ocrx_word' id='word_1_276' title='bbox 253 2712 355 2784; x_wconf 63' lang='lat' dir='ltr'><strong>fragor.</strong></span> <span class='ocrx_word' id='word_1_277' title='bbox 369 2706 419 2772; x_wconf 76' lang='lat' dir='ltr'><strong>Sed</strong></span> <span class='ocrx_word' id='word_1_278' title='bbox 433 2709 515 2760; x_wconf 86' lang='lat' dir='ltr'><strong>tutius</strong></span> <span class='ocrx_word' id='word_1_279' title='bbox 526 2707 630 2760; x_wconf 87' lang='lat' dir='ltr'><strong>videtur</strong></span> <span class='ocrx_word' id='word_1_280' title='bbox 643 2709 742 2765; x_wconf 72' lang='lat' dir='ltr'><strong>multus</strong></span> <span class='ocrx_word' id='word_1_281' title='bbox 755 2725 865 2784; x_wconf 91' lang='lat' dir='ltr'><strong>propter</strong></span> <span class='ocrx_word' id='word_1_282' title='bbox 879 2715 1009 2765; x_wconf 85' lang='lat' dir='ltr'><strong>minorem</strong></span> <span class='ocrx_word' id='word_1_283' title='bbox 1020 2732 1115 2766; x_wconf 86' lang='lat' dir='ltr'><strong>vocum</strong></span> <span class='ocrx_word' id='word_1_284' title='bbox 1130 2712 1208 2767; x_wconf 77' lang='lat' dir='ltr'><strong>diffe-</strong></span> 
     </span>
     <span class='ocr_line' id='line_1_31' title="bbox 166 2785 1208 2864; baseline 0.001 -20"><span class='ocrx_word' id='word_1_285' title='bbox 166 2793 285 2845; x_wconf 80' lang='lat' dir='ltr'><strong>rentiam.</strong></span> <span class='ocrx_word' id='word_1_286' title='bbox 294 2793 365 2842; x_wconf 87' lang='lat' dir='ltr'><strong>-ln</strong></span> <span class='ocrx_word' id='word_1_287' title='bbox 373 2785 500 2842; x_wconf 85' lang='lat' dir='ltr'><strong>mutando</strong></span> <span class='ocrx_word' id='word_1_288' title='bbox 508 2787 638 2840; x_wconf 83' lang='lat' dir='ltr'><strong>vocabulo</strong></span> <span class='ocrx_word' id='word_1_289' title='bbox 646 2791 798 2859; x_wconf 81' lang='lat' dir='ltr'><strong>continuus,</strong></span> <span class='ocrx_word' id='word_1_290' title='bbox 809 2791 880 2864; x_wconf 91' lang='lat' dir='ltr'><strong>quod</strong></span> <span class='ocrx_word' id='word_1_291' title='bbox 890 2807 961 2844; x_wconf 87' lang='lat' dir='ltr'><strong>recte</strong></span> <span class='ocrx_word' id='word_1_292' title='bbox 969 2795 1140 2864; x_wconf 73' lang='lat' dir='ltr'><strong>conjungitur</strong></span> <span class='ocrx_word' id='word_1_293' title='bbox 1148 2811 1208 2845; x_wconf 86' lang='lat' dir='ltr'><strong>oum</strong></span> 
     </span>
     <span class='ocr_line' id='line_1_32' title="bbox 159 2866 1208 2946; baseline -0.001 -21"><span class='ocrx_word' id='word_1_294' title='bbox 159 2871 281 2946; x_wconf 72' lang='lat' dir='ltr'><strong>stupore,</strong></span> <span class='ocrx_word' id='word_1_295' title='bbox 292 2887 401 2922; x_wconf 82' lang='lat' dir='ltr'><strong>acumen</strong></span> <span class='ocrx_word' id='word_1_296' title='bbox 413 2866 506 2920; x_wconf 75' lang='lat' dir='ltr'><strong>fefellit</strong></span> <span class='ocrx_word' id='word_1_297' title='bbox 513 2866 705 2921; x_wconf 84' lang='lat' dir='ltr'><strong>Marklandum.</strong></span> <span class='ocrx_word' id='word_1_298' title='bbox 713 2871 737 2920; x_wconf 90' lang='lat' dir='ltr'>N</span> <span class='ocrx_word' id='word_1_299' title='bbox 740 2887 781 2922; x_wconf 87' lang='lat' dir='ltr'><strong>am</strong></span> <span class='ocrx_word' id='word_1_300' title='bbox 788 2869 884 2938; x_wconf 84' lang='lat' dir='ltr'><strong>verba,</strong></span> <span class='ocrx_word' id='word_1_301' title='bbox 893 2872 980 2946; x_wconf 75' lang='lat' dir='ltr'><strong>strepit</strong></span> <span class='ocrx_word' id='word_1_302' title='bbox 990 2871 1113 2923; x_wconf 77' lang='lat' dir='ltr'><strong>maehina</strong></span> <span class='ocrx_word' id='word_1_303' title='bbox 1120 2871 1208 2942; x_wconf 64' lang='lat' dir='ltr'><strong>pube,</strong></span> 
     </span>
     <span class='ocr_line' id='line_1_33' title="bbox 165 2947 1207 3021; baseline -0.002 -17"><span class='ocrx_word' id='word_1_304' title='bbox 165 2955 182 3004; x_wconf 88' lang='lat' dir='ltr'><strong>i.</strong></span> <span class='ocrx_word' id='word_1_305' title='bbox 200 2973 223 3006; x_wconf 86' lang='lat' dir='ltr'><strong>e.</strong></span> <span class='ocrx_word' id='word_1_306' title='bbox 245 2965 319 3004; x_wconf 88' lang='lat' dir='ltr'><strong>motu</strong></span> <span class='ocrx_word' id='word_1_307' title='bbox 334 2950 457 3004; x_wconf 82' lang='lat' dir='ltr'><strong>continuo</strong></span> <span class='ocrx_word' id='word_1_308' title='bbox 473 2947 633 3020; x_wconf 75' lang='lat' dir='ltr'><strong>significant,</strong></span> <span class='ocrx_word' id='word_1_309' title='bbox 643 2951 756 3021; x_wconf 84' lang='lat' dir='ltr'><strong>juvenes</strong></span> <span class='ocrx_word' id='word_1_310' title='bbox 768 2969 822 3003; x_wconf 87' lang='lat' dir='ltr'><strong>non</strong></span> <span class='ocrx_word' id='word_1_311' title='bbox 832 2953 982 3004; x_wconf 87' lang='lat' dir='ltr'><strong>intermisso</strong></span> <span class='ocrx_word' id='word_1_312' title='bbox 997 2963 1081 3002; x_wconf 79' lang='lat' dir='ltr'><strong>tractu</strong></span> <span class='ocrx_word' id='word_1_313' title='bbox 1095 2952 1207 3002; x_wconf 86' lang='lat' dir='ltr'><strong>movisse</strong></span> 
     </span>
    </p>
   </div>
   <div class='ocr_carea' id='block_1_8' title="bbox 68 3027 1206 3103">
    <p class='ocr_par' dir='ltr' id='par_1_8' title="bbox 68 3027 1206 3103">
     <span class='ocr_line' id='line_1_34' title="bbox 68 3027 1206 3103; baseline -0.004 -19"><span class='ocrx_word' id='word_1_314' title='bbox 68 3027 71 3036; x_wconf 69' lang='grc'><em>’</em></span> <span class='ocrx_word' id='word_1_315' title='bbox 164 3033 311 3084; x_wconf 84' lang='lat' dir='ltr'><strong>machinam</strong></span> <span class='ocrx_word' id='word_1_316' title='bbox 321 3042 494 3103; x_wconf 69' lang='lat' dir='ltr'><strong>strepentem</strong></span> <span class='ocrx_word' id='word_1_317' title='bbox 506 3028 578 3102; x_wconf 93' lang='lat' dir='ltr'><strong>quod</strong></span> <span class='ocrx_word' id='word_1_318' title='bbox 588 3028 621 3080; x_wconf 86' lang='lat' dir='ltr'><strong>ab</strong></span> <span class='ocrx_word' id='word_1_319' title='bbox 631 3027 683 3082; x_wconf 88' lang='lat' dir='ltr'><strong>hoc</strong></span> <span class='ocrx_word' id='word_1_320' title='bbox 693 3030 753 3082; x_wconf 89' lang='lat' dir='ltr'><strong>Ioco</strong></span> <span class='ocrx_word' id='word_1_321' title='bbox 760 3029 876 3082; x_wconf 81' lang='lat' dir='ltr'><strong>alienum</strong></span> <span class='ocrx_word' id='word_1_322' title='bbox 885 3045 931 3083; x_wconf 86' lang='lat' dir='ltr'><strong>est.</strong></span> <span class='ocrx_word' id='word_1_323' title='bbox 942 3033 996 3100; x_wconf 78' lang='lat' dir='ltr'><strong>Ego</strong></span> <span class='ocrx_word' id='word_1_324' title='bbox 1005 3027 1108 3099; x_wconf 87' lang='lat' dir='ltr'><strong>quidem</strong></span> <span class='ocrx_word' id='word_1_325' title='bbox 1116 3027 1206 3080; x_wconf 84' lang='lat' dir='ltr'><strong>locum</strong></span> 
     </span>
    </p>
   </div>
   <div class='ocr_carea' id='block_1_9' title="bbox 164 3108 1179 3182">
    <p class='ocr_par' dir='ltr' id='par_1_9' title="bbox 164 3108 1179 3182">
     <span class='ocr_line' id='line_1_35' title="bbox 164 3108 1179 3182; baseline -0.006 -18"><span class='ocrx_word' id='word_1_326' title='bbox 164 3129 180 3164; x_wconf 82' lang='lat' dir='ltr'><strong>a</strong></span> <span class='ocrx_word' id='word_1_327' title='bbox 190 3111 300 3164; x_wconf 85' lang='lat' dir='ltr'><strong>librariis</strong></span> <span class='ocrx_word' id='word_1_328' title='bbox 311 3130 342 3163; x_wconf 82' lang='lat' dir='ltr'><strong>ex</strong></span> <span class='ocrx_word' id='word_1_329' title='bbox 350 3130 426 3163; x_wconf 78' lang='lat' dir='ltr'><strong>versu</strong></span> <span class='ocrx_word' id='word_1_330' title='bbox 436 3109 470 3181; x_wconf 82' lang='grc'><strong>59</strong></span> <span class='ocrx_word' id='word_1_331' title='bbox 480 3108 668 3182; x_wconf 82' lang='lat' dir='ltr'><strong>interpolatum</strong></span> <span class='ocrx_word' id='word_1_332' title='bbox 678 3129 734 3163; x_wconf 88' lang='lat' dir='ltr'><strong>esse</strong></span> <span class='ocrx_word' id='word_1_333' title='bbox 745 3109 867 3176; x_wconf 80' lang='lat' dir='ltr'><strong>arbitror,</strong></span> <span class='ocrx_word' id='word_1_334' title='bbox 878 3123 904 3163; x_wconf 90' lang='lat' dir='ltr'><strong>et</strong></span> <span class='ocrx_word' id='word_1_335' title='bbox 912 3110 1021 3163; x_wconf 78' lang='lat' dir='ltr'><strong>Statium</strong></span> <span class='ocrx_word' id='word_1_336' title='bbox 1031 3108 1179 3178; x_wconf 76' lang='lat' dir='ltr'><strong>scripsisse:</strong></span> 
     </span>
    </p>
   </div>
   <div class='ocr_carea' id='block_1_10' title="bbox 346 3193 927 3330">
    <p class='ocr_par' dir='ltr' id='par_1_10' title="bbox 346 3193 927 3330">
     <span class='ocr_line' id='line_1_36' title="bbox 640 3193 885 3260; baseline -0.004 -18"><span class='ocrx_word' id='word_1_337' title='bbox 640 3198 726 3260; x_wconf 87' lang='lat' dir='ltr'><strong>Strepit</strong></span> <span class='ocrx_word' id='word_1_338' title='bbox 735 3196 806 3242; x_wconf 80' lang='lat' dir='ltr'><strong>trdus</strong></span> <span class='ocrx_word' id='word_1_339' title='bbox 816 3193 885 3258; x_wconf 86' lang='lat' dir='ltr'><strong>pulsu</strong></span> 
     </span>
     <span class='ocr_line' id='line_1_37' title="bbox 346 3263 927 3330; baseline -0.009 -13"><span class='ocrx_word' id='word_1_340' title='bbox 346 3269 455 3316; x_wconf 81' lang='lat' dir='ltr'><strong>Machina</strong></span> <span class='ocrx_word' id='word_1_341' title='bbox 463 3283 470 3312; x_wconf 65' lang='grc' dir='ltr'><strong><em>π</em></strong></span> <span class='ocrx_word' id='word_1_342' title='bbox 481 3270 604 3315; x_wconf 84' lang='lat' dir='ltr'><strong>continuus</strong></span> <span class='ocrx_word' id='word_1_343' title='bbox 613 3279 700 3330; x_wconf 88' lang='lat' dir='ltr'><strong>septem</strong></span> <span class='ocrx_word' id='word_1_344' title='bbox 709 3283 753 3329; x_wconf 87' lang='lat' dir='ltr'><strong>per</strong></span> <span class='ocrx_word' id='word_1_345' title='bbox 761 3263 861 3313; x_wconf 83' lang='lat' dir='ltr'><strong>euImIna</strong></span> <span class='ocrx_word' id='word_1_346' title='bbox 871 3263 927 3312; x_wconf 71' lang='lat' dir='ltr'><strong>etio</strong></span> 
     </span>
    </p>
   </div>
   <div class='ocr_carea' id='block_1_11' title="bbox 159 3339 1202 3873">
    <p class='ocr_par' dir='ltr' id='par_1_11' title="bbox 159 3339 1202 3873">
     <span class='ocr_line' id='line_1_38' title="bbox 346 3339 467 3400; baseline -0.025 -15"><span class='ocrx_word' id='word_1_347' title='bbox 346 3341 368 3385; x_wconf 91' lang='lat' dir='ltr'><strong>It</strong></span> <span class='ocrx_word' id='word_1_348' title='bbox 376 3339 467 3400; x_wconf 71' lang='lat' dir='ltr'><strong>frspor:</strong></span> 
     </span>
     <span class='ocr_line' id='line_1_39' title="bbox 163 3427 540 3498; baseline -0.016 -14"><span class='ocrx_word' id='word_1_349' title='bbox 163 3431 202 3484; x_wconf 86' lang='lat' dir='ltr'><strong>Sic</strong></span> <span class='ocrx_word' id='word_1_350' title='bbox 214 3430 300 3484; x_wconf 80' lang='lat' dir='ltr'><strong>Valet.</strong></span> <span class='ocrx_word' id='word_1_351' title='bbox 310 3427 398 3488; x_wconf 66' lang='lat' dir='ltr'><strong>flacc.</strong></span> <span class='ocrx_word' id='word_1_352' title='bbox 413 3427 462 3494; x_wconf 77' lang='lat'>111,</span> <span class='ocrx_word' id='word_1_353' title='bbox 478 3444 540 3498; x_wconf 76' lang='lat'><strong>²77²</strong></span> 
     </span>
     <span class='ocr_line' id='line_1_40' title="bbox 345 3524 860 3592; baseline -0.008 -18"><span class='ocrx_word' id='word_1_354' title='bbox 345 3530 366 3575; x_wconf 94' lang='lat' dir='ltr'><strong>It</strong></span> <span class='ocrx_word' id='word_1_355' title='bbox 374 3529 472 3592; x_wconf 70' lang='lat' dir='ltr'><strong>gemitus</strong></span> <span class='ocrx_word' id='word_1_356' title='bbox 480 3538 530 3574; x_wconf 87' lang='lat' dir='ltr'><strong>tcto</strong></span> <span class='ocrx_word' id='word_1_357' title='bbox 540 3529 631 3574; x_wconf 75' lang='lat' dir='ltr'><strong>sipuosa</strong></span> <span class='ocrx_word' id='word_1_358' title='bbox 641 3541 786 3592; x_wconf 79' lang='lat' dir='ltr'><strong>persequere</strong></span> <span class='ocrx_word' id='word_1_359' title='bbox 796 3524 860 3573; x_wconf 75' lang='lat' dir='ltr'><strong>celo.</strong></span> 
     </span>
     <span class='ocr_line' id='line_1_41' title="bbox 161 3614 593 3683; baseline -0.016 -10"><span class='ocrx_word' id='word_1_360' title='bbox 161 3617 259 3673; x_wconf 75' lang='lat' dir='ltr'><strong>Statius</strong></span> <span class='ocrx_word' id='word_1_361' title='bbox 269 3617 336 3670; x_wconf 75' lang='lat' dir='ltr'><strong>inira</strong></span> <span class='ocrx_word' id='word_1_362' title='bbox 351 3618 396 3683; x_wconf 86' lang='lat' dir='ltr'><strong>lv,</strong></span> <span class='ocrx_word' id='word_1_363' title='bbox 408 3616 438 3683; x_wconf 84' lang='lat'><strong>3,</strong></span> <span class='ocrx_word' id='word_1_364' title='bbox 450 3615 500 3682; x_wconf 79' lang='lat'><strong>6²,</strong></span> <span class='ocrx_word' id='word_1_365' title='bbox 515 3614 593 3668; x_wconf 81' lang='lat' dir='ltr'><strong>dixit:</strong></span> 
     </span>
     <span class='ocr_line' id='line_1_42' title="bbox 406 3707 838 3774; baseline 0 -19"><span class='ocrx_word' id='word_1_366' title='bbox 406 3711 427 3756; x_wconf 91' lang='lat' dir='ltr'><strong>It</strong></span> <span class='ocrx_word' id='word_1_367' title='bbox 438 3707 521 3772; x_wconf 68' lang='lat' dir='ltr'><strong>longus</strong></span> <span class='ocrx_word' id='word_1_368' title='bbox 529 3709 616 3758; x_wconf 83' lang='lat' dir='ltr'><strong>medias</strong></span> <span class='ocrx_word' id='word_1_369' title='bbox 625 3709 703 3774; x_wconf 71' lang='lat' dir='ltr'><strong>fragor</strong></span> <span class='ocrx_word' id='word_1_370' title='bbox 711 3725 753 3772; x_wconf 88' lang='lat' dir='ltr'><strong>per</strong></span> <span class='ocrx_word' id='word_1_371' title='bbox 762 3708 838 3756; x_wconf 84' lang='lat' dir='ltr'><strong>urbes.</strong></span> 
     </span>
     <span class='ocr_line' id='line_1_43' title="bbox 159 3793 1202 3873; baseline -0.012 -17"><span class='ocrx_word' id='word_1_372' title='bbox 159 3806 190 3856; x_wconf 93' lang='lat' dir='ltr'><strong>ln</strong></span> <span class='ocrx_word' id='word_1_373' title='bbox 199 3814 270 3855; x_wconf 77' lang='lat' dir='ltr'><strong>textu</strong></span> <span class='ocrx_word' id='word_1_374' title='bbox 281 3799 388 3873; x_wconf 89' lang='lat' dir='ltr'><strong>quidem</strong></span> <span class='ocrx_word' id='word_1_375' title='bbox 398 3798 465 3851; x_wconf 88' lang='lat' dir='ltr'><strong>nihil</strong></span> <span class='ocrx_word' id='word_1_376' title='bbox 475 3802 588 3864; x_wconf 82' lang='lat' dir='ltr'><strong>mutari,</strong></span> <span class='ocrx_word' id='word_1_377' title='bbox 603 3798 648 3852; x_wconf 89' lang='lat' dir='ltr'><strong>sed</strong></span> <span class='ocrx_word' id='word_1_378' title='bbox 658 3801 793 3870; x_wconf 77' lang='lat' dir='ltr'><strong>antiquom</strong></span> <span class='ocrx_word' id='word_1_379' title='bbox 802 3794 925 3850; x_wconf 78' lang='lat' dir='ltr'><strong>eodIcum</strong></span> <span class='ocrx_word' id='word_1_380' title='bbox 937 3793 1096 3864; x_wconf 79' lang='lat' dir='ltr'><strong>scripturam</strong></span> <span class='ocrx_word' id='word_1_381' title='bbox 1107 3793 1202 3844; x_wconf 78' lang='lat' dir='ltr'><strong>montis</strong></span> 
     </span>
    </p>
   </div>
   <div class='ocr_carea' id='block_1_12' title="bbox 154 3871 1202 4036">
    <p class='ocr_par' dir='ltr' id='par_1_12' title="bbox 154 3871 1202 4036">
     <span class='ocr_line' id='line_1_44' title="bbox 161 3871 1202 3956; baseline -0.015 -19"><span class='ocrx_word' id='word_1_382' title='bbox 161 3883 218 3937; x_wconf 85' lang='lat' dir='ltr'><strong>aIiis</strong></span> <span class='ocrx_word' id='word_1_383' title='bbox 233 3879 416 3956; x_wconf 62' lang='lat' dir='ltr'><strong>explicandam</strong></span> <span class='ocrx_word' id='word_1_384' title='bbox 435 3877 537 3950; x_wconf 87' lang='lat' dir='ltr'><strong>reliqui.</strong></span> <span class='ocrx_word' id='word_1_385' title='bbox 557 3880 639 3933; x_wconf 78' lang='lat' dir='ltr'><strong>Haeo.</strong></span> <span class='ocrx_word' id='word_1_386' title='bbox 652 3910 688 3922; x_wconf 89' lang='lat'><em>-</em></span> <span class='ocrx_word' id='word_1_387' title='bbox 700 3879 758 3931; x_wconf 84' lang='lat' dir='ltr'><strong>Jam</strong></span> <span class='ocrx_word' id='word_1_388' title='bbox 772 3875 915 3948; x_wconf 80' lang='lat' dir='ltr'><strong>veroquid</strong></span> <span class='ocrx_word' id='word_1_389' title='bbox 933 3887 973 3930; x_wconf 85' lang='lat' dir='ltr'><strong>est</strong></span> <span class='ocrx_word' id='word_1_390' title='bbox 992 3871 1065 3946; x_wconf 83' lang='lat' dir='ltr'><strong>quod</strong></span> <span class='ocrx_word' id='word_1_391' title='bbox 1082 3873 1202 3943; x_wconf 83' lang='lat' dir='ltr'><strong>sequitur</strong></span> 
     </span>
     <span class='ocr_line' id='line_1_45' title="bbox 154 3951 1200 4036; baseline -0.017 -18"><span class='ocrx_word' id='word_1_392' title='bbox 154 3961 238 4036; x_wconf 77' lang='lat' dir='ltr'><strong>finqt&#39;t</strong></span> <span class='ocrx_word' id='word_1_393' title='bbox 247 3980 312 4034; x_wconf 75' lang='lat' dir='ltr'><strong>rapa</strong></span> <span class='ocrx_word' id='word_1_394' title='bbox 323 3961 475 4014; x_wconf 69' lang='lat' dir='ltr'><strong>memora?</strong></span> <span class='ocrx_word' id='word_1_395' title='bbox 487 3958 558 4025; x_wconf 84' lang='lat' dir='ltr'><strong>Quid</strong></span> <span class='ocrx_word' id='word_1_396' title='bbox 569 3973 609 4014; x_wconf 89' lang='lat' dir='ltr'><strong>est</strong></span> <span class='ocrx_word' id='word_1_397' title='bbox 614 3957 717 4032; x_wconf 74' lang='lat' dir='ltr'><strong>finpere</strong></span> <span class='ocrx_word' id='word_1_398' title='bbox 727 3975 863 4011; x_wconf 77' lang='lat' dir='ltr'><strong>murmure</strong></span> <span class='ocrx_word' id='word_1_399' title='bbox 874 3958 981 4010; x_wconf 79' lang='lat' dir='ltr'><strong>Rome?</strong></span> <span class='ocrx_word' id='word_1_400' title='bbox 992 3973 1026 4008; x_wconf 82' lang='lat' dir='ltr'><strong>sn</strong></span> <span class='ocrx_word' id='word_1_401' title='bbox 1033 3951 1144 4006; x_wconf 81' lang='lat' dir='ltr'><strong>imitari?</strong></span> <span class='ocrx_word' id='word_1_402' title='bbox 1154 3962 1200 4004; x_wconf 85' lang='lat' dir='ltr'><strong>sut</strong></span> 
     </span>
    </p>
   </div>
   <div class='ocr_carea' id='block_1_13' title="bbox 0 0 1396 4484">
    <p class='ocr_par' dir='ltr' id='par_1_13' title="bbox 0 0 1396 4484">
     <span class='ocr_line' id='line_1_46' title="bbox 0 0 1396 4484; baseline 0 7"><span class='ocrx_word' id='word_1_403' title='bbox 0 0 1396 4484; x_wconf 95' lang='lat' dir='ltr'><strong> </strong></span> 
     </span>
    </p>
   </div>
  </div>
 </body>
</html>
