2824 4488
422 273 885 400 ninnn111,oanunu
910 325 978 390 111.
1152 329 1211 395 351

230 453 278 514 Te
290 441 434 512 similem
446 443 554 512 doctae
565 443 686 512 referet
696 443 779 512 mihi
791 444 879 514 linea
890 471 990 514 cerae:

229 561 325 624 Nunc
336 553 435 638 ebur,
449 571 483 621 et
493 553 625 622 fulvum
633 553 746 622 vultus
758 556 943 624 imitabitur
953 581 1083 626 aurum.

229 669 311 736 Indo
321 671 410 735 viam
422 690 572 748 morum,
584 667 759 763 longaeque
771 671 923 736 examina
935 674 1026 751 vite,

230 781 426 874 “fetusque
436 783 525 871 pios,
536 781 774 876 moniurraque
787 783 916 850 somnia
929 803 1099 874 poscam.»

274 889 369 957 Talia
379 889 544 956 dicentem
557 891 686 980 genitor
696 888 873 958 dulcedine
885 889 961 959 laeta
1170 910 1219 959 ,οε

229 999 346 1084 Audit,
360 1016 394 1067 et
403 1002 548 1067 immites
560 999 650 1068 lente
662 999 835 1069 descendit
846 1000 888 1068 ad
901 1002 1054 1084 umbras,

231 1107 405 1201 Verbaque
416 1106 546 1177 dilectae
557 1108 622 1175 fert
633 1125 829 1177 narraturus
841 1113 1000 1178 Etruscae.

275 1218 369 1286 Salve
381 1242 576 1310 supremum
588 1270 596 1300 ‚
609 1221 719 1286 senior
731 1221 905 1286 mitissime
916 1236 1069 1312 patrum,

230 1332 496 1425 Supremumque
507 1327 600 1397 vale:
615 1333 673 1424 qui
684 1353 876 1424 nunquam,
890 1333 1014 1424 sospite
1025 1347 1121 1412 nato,

230 1441 339 1507 Triste
350 1439 660 1533 Chaos,moestique
672 1441 755 1507 situs
767 1442 892 1531 patiere
904 1441 1059 1534 sepulcri.
1172 1471 1221 1507 ιιο

230 1551 366 1642 Semper
377 1549 522 1617 odoratis
535 1550 711 1642 spirabunt
721 1547 860 1616 floribus
873 1573 954 1633 arae,

230 1662 366 1752 Semper
377 1675 411 1726 et
421 1663 575 1754 Assyrios
587 1660 665 1730 felix
677 1659 767 1728 bibet
779 1684 866 1730 urna
876 1659 1041 1754 liquores,

229 1775 270 1839 Et
281 1771 451 1855 lacrimas,
465 1775 523 1868 qui
535 1770 642 1866 major
653 1771 771 1840 honos.
785 1774 848 1840 Hie
860 1795 953 1839 sucre
964 1770 1073 1840 litabit

229 1881 515 2002 Manibus,inpue
527 1906 586 1951 tua
595 1883 765 1952 tumulum
777 1880 895 1951 tellure
907 1881 1040 1950 levabit.
1174 1897 1224 1962 214

230 1996 350 2059 Nostra
364 2016 514 2088 quoque,
527 1992 680 2086 exemplo
695 1994 850 2076 meritus,
863 1991 922 2059 tibi
934 1997 1085 2060 earmina
1097 1996 1221 2070 sanxit,

230 2106 303 2170 Hoc
315 2105 413 2170 etiam
425 2103 573 2196 gaudens
586 2107 732 2172 cinerem
745 2104 888 2172 donasse
901 2103 1065 2197 sepulcro.

184 2305 225 2356 cia
229 2341 240 2370 ,
250 2303 332 2358 literis
340 2310 518 2379 transpositis:
529 2326 681 2380 perperam
726 2327 786 2362 nor.
798 2309 882 2381 Reliq.
896 2308 929 2360 ad
942 2307 1003 2362 silv.
1019 2321 1096 2363 notet
1111 2310 1138 2360 in
1152 2307 1222 2363 Mss.

184 2379 271 2435 lucida
285 2401 345 2436 saxa
363 2399 423 2438 sunt
435 2405 552 2459 qemmoe.
567 2417 602 2428 -
615 2387 680 2440 Cod.
725 2387 812 2442 Rhod.
826 2402 851 2440 et
867 2387 957 2440 salisb.
971 2403 997 2440 et
1010 2387 1072 2441 edit.
1084 2389 1150 2439 Ven.
1168 2405 1225 2440 esse

183 2457 241 2515 Pur.
254 2483 269 2518 a
282 2483 361 2516 manu
375 2467 477 2538 prima,
491 2466 594 2528 dulcia,·
610 2485 625 2518 a
640 2486 682 2522 se·
726 2468 809 2521 moestr'
825 2466 952 2538 sepulchri
958 2488 967 2528 ,·
985 2481 1011 2518 et
1027 2467 1063 2518 ira
1080 2467 1226 2518 Parmensis

185 2541 285 2609 cunda,
300 2541 394 2596 lucida.
408 2546 455 2597 Ed.
468 2565 507 2618 pr.
521 2545 615 2598 dulcia.
634 2548 666 2598 A.
728 2564 846 2618 quoque:
858 2548 967 2597 omnino
974 2563 1042 2596 vere.
1051 2543 1158 2595 -Cod.
1168 2547 1225 2596 l’ar.

221 2639 280 2674 nor.
298 2623 349 2674 Pro
367 2623 451 2685 linea,
469 2624 529 2678 cod.
544 2626 624 2677 Paris.
639 2621 681 2676 ed.
728 2627 820 2678 moestis
829 2623 983 2697 sepulchris,
995 2638 1020 2676 et
1030 2643 1132 2676 amunu
1142 2624 1226 2695 prima

187 2699 269 2768 prino.
289 2698 378 2754 lintea.
396 2701 462 2754 Vide
480 2715 536 2754 not.
558 2703 593 2755 ad
610 2701 683 2756 hune
726 2704 841 2776 patiare3
856 2723 871 2756 a
888 2701 1019 2770 secunda,
1033 2703 1139 2775 patiere.
1157 2699 1225 2752 Edit.

187 2793 254 2828 vers.
275 2779 307 2828 A,
728 2801 769 2854 pr.
782 2781 902 2834 mestis...
913 2781 1015 2853 patiare
1027 2780 1175 2850 sepulchrit·
1195 2778 1226 2829 Δ.

223 2855 282 2912 203.
310 2857 463 2935 lonpoeque.
488 2859 567 2914 Forte
593 2860 684 2934 legen·
765 2857 825 2925 ard.
844 2860 937 2932 Inque.
951 2858 1037 2928 Vulgo
1050 2875 1128 2930 eque3
1142 2860 1226 2907 Parm.

188 2933 250 2987 dum
257 2976 267 3004 ,
279 2951 430 3011 sauctoeque.
442 2937 510 2993 Vide
522 2955 578 2992 not.
730 2951 756 2990 et
765 2939 842 2990 Rom.
856 2947 950 3010 atque5
963 2954 1054 2986 verum
1064 2945 1130 3004 puto
1141 2934 1226 3004 inque.

221 3015 282 3084 204.
300 3017 352 3067 Pro
364 3017 495 3068 monitum
507 3019 619 3084 somnia,
631 3019 685 3071 Ro-
728 3046 764 3055 -
775 3014 840 3068 Cod.
854 3016 933 3066 Paris.
947 3027 974 3066 et
985 3012 1026 3066 ed.
1041 3013 1127 3084 princ.
1142 3020 1226 3083 atque.

188 3111 262 3146 manu
277 3107 303 3146 et
317 3097 444 3149 Bemartii
461 3097 533 3150 editt.
546 3116 685 3170 perperam
729 3095 789 3148 Vid.
803 3109 859 3147 not.
878 3091 910 3146 Δ.

188 3175 321 3226 moritura.
766 3169 826 3225 215.
844 3171 946 3242 Vulgo:
960 3169 1085 3223 meritis...
1096 3165 1230 3222 saucit-

221 3251 687 3330 208.Senior.v=11505enitor;quod
731 3247 796 3303 Cod.
811 3251 870 3305 Par.
882 3269 898 3301 a
909 3266 990 3300 manu
1001 3251 1102 3320 prima,
1116 3247 1229 3309 meritis,-

189 3347 213 3385 et
227 3331 329 3388 habent
343 3333 403 3388 cod.
419 3337 499 3388 Paris.
513 3335 554 3390 ed.
567 3354 608 3408 pr.
620 3335 685 3390 Vide
732 3349 762 3383 ex
780 3329 979 3394 emendatione,
995 3323 1116 3387 morino,-
1135 3328 1228 3378 iterum

190 3425 243 3466 not.
261 3413 293 3466 A.
732 3428 763 3463 ex
775 3405 1133 3475 emendatione,saucit.lld.
1143 3407 1228 3477 princ.

224 3507 282 3544 rio.
296 3493 349 3545 Pro
359 3493 452 3548 moestis
460 3491 613 3565 sepulchris,
623 3491 687 3547 Gro·
732 3490 856 3545 meritis...
868 3488 958 3542 mucis.
971 3485 1047 3542 conf.
1060 3497 1115 3540 not.
1135 3488 1166 3539 Δ.
