2782 4486
158 311 222 398 692
336 304 469 367 NOTAE
494 301 541 364 ΙΝ
567 301 761 363 CARMEN
788 302 1022 383 QUINTUM

155 444 193 514 git
205 437 316 490 uoemre
326 430 455 493 dolorem,
468 441 514 480 aut
525 427 631 478 laudare
642 425 801 498 compellere
814 428 939 500 explicat,
953 429 999 484 lib.
1013 433 1074 484 XIV
1090 434 1203 488 Advers.

156 536 179 569 c.
194 533 219 586 7.
231 516 288 566 Nec
300 511 387 584 placet
399 505 473 579 quod
484 507 512 556 P.
525 505 667 558 Seriverius
677 517 768 556 notter
780 505 895 573 volebat,
906 520 1019 560 turture.
1031 532 1042 556 ι
1056 513 1117 562 Non
1130 527 1206 565 stare

156 609 245 670 potest
259 593 314 644 bne
331 587 456 642 Gronovii
469 584 617 656 explicatio.
632 586 747 636 Primum
764 585 833 637 enim
848 585 956 638 laudare
966 588 1082 642 dolorem
1093 610 1148 643 non
1160 607 1204 644 est

157 675 264 729 laudare
280 688 329 744 per
343 666 457 719 dolorum
472 664 512 715 vel
527 666 556 715 in
570 661 675 724 dolum
694 662 802 735 quodsi
817 664 940 718 voluisset
962 667 1075 735 Statius,
1093 670 1204 724 dirim-1

157 763 270 808 incomto
280 752 401 803 misenum
411 745 517 797 laudare
528 743 629 808 dolore,
642 762 697 794 non
709 743 833 796 dolorem.
851 746 906 796 Nec
918 745 952 798 de
967 746 1091 819 defluum
1102 749 1144 801 hic
1161 751 1203 802 ιο..

157 840 245 910 quitur
256 834 367 894 Stutius,
382 827 427 879 sed
440 825 473 877 de
486 827 566 897 seipso
579 843 628 894 per
642 835 726 875 totum
741 823 830 876 locum
846 849 851 876 ι
875 825 982 879 laudm
1001 847 1065 899 ergo
1083 829 1200 882 dorm,

157 931 196 971 ost
206 931 281 969 suum
293 909 427 967 dolorem
443 904 515 976 quod
527 918 616 956 tamen
629 922 735 956 sensum
747 903 851 957 nullum
862 905 942 958 babet
954 928 961 957 t
976 908 1090 978 proinde
1101 907 1200 982 depra-

156 1010 216 1050 vato
229 1007 268 1046 est
279 1009 329 1044 vox
342 986 456 1040 laudare.
472 985 567 1036 Omnis
579 1001 643 1034 sena
654 982 703 1034 tibi
715 982 849 1054 spondeo,
862 987 884 1036 si
894 987 1000 1038 minime
1012 991 1155 1041 mutatione
1165 989 1200 1041 le·

157 1096 217 1150 pas,
232 1077 323 1144 ujuvst
331 1067 384 1120 beu
392 1070 481 1137 ,juvat
490 1062 643 1116 illaudabile
654 1079 759 1115 carmen
770 1061 906 1130 Fundere,
915 1078 941 1116 et
949 1067 1066 1119 inoomte
1076 1073 1198 1121 miser-m

157 1157 257 1210 nudare
269 1150 388 1205 dolorem
398 1170 427 1210 μ
441 1145 531 1210 idest,
544 1144 613 1195 ultro
626 1144 767 1210 ostendere,
781 1155 807 1196 et
816 1143 947 1218 profiteri,
964 1150 1098 1201 erraretis
1109 1163 1198 1202 notum

150 1240 241 1311 facere
252 1232 371 1284 dolorem
384 1243 472 1277 meum
484 1223 589 1276 duobus
604 1221 703 1288 modis,
718 1222 869 1276 illaudabile¹
885 1227 999 1279 cannino
1014 1242 1040 1280 et
1054 1228 1197 1301 Qum,

156 1315 226 1370 uude
236 1313 369 1384 sequitur,
381 1330 392 1352 ι
402 1305 443 1358 Sic
454 1305 551 1365 merui;
563 1305 600 1356 sio
609 1321 651 1355 me
661 1315 794 1374 cantuque
803 1301 950 1378 habituque
958 1308 1090 1360 nefastum
1101 1309 1197 1380 Adspi-

156 1399 226 1449 ciunt
238 1391 346 1462 Superi:
358 1409 369 1432 υ
385 1385 513 1457 nefastum
525 1394 604 1434 cantu
614 1395 725 1455 propter
735 1379 892 1436 illaudabile
903 1403 1021 1454 carmen,
1037 1387 1124 1439 babitu
1136 1405 1198 1460 pm.

155 1491 214 1549 pter
227 1469 254 1524 ἠ’
272 1475 391 1522 incomte.
411 1467 471 1516 Haec
486 1463 668 1534 interpretatio
680 1463 814 1514 verissima
826 1476 883 1525 est;
897 1467 1049 1535 conjecture
1064 1467 1198 1519 verisimil-

156 1558 225 1608 lima.
240 1551 346 1602 Nudare
358 1557 398 1598 est
411 1543 554 1608 ostendere,
567 1553 658 1593 uotum
665 1541 770 1613 furem
782 1541 857 1594 Orid.
871 1545 961 1595 Amor.
976 1547 1015 1610 11,
1028 1545 1057 1612 5,
1070 1545 1101 1611 5,
1117 1548 1197 1597 ,Νοῃ

157 1635 220 1688 mihi
232 1631 324 1684 delutte
336 1627 438 1679 nudant
447 1639 493 1678 tue
502 1625 572 1675 facts
583 1621 720 1684 inbelle„
736 1619 872 1689 andrus,
882 1625 987 1696 prolog,
1000 1625 1045 1678 fib·
1055 1627 1105 1692 ΠΙ,
1113 1645 1138 1677 ν.
1150 1625 1198 1692 ⁴5,

373 1738 506 1800 Suspicione
516 1738 536 1782 si
545 1735 596 1798 quit
604 1733 692 1780 errabit
702 1749 757 1788 sua,
940 1793 945 1804 ἱ

372 1813 400 1855 Et
410 1810 484 1871 rspiet
493 1807 521 1853 ad
532 1822 569 1863 se,
580 1806 644 1869 quod
654 1807 698 1852 erit
706 1821 830 1852 commune
839 1808 956 1862 omnium

372 1880 444 1927 Stulte
455 1879 552 1926 nudebit
560 1879 631 1923 enimi
640 1877 802 1924 conscientiam
812 1893 818 1932 ;

157 1987 203 2038 ubi
215 1983 273 2034 ride
289 1985 483 2039 Burmannum3
498 1977 686 2040 Nemesianus,
701 1974 791 2044 Eclog.
806 1977 853 2038 lv,
869 1992 916 2038 rt,

341 2085 401 2127 Tum
411 2079 504 2126 tandem
514 2079 580 2132 lessi,
590 2094 650 2141 quos
659 2076 723 2123 lusus
732 2077 843 2124 adederat
852 2077 923 2138 ignis,

341 2153 377 2198 Sic
388 2167 428 2198 tua
438 2149 535 2194 desertis
546 2148 664 2194 nudarunt
672 2147 770 2194 vulnera
780 2147 847 2194 silvis.

158 2251 297 2304 Contrario
312 2246 392 2300 modo
410 2257 531 2297 errarunt
547 2243 666 2310 librarii,
686 2243 781 2314 Capill.
797 2247 884 2298 Earin.
900 2263 937 2295 vs.
955 2244 999 2311 13,
1014 2244 1060 2296 ubi
1073 2264 1122 2316 pro
1136 2244 1202 2297 nube

158 2333 269 2405 rapine,
281 2329 388 2401 reposui
403 2323 481 2377 laude
496 2325 602 2396 rapirtoe.
619 2325 669 2374 l‘ro
685 2325 811 2392 incomte,
825 2327 909 2376 Parni.
926 2325 1054 2377 incomite.
1069 2325 1199 2377 Sinerem

158 2433 247 2467 vocem
260 2413 360 2481 fingere
371 2407 476 2472 liceret,
489 2406 589 2475 optime
599 2401 652 2455 hoc
667 2402 728 2454 loco
741 2405 888 2475 scripsisset
900 2403 1011 2470 Statius,
1025 2428 1035 2449 ι
1046 2417 1072 2455 et
1080 2407 1198 2455 incomtu

159 2498 283 2548 miserum
301 2489 401 2540 nudare
416 2484 574 2536 dolorem·
594 2493 707 2547 comtus,
728 2483 769 2534 vel
787 2495 916 2554 comptus,
936 2483 984 2554 (de
1002 2501 1052 2554 qus
1070 2484 1198 2555 scriptura

159 2576 217 2629 vide
232 2573 409 2634 Priscianum,
423 2565 469 2617 lib.
482 2567 522 2629 X,
538 2584 564 2636 p.
578 2565 645 2634 897)
659 2578 728 2615 esset
740 2576 861 2625 oruotus5
875 2567 951 2634 cujus
963 2567 1121 2617 contrarium
1133 2578 1202 2618 esset

158 2659 307 2708 incomtus:
324 2648 370 2700 sed
384 2645 451 2699 nihil
466 2648 521 2696 sine
536 2643 662 2716 exemplis
677 2643 876 2696 admittendum.

196 2816 238 2880 4²·
258 2813 433 2881 Fomentuque
443 2825 529 2878 quoero
543 2805 700 2858 Vulneribus
716 2803 775 2875 (sed
785 2807 900 2877 summa)
916 2807 986 2857 meis.
1005 2805 1122 2858 Sumtnm
1134 2805 1204 2856 forte

162 2909 192 2945 ex
203 2889 313 2954 Ouidio,
330 2889 431 2938 Pontio.
448 2888 487 2948 ll,
505 2887 536 2947 il,
552 2903 588 2936 vs.
607 2887 657 2953 94,
679 2907 690 2929 ι
700 2887 888 2956 Fomentisque
900 2887 977 2955 juves
991 2884 1101 2936 vulnera
1115 2897 1205 2936 nostra

93 2959 104 2966 ’
161 2975 243 3023 mis.-
265 2970 409 3039 Cujusnam
424 2979 510 3017 autem
524 2981 587 3017 usus
601 2980 663 3016 sunt
674 2968 729 3018 istie
742 2985 820 3017 voces
838 2965 881 3018 sed
897 2968 1017 3017 ummo?
1032 2983 1082 3035 ego
1099 2963 1203 3035 quidem

161 3050 266 3101 nescio:
282 3059 421 3117 corruptos
435 3061 491 3096 esse
503 3044 572 3108 scio,
587 3041 634 3096 sed
647 3061 702 3095 non
715 3063 824 3114 possum
836 3047 988 3115 inpeterent
1001 3043 1108 3096 mederi.
1120 3042 1205 3096 Video

162 3147 206 3182 ess
221 3141 336 3179 tentasse
354 3125 490 3176 Heinsium
504 3120 539 3173 ad
552 3121 629 3175 Orid.
644 3124 745 3176 Pontio.
761 3126 810 3188 tv,
827 3140 854 3174 ιι
865 3161 874 3188 ,
886 3142 952 3176 vers.
968 3141 1001 3175 πο
1009 3163 1018 3190 ,
1032 3123 1085 3176 hoc
1104 3124 1203 3176 modo:

164 3209 356 3276 «fomentaque
371 3222 459 3275 quaero
473 3203 647 3270 Vulneribus,
666 3201 711 3255 sed
731 3221 812 3268 vanu,
829 3205 931 3266 meiu-
953 3202 1110 3266 infeliciter;
1128 3221 1205 3256 nemo

161 3291 230 3342 enim
242 3286 335 3360 quoerit
346 3303 414 3335 vona
423 3283 547 3354 sorrentu
562 3281 709 3334 uulneribus
720 3283 780 3335 suis.
795 3283 851 3334 Nisi
862 3281 889 3335 el
902 3303 969 3335 vanu
980 3281 1166 3335 adverbialiter
1179 3297 1206 3334 et

161 3370 252 3420 Graeco
267 3384 340 3416 more
358 3381 406 3434 pro
414 3364 529 3434 fnestra,
546 3366 613 3414 sumi
627 3362 739 3415 voluerit
751 3365 791 3413 vir
805 3379 937 3425 summus;
952 3362 1099 3436 quomodo
1118 3377 1206 3415 tamen

161 3447 258 3500 Statius
268 3463 322 3496 non
334 3445 612 3514 scripsisset,propter
620 3439 781 3512 ambiguum.
794 3442 868 3494 Latet
878 3441 1013 3514 epitheton
1023 3442 1066 3492 roi
1077 3442 1205 3512 fomenta.

197 3607 240 3675 46.
260 3605 394 3658 Nimirum
407 3622 486 3674 quum
499 3612 580 3655 vestra
591 3601 682 3655 elomus
698 3623 744 3676 epo
755 3603 855 3674 fisneta
870 3615 971 3656 munus
988 3605 1132 3674 luerepito,
1145 3613 1206 3654 tutte

161 3691 259 3742 domne
270 3685 360 3737 dolens
371 3683 473 3747 aliena,
486 3701 581 3754 repono
593 3682 693 3753 lnsrlix
710 3683 842 3751 lacrimas,
858 3695 883 3736 rt
897 3686 979 3738 tristia
995 3686 1111 3737 carmina
1127 3701 1205 3738 servo.

162 3765 380 3836 corruptissimus
392 3763 475 3814 locus.
490 3765 520 3812 Et
532 3779 624 3814 sentus
636 3763 714 3815 focile
726 3767 884 3836 perspicitur
900 3786 906 3815 :
928 3767 998 3837 Epo,
1011 3767 1096 3836 inquit
1108 3777 1205 3834 poete,

162 3849 207 3919 qui
221 3846 285 3897 olim
301 3843 426 3896 medebor
437 3846 529 3894 vestris
541 3842 709 3908 vulneribus,
724 3864 795 3898 nunc
812 3848 923 3898 invicem
940 3861 1039 3899 vestras
1053 3863 1146 3898 manus
1161 3862 1208 3916 po-

163 3945 225 3978 sco:
242 3927 287 3994 qui
301 3921 364 3973 olim
379 3922 482 3991 scriptis
497 3923 560 3972 ineis
571 3939 618 3973 ros
629 3923 803 3988 consolabar,
819 3943 888 3976 nunc
901 3926 1016 3976 turmine
1029 3921 1208 3976 consolatoris

159 4027 176 4060 o
189 4007 262 4059 robis
274 4005 389 4077 postulo.
403 4005 563 4062 Gronovius,
579 4005 663 4057 Diatr.
679 4025 701 4056 c.
718 4008 765 4064 61.
781 4024 812 4058 ex
824 4008 899 4059 llum.
914 4007 976 4060 edit.
990 4023 1046 4077 qute
1056 4023 1105 4078 pro
1117 4006 1207 4058 domus
