2844 4484
88 395 90 400 .
197 321 262 408 590
357 315 493 382 NOTAE
518 316 568 379 IN
593 315 789 380 CARMEN
814 315 1079 382 SECUNDUM

197 473 208 498 ι
219 461 265 501 tna
277 465 385 500 cernere
396 447 468 498 facta
478 443 639 510 Adsuescat,
652 445 744 515 pn'mis
758 457 784 494 et
798 457 824 495 te
838 446 948 495 miretur
960 444 994 496 ab
1009 446 1123 509 annis3·
1138 445 1175 498 ed
1186 466 1242 519 que

194 527 298 581 Servius
312 549 319 578 ι
335 525 472 592 smirerur,
488 525 615 576 imitetur.
631 525 753 576 Lucanus
767 547 772 574 :
790 524 989 598 miratoremquc
1006 525 1125 591 Catonis,
1141 527 1170 578 id
1186 543 1241 597 est,

194 611 371 661 imitatorems
388 607 488 678 optima
501 606 570 658 enim
583 606 687 674 ingenia
700 621 809 656 necesse
822 617 861 656 cst
875 618 904 657 nt
916 623 947 656 ea
960 623 1017 677 quse
1029 607 1169 673 mirentur,
1182 610 1241 659 imi·

194 701 284 741 tentur
297 707 325 738 :r
343 685 416 758 lege,
435 684 623 757 mirator-ique
642 685 760 750 Catonis,
779 682 807 734 id
825 699 881 749 est,
900 685 1061 746 imitatori;·
1076 699 1195 737 sumtum
1210 705 1241 738 ex

193 773 315 834 Lucano,
326 766 379 832 lX,
393 768 461 828 810;
477 764 591 817 Martial.
606 764 698 835 Epigr.
714 765 726 814 Ι
734 801 742 830 ,
754 779 802 829 ιι,
815 761 846 816 5:
863 786 873 810 ι
884 763 910 816 si
920 767 979 836 qusis
990 765 1042 816 erit
1054 766 1121 816 recti
1134 778 1239 832 custos,

193 853 303 903 mirator
312 848 455 908 honesti;·
470 846 508 896 ita
518 843 677 915 legendum,
689 861 745 894 non
757 845 879 895 imitator.

229 1027 271 1080 77.
282 1007 427 1060 Admonuit
430 1006 542 1078 foretne
552 1003 650 1056 domus.
658 1003 767 1057 Erudite
776 1003 847 1056 hunc
855 1003 946 1057 locum
955 1005 1069 1076 explicat
1076 1007 1238 1072 Gronovius,

192 1091 275 1143 Dicto.
289 1107 347 1160 cap.
362 1089 409 1157 49,
421 1086 462 1140 his
474 1083 577 1138 verbis:
593 1087 664 1138 silei
676 1084 757 1136 mihi!
772 1085 816 1136 hic
827 1087 913 1136 fatum
924 1083 1019 1138 domus
1032 1099 1135 1154 vestrre,
1149 1089 1238 1140 metris

192 1170 327 1220 mentione
342 1167 428 1231 facta,
444 1167 561 1216 animum
573 1181 661 1215 meum
673 1164 789 1232 ulceret,
802 1166 968 1236 pungitqne:
983 1165 1066 1220 tibine
1080 1165 1124 1219 illa
1139 1179 1239 1237 tempe·

192 1267 250 1300 rere
264 1267 344 1299 manu
359 1265 407 1299 sua
418 1263 548 1302 venenum
561 1246 704 1297 sustinuit?
715 1259 766 1296 etc.
779 1244 927 1297 Admonere
941 1263 995 1298 non
1007 1248 1119 1317 protrita
1131 1250 1238 1300 notione

191 1329 297 1392 dicitur,
310 1324 441 1400 quidquid
453 1325 542 1398 aliquo
555 1343 616 1376 cum
626 1325 721 1377 aculeo
733 1324 841 1396 teloque
852 1328 878 1376 in
891 1329 1044 1379 memoriam
1055 1328 1139 1393 redit,
1153 1343 1196 1396 et,
1210 1343 1239 1381 nt

192 1408 294 1463 Tullius
305 1413 355 1476 uit,
366 1409 482 1461 animum
492 1407 617 1458 mernor-in
628 1405 741 1477 refricat.
751 1428 762 1451 r
774 1408 863 1459 Recte.
874 1406 1038 1462 simillimum
1051 1409 1124 1461 istud
1132 1409 1238 1462 Philone

192 1489 264 1560 apud
275 1489 366 1556 Quint.
377 1487 571 1553 Curtium,Vl‚
585 1501 629 1554 ro,
644 1485 810 1539 «Admonuit
820 1506 862 1538 me
874 1489 957 1558 patris
969 1490 1022 1539 mei
1033 1491 1147 1556 mentio,
1160 1508 1238 1560 quam

192 1569 281 1622 timide
298 1582 324 1620 et
335 1580 500 1632 constanter,
518 1585 575 1638 quse
586 1564 728 1619 Cebalinus
743 1567 873 1619 detulerat
889 1567 923 1618 ad
938 1587 993 1634 mc,
1010 1569 1126 1620 indicare
1138 1569 1238 1622 dehue-

191 1651 270 1701 rim.»
283 1649 344 1699 Non
356 1647 476 1700 absimile
488 1647 592 1717 etVirg.
605 1645 690 1712 istud,
703 1647 793 1717 Eclog.
801 1649 851 1714 vt,
865 1664 894 1714 2,
909 1670 921 1694 s
931 1649 1020 1716 Quum
1033 1667 1154 1700 cunerem
1165 1667 1238 1722 reges

192 1742 220 1781 et
236 1729 339 1799 prelia,
355 1727 485 1801 ¹Cynthius
502 1745 593 1778 aurem
602 1726 697 1793 Vellit,
713 1739 740 1778 et
755 1727 931 1788 admonuit„
945 1727 1061 1795 Seneca,
1079 1727 1111 1782 de
1126 1729 1238 1782 Benefic.

192 1810 255 1876 Vll,
269 1810 316 1878 24,
332 1805 490 1874 «Socrates,
504 1808 594 1859 amicis
607 1805 792 1874 audientibus,
806 1807 950 1872 Emiesem,
963 1809 1065 1879 inquit,
1079 1809 1206 1881 pallium,
1218 1810 1240 1860 si

192 1907 314 1942 nummos
333 1887 468 1939 habetem.
491 1883 636 1938 Neminem
648 1887 789 1957 poposcit,
808 1904 900 1938 omnes
919 1885 1093 1940 admonuit·
1113 1887 1239 1960 Exempla

191 1972 289 2042 passim
301 1972 328 2020 in
341 1969 481 2034 Suetonio,
498 1981 525 2020 et
537 1967 603 2021 aliis.
621 1969 660 2020 sit
674 1969 739 2019 tanti
754 1971 889 2020 restituere
903 1967 975 2020 hanc
986 1989 1079 2022 vocem
1094 1969 1181 2022 eidem
1195 1970 1239 2022 se-

193 2067 277 2116 necas,
288 2047 322 2100 de
332 2048 491 2112 Clementia,
503 2047 516 2097 l
523 2086 532 2114 ,
544 2049 575 2112 3,
587 2047 647 2099 loco
659 2049 814 2100 notissimo:
828 2049 928 2099 «Nunc
936 2051 964 2100 iu
974 2063 1024 2102 tres
1035 2064 1124 2122 partes
1135 2068 1239 2102 omnem

192 2129 263 2181 lianc
275 2131 412 2180 materiam
427 2126 560 2179 dividam:
575 2131 659 2198 primo
673 2131 720 2179 erit
731 2129 954 2192 manumissionis5
969 2129 1104 2199 secunda,
1119 2149 1178 2203 quat
1191 2150 1238 2183 na·

191 2221 277 2258 turem
289 2207 438 2259 Clementiae
452 2204 626 2277 habitumque
641 2205 819 2274 demonstret,
833 2222 905 2261 etc.»
920 2210 1008 2282 Lege:
1021 2211 1109 2282 prima
1122 2213 1172 2264 crit
1181 2229 1238 2262 nso·

191 2285 311 2348 nitionis;
319 2286 361 2338 rel
370 2285 562 2338 admonitionis.
575 2284 649 2336 Nihil
656 2289 742 2339 verius
752 2300 833 2358 puto;
844 2300 870 2339 et
878 2293 1099 2355 mecumsenties,
1109 2291 1132 2341 si
1141 2289 1238 2341 librum

192 2367 297 2437 legeris3
314 2387 362 2439 per
374 2380 459 2419 toturn
476 2367 547 2418 enim
560 2366 665 2419 monitis
682 2381 707 2420 et
725 2368 850 2439 exemplis
863 2369 934 2439 egit:
948 2388 1006 2442 cap.
1020 2383 1051 2440 9,
1065 2371 1144 2422 «Hoc
1156 2387 1237 2443 quam

191 2463 282 2499 rernm
298 2450 346 2514 sit,
363 2448 501 2498 admonere
517 2458 543 2497 te
558 2445 679 2517 exemplo
696 2445 842 2498 domestico
854 2447 925 2498 volo.
943 2449 1026 2502 Divus
1036 2449 1167 2520 Augustus
1185 2449 1239 2500 ruit

191 2527 261 2578 mitis
273 2529 412 2599 princeps,
426 2541 499 2579 etc.»
517 2543 576 2597 cap.
593 2541 640 2592 no,
656 2525 872 2598 «Supervacuum
888 2539 928 2578 est
941 2526 994 2580 hoc
1008 2527 1067 2578 loco
1081 2526 1236 2593 admonere,

191 2626 226 2659 ne
242 2607 320 2659 facile
336 2603 441 2668 credst3
458 2619 591 2656 utrorum
607 2607 738 2672 excutiat,
751 2619 801 2657 etc.
812 2627 823 2650 ι
836 2607 928 2677 Longe
943 2607 1013 2658 inira
1030 2625 1057 2660 se
1071 2607 1238 2672 Gronovius,

193 2689 239 2764 qui
254 2689 362 2758 conjicit
377 2684 619 2758 mnppremissionis,
632 2684 672 2737 vel
685 2685 884 2739 commissionis.-
900 2686 993 2738 melius
1009 2689 1126 2760 Lipsius,
1141 2705 1237 2739 marsu-

191 2767 326 2820 ductionis.
339 2763 429 2819 Sidon.
439 2764 614 2835 Apollinaris,
626 2764 659 2816 dc
670 2763 784 2832 Seneca,
797 2785 876 2818 earm.
889 2768 939 2832 Ill,
953 2767 1019 2834 230,
1032 2769 1238 2838 clucessumqne

193 2866 269 2900 suum
281 2859 369 2900 monet
379 2848 546 2909 Neronem„
560 2844 679 2898 Juvenal.
692 2847 744 2900 Sat.
752 2849 825 2914 Vlll,
837 2849 886 2917 39,
900 2849 965 2900 ullis
977 2867 1027 2918 ego
1038 2866 1118 2920 quem
1132 2849 1239 2900 monui?

193 2943 279 2982 tecum
296 2943 336 2982 est
351 2927 416 2980 mihi
428 2946 529 2993 sermo,
542 2927 648 2989 Rubelli
659 2927 765 2981 Blande.
777 2953 788 2977 ι
804 2929 892 2981 Simile
906 2931 977 2982 istud
988 2930 1055 2982 Plin.
1067 2931 1150 3001 Epist.
1162 2931 1237 2995 Vlll,

193 3012 242 3077 24,
262 3009 310 3062 ubi
330 3010 434 3061 monitis
454 3011 560 3059 instruit
579 3009 723 3060 Maximum
743 3027 836 3076 suum,
858 3010 892 3062 ad
912 3011 1055 3081 regendam
1074 3002 1238 3082 provinciam

191 3089 318 3144 Achaiam
330 3092 509 3162 proiecturum
523 3111 529 3140 s
544 3089 626 3140 «Hac
638 3089 715 3142 velim
728 3089 820 3143 credas
832 3090 923 3162 (quod
934 3094 1009 3144 initio
1021 3092 1090 3163 dixi)
1102 3094 1237 3164 scripsisse

192 3189 233 3222 me
243 3170 439 3236 admonentem,
452 3189 506 3222 non
516 3171 723 3241 praecipientem3
737 3189 897 3242 quamquam
909 3173 1105 3243 precipientem
1117 3190 1237 3244 quoqne;

192 3251 291 3320 quippe
305 3269 360 3306 nou
375 3269 478 3316 vercor,
493 3251 522 3304 iu
537 3267 627 3304 amore
641 3268 675 3304 ne
691 3249 800 3302 modurn
817 3253 980 3305 excesserim.
992 3276 1003 3300 s
1017 3252 1099 3304 Recte
1114 3253 1196 3321 igitur
1211 3261 1237 3302 et

191 3327 305 3382 molliter
313 3330 464 3384 cronuionis
473 3329 537 3382 dicit
545 3327 645 3380 Seneca
654 3349 660 3378 s
670 3330 851 3402 preceptionis
859 3331 936 3384 nimis
945 3328 1042 3382 durum
1052 3343 1079 3384 ct
1088 3327 1237 3399 magistrale

190 3408 292 3462 fuisset.
303 3409 418 3464 Fortuna
426 3429 490 3462 vero
500 3411 603 3474 domus,
613 3420 643 3458 ut
651 3407 743 3464 Glauc.
755 3407 832 3464 Ated.
844 3409 906 3464 Silv.
916 3413 952 3474 ll,
966 3409 1024 3478 137,
1038 3411 1119 3460 allec
1129 3409 1239 3460 fortuna

191 3487 301 3544 domus:
316 3488 414 3546 subitus
429 3491 535 3544 inimice
548 3488 643 3542 levavit
657 3491 738 3542 Parca
753 3507 884 3552 manuus
901 3488 979 3544 Ovid.
995 3490 1061 3542 Met.
1077 3490 1156 3550 xm,
1172 3485 1237 3554 525,

167 3563 170 3570 ’
194 3568 277 3622 ιΝου
293 3567 349 3622 hnc
366 3584 406 3622 est
421 3571 530 3624 fortuna
542 3567 637 3624 domus
646 3588 674 3629 ss
689 3567 828 3638 Virgilius,
840 3569 936 3642 Geosg.
950 3571 1075 3638 1v,209‚
1089 3569 1168 3622 ustas
1183 3567 1238 3620 for

192 3663 255 3702 tuns
267 3647 376 3714 domus,
389 3662 415 3702 et
426 3652 468 3704 asi
479 3660 651 3704 munerantur
663 3666 779 3700 avorum.
791 3669 803 3698 s

144 3849 147 3859 ,
226 3801 268 3852 81.
282 3799 492 3871 Infestcrcjuvct
502 3801 608 3864 Manes,
621 3799 763 3872 meritoque
772 3811 879 3871 precatu
891 3800 987 3851 Pacem
997 3796 1100 3869 auferre
1111 3799 1186 3869 rupis.
1199 3797 1237 3848 lte

190 3895 290 3933 veteres
303 3879 444 3945 editiones,
455 3892 550 3950 prater
561 3879 745 3946 Parmrmem,
759 3898 815 3952 quse
826 3878 909 3931 habet
920 3880 1049 3952 infestare
1061 3878 1124 3930 libet
1135 3897 1236 3936 morsm,-

191 3975 217 4010 ct
225 3963 260 4014 its
271 3960 352 4016 edidit
361 3961 525 4028 Gronovius,
538 3959 636 4014 oblitus
649 3973 737 4016 tamen
750 3979 857 4014 monere
870 3961 941 4014 unde
953 3960 1091 4023 habuerit;
1104 3979 1164 4012 nam
1175 3961 1236 4012 Par-

190 4059 305 4093 mensem
318 4061 373 4096 non
383 4040 493 4094 viderat.
509 4042 624 4095 Omnino
638 4061 726 4094 verum
741 4055 780 4093 cst
796 4040 869 4107 tiber,
885 4057 910 4094 et
925 4041 977 4096 lsoc
993 4059 1086 4095 sensus
1099 4040 1233 4111 postulat:
