2858 4492
178 330 1202 360 &mmmmmmmmvut
1207 343 1220 362 ὓ

607 548 799 644 NOTAE

198 753 1202 893 111111111101111111111111111111111111

471 1068 473 1076 .
579 1010 828 1075 SILVARUM.
885 1109 887 1112 Ι

184 1505 193 1526 “
207 1471 389 1555 Perrrscns
406 1515 563 1554 uunronrs.
577 1502 646 1554 licre
659 1503 775 1554 occurrit
787 1501 875 1554 adbuc
886 1502 996 1556 Atedius
1008 1503 1052 1558 ille
1064 1508 1170 1575 Melior,
1182 1513 1226 1562 cui

184 1597 281 1632 notum
295 1579 375 1633 offert
389 1581 513 1632 carminis
532 1582 573 1633 sui
588 1579 715 1633 tributum
730 1581 837 1634 Statius.
854 1581 947 1653 Nuper
963 1581 1034 1653 (huj.
1047 1583 1093 1636 lib.
1106 1604 1187 1639 cerm.
1200 1590 1226 1656 l,

183 1677 244 1731 pag.
261 1659 308 1730 175
322 1661 397 1732 sqq.)
411 1679 472 1712 cnm
488 1659 532 1711 illo
549 1658 656 1732 lugebat
672 1675 753 1733 poete
768 1659 802 1712 de
816 1659 930 1713 Glaucia
945 1663 1119 1736 interenipto;
1138 1685 1209 1719 nunc
1218 1707 1227 1732 ‚
1282 1707 1294 1736 ,

183 1739 285 1812 plectro
297 1740 410 1804 leviore,
423 1741 553 1808 Psitteco,
566 1739 666 1793 domini
679 1739 792 1806 deliciis,
806 1737 915 1793 delicate
926 1742 1003 1795 simul
1017 1756 1043 1794 et
1056 1747 1161 1816 poetice
1174 1767 1229 1800 nae-

184 1823 242 1874 nius
256 1824 336 1874 canit.
358 1823 388 1871 Δ.

219 1989 298 2038 Vites.
322 2001 343 2036 t.
363 1985 488 2051 hincce,
503 1986 554 2037 dux
569 1979 709 2038 uolucmm.
725 1988 754 2037 ln
770 1983 855 2038 Gloss.
873 1985 963 2058 cyrill.
981 1989 1104 2042 scribitur
1121 1994 1199 2044 unico
1214 2015 1228 2044 r

184 2065 300 2133 unuin,
315 2063 435 2120 Psitucus.
449 2065 562 2134 Plinius,
575 2066 620 2119 lib.
630 2069 669 2134 X,
682 2086 740 2139 cup.
752 2067 800 2134 41,
814 2069 849 2118 ait
866 2085 942 2119 nvem
955 2067 1027 2122 benc
1040 2073 1128 2123 vocari
1140 2074 1166 2124 in
1184 2077 1227 2126 ln-

186 2150 229 2202 tlia
241 2151 363 2203 Situcem.
383 2150 413 2200 Δ.

224 2292 264 2359 14.
289 2295 325 2344 Et
340 2291 454 2364 queruloe
465 2295 523 2364 jam
538 2302 628 2363 spome
636 2293 716 2362 fores.
735 2290 830 2362 Opere
844 2294 959 2363 pretinm
973 2295 1006 2343 sit
1022 2295 1167 2348 exscribere
1181 2316 1230 2348 no·

185 2372 267 2425 tulum
282 2373 330 2424 viri
346 2370 380 2422 de
399 2371 481 2422 Statio
497 2369 566 2422 bene
584 2371 677 2422 meriti.
700 2372 862 2441 «Ingenioee
881 2369 986 2442 (inquit
1005 2370 1066 2443 ille)
1086 2374 1229 2429 Politianus

186 2451 276 2523 (epist.
284 2451 333 2517 Vl,
346 2449 372 2519 1)
380 2448 453 2501 lrnnc
462 2447 552 2500 locum
561 2449 747 2519 interpretatus
758 2460 810 2506 θεῖς
822 2446 956 2516 Querela,
968 2450 1066 2519 inquit,
1073 2452 1129 2520 jem
1138 2466 1229 2524 sponte

179 2530 253 2600 fores
262 2533 391 2594 videnlur,
401 2531 526 2601 quonium
536 2527 640 2598 quidem
653 2527 768 2599 querulu.¹
777 2540 987 2598 ensemquoque,
996 2527 1045 2580 sed
1054 2547 1110 2581 non
1120 2547 1229 2602 sponte;

186 2613 247 2681 qnia
256 2609 396 2661 brutorum
402 2627 481 2661 voces
492 2610 570 2660 etiam
578 2607 710 2660 interdurn
720 2606 833 2679 querulus
842 2607 976 2660 dicuutur.
985 2610 1023 2658 lte
1032 2622 1133 2680 questus
1140 2612 1230 2663 avium

1 2751 2 2759 q
187 2688 253 2740 dixit
265 2691 299 2740 Ν
312 2688 388 2750 silo,
401 2687 435 2740 ud
449 2689 537 2741 Seuer.
551 2689 597 2739 Ait
607 2690 695 2760 itaque
707 2699 787 2758 poete
799 2705 907 2738 caveam
919 2687 1025 2738 Psitteci
1033 2690 1088 2757 jam
1101 2694 1230 2760 conqueri

1 2786 3 2843 5
188 2765 265 2839 quod
276 2765 394 2818 desolata
403 2769 442 2820 sit.
455 2767 556 2820 Eodem
565 2766 660 2832 ruodo,
669 2765 752 2818 Theb.
764 2769 800 2828 V,
811 2763 904 2816 nidum
915 2765 969 2816 evis
980 2785 1058 2836 quem
1070 2787 1178 2838 serpens
1187 2788 1230 2821 ru·

1 2846 3 2939 l
187 2859 284 2919 pueret
296 2844 428 2917 quendum
439 2848 547 2900 domum
556 2859 663 2899 vocat..
675 2849 774 2898 Revera
784 2847 825 2897 vix
836 2844 970 2913 intelligo,
983 2846 1047 2914 quid
1056 2846 1120 2898 velit
1130 2849 1169 2898 vir
1180 2847 1230 2900 tlo-

184 2941 261 2980 ctus:
272 2940 340 2998 puto
349 2939 435 2979 temen
446 2929 581 2980 contraria
591 2928 679 2978 omnia
688 2945 704 2978 a
713 2925 796 2978 Statio
806 2923 858 2976 dici
868 2924 1003 2986 debuisse;
1015 2924 1150 2996 quomodo
1161 2929 1230 2978 enim

1 2984 3 3089 l
183 3005 301 3079 querulae
315 3025 373 3059 esee
386 3021 498 3079 possunt
512 3008 582 3059 fores
598 3025 678 3078 quum
694 3017 760 3058 tacet
774 3005 869 3058 caven?
882 3004 936 3056 hoc
949 3006 1018 3056 euim
1032 3004 1231 3076 intelligendum

184 3089 308 3154 estisne,
325 3102 373 3139 «et
392 3089 497 3158 angusti
513 3105 646 3158 nusquam
663 3087 780 3137 convicio
796 3086 890 3136 tecti·
909 3083 1091 3151 Contrarium,
1108 3087 1231 3158 iuquam,
1277 3131 1278 3136 ,

183 3169 320 3238 oportuit,
334 3165 387 3218 hoc
401 3164 497 3218 modo:

372 3273 419 3319 Eu!
429 3284 500 3320 muter
509 3289 556 3320 nou
565 3286 648 3336 sponte
657 3273 733 3320 fures!
744 3285 809 3320 venet
817 3272 856 3318 ille
864 3272 947 3318 beatus

373 3347 471 3401 carcer,
481 3358 505 3390 et
513 3349 602 3408 angusti
612 3361 726 3410 nusquam
735 3347 838 3392 convicia
848 3345 911 3391 tecti.

175 3445 242 3495 Jum
253 3444 341 3494 omnic
352 3441 423 3494 belle
432 3441 578 3495 cohaerent:
589 3443 679 3496 limina
690 3443 753 3495 olim
760 3457 807 3494 tuo
817 3457 905 3494 rostro
912 3443 1066 3508 stridebant,
1075 3461 1146 3495 nunc
1155 3456 1233 3498 multe

174 3535 261 3582 sunu
274 3521 323 3574 sed
333 3541 386 3574 non
396 3533 502 3592 sponte3
515 3523 612 3588 invito,
623 3535 650 3574 et
660 3524 733 3593 quusi
742 3520 794 3573 boc
804 3520 938 3574 silentium
947 3520 1075 3572 dolentesss
1088 3523 1127 3573 lta
1136 3521 1232 3574 Achill.

172 3607 203 3664 1,
224 3601 296 3670 237:
314 3601 518 3673 :speluncaque
530 3602 602 3655 docti
617 3605 691 3655 Muta
706 3604 810 3662 senisu
827 3601 896 3654 docti
911 3601 989 3666 ustis,
1002 3599 1133 3653 Chironis.
1148 3601 1234 3667 Alibi,

170 3680 272 3736 Theb.
292 3679 339 3732 lib.
353 3680 432 3744 Vssl,
449 3699 518 3734 vers.
534 3683 582 3752 196
598 3705 604 3734 :
624 3683 779 3752 «Mutisque
796 3680 842 3732 diu
858 3680 997 3752 plorabere
1012 3679 1155 3752 Delphis.»
1171 3683 1234 3734 Non

167 3773 295 3838 sponte,
308 3773 339 3812 ut
351 3760 444 3832 Virgil.
455 3762 557 3816 AEneirl.
572 3762 619 3814 lib.
635 3761 688 3828 xt,
704 3779 770 3813 vers.
790 3763 854 3830 827:
874 3759 977 3812 ·simut
991 3759 1032 3811 bis
1045 3759 1122 3812 dictis
1134 3761 1235 3832 linque·

167 3847 229 3897 bat
247 3839 384 3907 hebenus,
401 3840 442 3893 Ad
458 3855 554 3894 terrem
570 3861 624 3893 non
639 3854 734 3912 sponte
752 3839 871 3902 fluens;n
893 3839 973 3904 alibi,
986 3839 1087 3890 AEneid.
1104 3842 1150 3904 tv,
1166 3841 1233 3902 361,

169 3954 184 3976 ι
197 3918 314 3976 ltaliam
327 3941 383 3973 non
395 3937 491 3993 sponte
501 3942 607 3995 sequor.
618 3946 628 3968 ι
643 3921 708 3974 Tale
720 3921 856 3991 quippiam
869 3939 960 3972 sensus
973 3919 1075 3972 videtur
1087 3921 1234 3990 requirere:

164 4005 224 4062 „d
245 3999 363 4052 multum
379 4002 470 4066 obest,
486 4016 515 4053 ut
533 4003 663 4054 affirmem
679 4001 788 4054 Statium
804 4002 837 4050 ite
857 4000 1000 4068 scripsisse.

284 4091 311 4154 I.
1059 4085 1095 4149 16
