2844 4484
205 288 270 356 560
399 287 534 354 Nora
559 289 608 351 tu
629 287 826 352 clausu
851 273 1049 352 inruunt

387 414 535 462 Allnsusaris
543 412 659 477 supplices
669 413 740 460 tendo
749 427 830 460 manus

385 487 476 532 Matura
485 500 582 548 poscens
591 485 651 541 lata,
661 500 801 548 precurrens
810 495 837 532 ut
844 485 909 547 prior

386 558 487 606 Patriam
496 570 603 604 ruentem
611 574 618 614 3

200 657 343 724 Martialis,
355 659 444 728 Epigr.
457 658 485 721 Ι,
500 653 562 708 115:
579 653 642 706 :Ad
652 655 752 727 Stygias
764 671 870 725 equum
881 654 970 706 fuerat
984 655 1059 725 prior
1069 656 1132 709 isset
1143 671 1173 712 ut
1186 677 1247 712 um-

200 742 300 804 bras3n
315 753 344 792 ut
360 752 431 792 recte
449 735 598 789 emendavit
612 737 645 789 N.
660 737 799 800 Heinsius,
817 733 850 787 nd
862 734 940 788 oud.
956 737 1063 790 Heroid.
1080 738 1106 804 l,
1121 755 1184 810 tor,
1198 740 1246 793 ubi

144 822 148 831 “
199 822 258 874 vide
272 838 331 873 eum
344 819 402 871 fuse
415 831 545 888 agentem.
557 815 648 882 Idem,
662 817 750 888 Epigr.
763 817 815 883 tx,
828 813 876 882 52,
888 816 918 883 3,
931 829 956 868 et
968 835 1040 887 seq.:

289 912 291 922 ⁴
383 923 959 989 insuaueuusqgrammruuunaanus

413 999 529 1063 Optabit,
540 1000 644 1062 quamvis
653 1000 682 1045 sit
691 999 781 1056 minor,
791 998 825 1044 ire
835 999 914 1060 lirion

197 1107 303 1168 Noster,
315 1100 400 1154 Theb.
413 1099 465 1166 IX,
478 1099 544 1166 634:
562 1101 682 1151 umiserae
695 1101 750 1151 sine
762 1099 857 1150 funera
869 1100 959 1150 matris
971 1095 1067 1150 Audiat
1079 1095 1123 1150 ille
1136 1101 1218 1170 prior.
1228 1125 1240 1149 ι

197 1186 235 1236 Ita
254 1202 286 1234 ex
300 1181 372 1235 MSS.
389 1177 514 1231 emendat
530 1179 671 1230 Burmann.
687 1176 719 1229 ad
733 1175 809 1231 oud.
825 1178 889 1229 Met.
902 1177 976 1242 VIII,
991 1176 1059 1247 499,
1074 1197 1124 1249 pro
1136 1196 1242 1251 precor,-

198 1262 269 1334 quod
282 1274 307 1313 et
316 1272 455 1312 monuerat
466 1260 624 1310 Bernartius.
636 1259 743 1324 Cicero,
756 1256 789 1308 de
801 1256 906 1308 Amicit.
920 1275 979 1327 cap.
993 1256 1026 1322 4:
1041 1256 1242 1322 «Quamobrem

197 1361 257 1397 cum
271 1339 316 1393 illo
329 1337 450 1411 quidem,
464 1351 587 1409 utsupra
600 1336 664 1404 dixi,
679 1351 768 1389 actum
785 1338 886 1407 optime
903 1349 957 1392 est;
974 1353 1079 1387 mecum
1094 1337 1242 1389 incommo-

196 1421 269 1486 dius;
282 1438 361 1491 quem
370 1419 458 1468 luerat
469 1418 583 1487 aquius,
596 1427 625 1466 ut
637 1417 710 1487 prius
721 1416 887 1480 introieram‚
900 1415 938 1466 sic
947 1417 1021 1487 prius
1030 1415 1101 1466 exire
1110 1413 1144 1466 de
1153 1416 1238 1469 rita.-

235 1577 292 1633 185.
311 1579 373 1631 Non
385 1579 412 1628 in
426 1589 449 1629 te
460 1576 542 1642 Fatis,
557 1577 676 1648 nonjcm
688 1573 829 1628 caelestibus
839 1573 903 1628 ullis
912 1575 1072 1628 Arbitrium.-
1083 1594 1183 1627 mecm
1193 1577 1240 1630 ista

190 1660 260 1731 feru.
275 1660 357 1710 Recte
374 1655 430 1707 haeo
450 1657 655 1727 interpretantur
668 1653 824 1722 Gevartius,
842 1654 925 1706 Elect.
944 1655 993 1721 ΙΙΙ,
1013 1672 1046 1722 9,
1065 1668 1091 1705 et
1108 1655 1237 1710 Barthius.

195 1737 292 1790 Sensus
310 1748 363 1788 est:
379 1734 451 1786 nulla
465 1737 529 1785 Fata
544 1730 650 1800 invida,
664 1730 730 1790 nulli
746 1733 802 1798 Dii,
815 1731 929 1803 posthac
946 1731 994 1784 tibi
1009 1732 1160 1796 nocebunt;
1176 1751 1240 1786 con-

196 1830 287 1870 sumtus
302 1819 371 1867 enim
387 1828 413 1867 et
428 1812 559 1865 exhauste
574 1825 635 1865 sunt
651 1829 742 1863 eorum
759 1813 826 1864 vires
843 1810 894 1863 hnc
908 1824 982 1864 tanta
999 1811 1078 1883 plaga
1094 1831 1175 1884 quam
1192 1812 1240 1865 u‘hi

194 1917 243 1969 per
257 1896 392 1948 interitum
409 1911 497 1943 meum
508 1891 669 1944 intulerunt:
686 1909 737 1961 ego
752 1893 840 1942 omnia
857 1893 1002 1944 infortunia
1013 1903 1058 1943 tua
1073 1911 1178 1945 mecum
1192 1911 1240 1945 au-

194 1978 261 2028 fero.
273 1973 356 2028 Simili
368 1991 446 2025 sensu
459 1971 653 2038 Quintilianus,
667 1972 778 2022 Prooem.
791 1969 836 2022 lib.
847 1971 899 2039 Vl,
911 1970 957 2022 ubi
968 1984 1081 2023 mortem
1091 1969 1137 2024 filii
1148 1971 1239 2041 deflet,

195 2068 221 2106 et
234 2052 267 2104 de
278 2055 395 2104 Fortuna
408 2053 446 2101 ita
457 2047 590 2120 loquitur:
608 2049 680 2103 ιδιά
691 2049 733 2102 vel
745 2064 857 2121 propter
868 2049 920 2102 hoc
932 2039 982 2103 uos
994 2055 1177 2105 contumacius
1190 2055 1240 2105 eri·

193 2150 299 2206 gamus,
314 2129 386 2201 quod
398 2128 468 2180 illam
479 2128 655 2200 (Fortunam)
666 2141 697 2180 ut
708 2129 826 2202 perferre
837 2129 915 2182 nobis
927 2129 1035 2184 difficile
1047 2144 1100 2198 est,
1114 2133 1150 2184 ita
1160 2132 1238 2186 facile

193 2226 368 2265 contemnere.
380 2207 458 2262 Nihil
470 2211 540 2262 enim
554 2211 601 2262 sibi
611 2209 732 2263 adversus
743 2229 785 2262 me
798 2211 918 2283 reliquit5
932 2223 959 2263 et
971 2211 1104 2266 infelicem
1118 2213 1236 2285 quidem,

193 2292 239 2345 sed
253 2291 425 2344 certissimam
438 2301 543 2354 tamen,
557 2289 645 2341 attulit
661 2289 727 2342 milri
743 2309 775 2341 ex
791 2289 831 2342 his
845 2291 922 2342 mulis
936 2293 1125 2345 securitatem·
1140 2295 1178 2345 lte
1189 2293 1236 2345 Se-

192 2390 273 2438 neca,
285 2369 391 2424 Consol.
404 2368 440 2421 ad
451 2368 527 2421 Hele.
545 2387 568 2420 c.
585 2371 632 2436 16,
648 2383 724 2440 optat
740 2383 770 2421 ut
781 2372 871 2423 omnia
885 2373 1011 2424 Fatorum
1025 2370 1076 2424 tela
1087 2374 1113 2424 in
1126 2389 1155 2424 se
1171 2391 1235 2424 con·

193 2464 343 2504 sumantur:
357 2451 406 2502 «ln
415 2467 457 2501 me
467 2451 552 2502 omnis
561 2450 687 2502 Fatorum
697 2447 838 2502 crudelitas
847 2450 942 2503 lassata
953 2454 1090 2504 consistat:
1104 2448 1235 2522 quidquid

192 2535 270 2586 matri
283 2529 427 2584 dolendum
444 2531 511 2597 luit,
528 2533 556 2582 in
574 2549 615 2582 me
631 2532 774 2592 transierit;
790 2530 919 2603 quidquid
933 2533 1010 2600 avia,
1023 2534 1050 2584 in
1063 2549 1112 2582 me.
1127 2531 1234 2585 Floreat

192 2613 292 2686 reliqua
308 2615 337 2664 in
353 2630 402 2664 suo
416 2624 485 2665 stetu
501 2610 596 2678 turba,
609 2611 676 2663 nihil
692 2611 726 2664 cle
743 2611 868 2678 orbitate,
881 2611 948 2665 nihil
964 2611 998 2664 de
1011 2613 1161 2666 conditione
1174 2631 1236 2666 mea

193 2712 302 2766 querar:
316 2693 409 2746 fuerim
419 2705 523 2743 tanturn
533 2689 598 2742 nihil
610 2691 723 2763 emplius
733 2691 852 2744 doliture
862 2689 957 2746 domus
966 2695 1157 2764 piamentum.»
1168 2693 1234 2746 Vide

192 2771 257 2824 Vell.
272 2768 401 2824 Patercul.
414 2773 441 2836 l,
459 2787 506 2836 ιο,
521 2769 555 2822 de
568 2771 651 2822 Lucio
662 2770 754 2822 Paulo.

231 2922 288 2991 187.
309 2923 471 2994 Geniumque
472 2932 613 2994 potentem
624 2923 782 2996 irrequietus
794 2943 863 2976 ama.
877 2922 955 2977 Ouid.
967 2926 1047 2977 Trist.
1060 2927 1097 2991 Π,
1109 2921 1155 2990 541
1168 2945 1174 2972 :

376 3028 530 3090 Carmiuaque
540 3027 675 3084 edideram,
685 3043 757 3091 quum
767 3041 790 3075 te
799 3027 881 3075 delicta
892 3041 1011 3077 nountem

406 3099 508 3144 Praeterii
517 3101 586 3146 toties
595 3100 740 3163 inrequietus
749 3093 825 3164 liques
833 3117 840 3156 ;

191 3194 238 3248 ubi
251 3212 300 3266 pro
314 3194 468 3267 inrequietus
481 3195 601 3249 Heinsius
619 3215 650 3247 ex
666 3194 748 3249 tribus
767 3196 841 3249 libris
858 3195 940 3249 edidit
945 3201 1008 3270 jum
1022 3199 1139 3270 quietam
1153 3211 1178 3249 et
1196 3199 1232 3248 ita
1321 3255 1330 3272 ι

191 3273 242 3327 hoc
261 3275 336 3326 Statii
350 3275 410 3326 loco
429 3273 509 3327 scribi
523 3264 623 3342 voluit,
636 3276 767 3329 referente
784 3277 950 3337 Burmanu03
969 3279 1032 3330 Jure
1048 3277 1148 3351 quietae
1162 3295 1229 3329 amo.

190 3352 242 3406 Sed
254 3351 356 3405 diversa
368 3356 435 3405 ratio
447 3368 488 3405 est
500 3353 597 3406 horum
608 3355 745 3408 locorum:
760 3356 821 3410 licet
836 3360 905 3410 enim
917 3355 1027 3411 Ovidius
1039 3371 1111 3410 recte
1122 3355 1176 3410 dici
1185 3375 1233 3429 po-

190 3435 270 3486 tnerit
284 3433 427 3485 Censorem
432 3437 511 3506 jure,
527 3433 648 3500 honest,
664 3435 756 3488 merito
774 3455 832 3502 suo,
848 3452 875 3489 et
893 3435 990 3488 nullius
1003 3453 1078 3488 noxae
1094 3437 1232 3501 conscius,

187 3512 335 3583 praeteriisse
347 3514 462 3585 quietus,
480 3524 507 3565 et
520 3514 575 3566 sine
586 3525 649 3566 nota
662 3515 780 3568 censoria
785 3535 796 3582 ,·
811 3534 893 3587 quum
905 3530 991 3567 tamen
1002 3531 1056 3567 nou
1073 3514 1107 3567 de
1123 3525 1232 3568 musve·

189 3594 273 3646 ctione
287 3605 378 3660 agatur
391 3590 445 3644 hoo
457 3593 531 3645 Statii
542 3592 618 3661 loco,
629 3594 710 3646 verba
721 3597 772 3648 ista
782 3597 845 3648 Jure
855 3597 958 3669 quietus
968 3615 1028 3648 uma
1041 3594 1075 3648 ad
1086 3594 1159 3647 hunc
1170 3613 1232 3647 sen·

189 3690 246 3725 sum
264 3670 332 3724 trahi
349 3690 403 3722 non
421 3671 535 3741 debent,
552 3691 602 3725 nec
619 3687 752 3745 possunt:
772 3689 800 3728 et
818 3693 980 3749 quocunque
998 3693 1076 3729 sensu
1091 3675 1230 3740 sumans,

188 3752 259 3806 istud
270 3753 332 3806 Jure
344 3752 393 3804 erit
403 3749 723 3820 frigidissimum..Verum
737 3769 776 3810 est
788 3756 955 3830 irrequietum,
974 3765 1000 3808 et
1014 3757 1113 3827 optime
1124 3753 1231 3808 defendi

89 3877 91 3882 ,
188 3848 213 3886 et
227 3832 350 3904 explicari
368 3843 457 3903 potest
473 3849 506 3883 ex
518 3831 578 3884 loeo
593 3832 648 3888 Silii
659 3835 758 3902 italici,
775 3837 827 3904 111,
846 3835 915 3900 3⁵0,
930 3837 963 3889 de
979 3837 1084 3889 feminis
1096 3835 1228 3890 Callaecis:

371 3936 450 3983 Cetera
459 3936 573 3985 leminea·
582 3942 673 4004 peragit
681 3941 763 3997 lubun
774 3939 859 3990 addere
870 3941 934 3989 sulco

372 4008 473 4064 Semina,
484 4021 507 4054 et
517 4010 629 4073 impresso
639 4012 743 4061 tellurem
752 4025 842 4062 vertere
851 4023 944 4070 aratro,

699 4296 715 4332 l
