2858 4492
403 335 531 398 LlBRl
557 333 762 397 SECUNDl
788 335 1041 414 SILVARUM.
1175 337 1240 426 269

196 465 231 516 ita
248 459 375 532 legendus
391 460 440 512 iste
455 458 546 511 loeus:
559 457 638 529 rnlgo
656 457 743 510 tibist
758 469 906 512 temerante.
919 459 1087 512 constructio
1103 475 1154 526 est,
1170 481 1241 514 «nee

195 544 278 612 magis
290 538 407 591 deflerim
419 537 492 610 quod
507 537 593 590 insani
606 535 717 590 Molossi
728 555 783 589 nou
800 555 930 608 agnovero
943 537 1078 592 (lominum
1090 543 1241 594 Actaeonem

195 620 351 693 prolapsum
365 617 399 669 ad
415 630 501 669 castos
518 618 604 669 fontes
621 629 749 668 temerare
764 616 873 687 specula
885 619 1000 689 prolana
1014 633 1053 687 te,
1067 619 1150 673 Delia.
1162 648 1172 670 ι

231 769 273 822 82.
286 769 348 820 Non
359 765 447 816 seviro
455 775 524 816 utros
533 763 664 837 Niprasset
671 763 782 836 planctu
788 763 902 835 qenitrsir
912 765 959 816 tihi
966 783 1033 818 seva
1043 765 1156 820 lacertos¹
1168 769 1242 837 Quae·

195 853 229 902 rit
240 844 363 900 Barthius
372 842 510 916 quomodo
523 843 582 894 Aen·
592 842 684 895 lacerti
697 845 798 919 niqron'
808 857 933 917 possunt;
947 859 972 897 et
986 865 1033 898 cur
1042 848 1131 900 soevius
1139 862 1165 900 et
1176 867 1241 902 soeva

195 930 228 982 de
243 927 337 980 eedem
350 944 379 977 re
391 923 532 976 dicuntur?
545 941 594 996 pro
607 927 696 976 soeuius
710 927 800 996 itaque
814 924 877 995 legit
890 929 994 998 soepius;
1009 927 1042 980 de
1056 931 1162 996 ceteris,
1177 929 1241 980 nihil

194 1018 288 1061 mutat.
301 1007 358 1076 Ego
370 1002 458 1055 adhue
470 1021 560 1074 quaero
578 1021 660 1073 quare
676 1021 743 1056 sceva
754 1003 831 1054 litora
847 1015 874 1054 et
886 1021 953 1056 soeva
966 1007 1077 1076 genitrix
1091 1019 1145 1058 tarn
1156 1025 1241 1078 prope

194 1087 293 1159 posita:
308 1097 349 1151 et,
362 1082 435 1154 quod
446 1083 531 1151 majus
541 1094 595 1149 est,
607 1081 744 1152 quomodo
755 1083 865 1152 genitrix
874 1101 939 1135 soeva
951 1084 1001 1135 luit
1010 1084 1073 1137 huie
1082 1105 1167 1158 puero
1177 1105 1242 1139 mon

196 1181 253 1234 tuo,
264 1183 346 1238 quum
355 1182 413 1218 suos
421 1163 535 1216 lacertos
544 1165 675 1235 nigraret,
688 1177 714 1216 et
722 1163 878 1235 plangeret?
889 1167 999 1237 propius
1009 1165 1043 1218 ad
1053 1186 1108 1219 rem
1116 1168 1209 1221 fuisset
1221 1171 1242 1220 si

195 1247 304 1302 dixisset
314 1245 362 1298 sihi
374 1263 454 1310 seve,
470 1262 526 1295 non
538 1243 592 1296 tibi.
606 1243 657 1296 Sed
673 1261 723 1296 nee
736 1246 771 1296 ita
783 1243 878 1298 dixisse
890 1258 972 1316 puto:
990 1244 1078 1298 adhuc
1093 1248 1164 1300 enim
1178 1263 1242 1302 soeva

196 1340 222 1379 et
234 1344 302 1379 soeva
315 1325 393 1376 nimis
403 1324 491 1376 vicina
504 1335 580 1386 sunt;
593 1335 620 1375 et
635 1322 812 1394 subfrigidurn
824 1338 864 1376 est
877 1323 948 1376 istud
963 1325 1010 1377 sihi
1020 1343 1103 1379 sceva:
1118 1329 1161 1379 cui
1173 1330 1242 1380 enirn

195 1408 246 1458 nisi
253 1407 303 1458 sibi
311 1422 378 1458 saesa
388 1421 445 1456 esse
457 1405 545 1476 potuit
556 1422 615 1475 quae
624 1421 680 1456 suos
690 1403 803 1455 lacertos
813 1402 972 1457 verberarit?
981 1424 1087 1458 sensum
1098 1407 1178 1477 igitur
1187 1427 1242 1458 non

194 1498 335 1557 promovet
349 1485 397 1538 sihi
411 1501 485 1536 sceva.
502 1483 559 1553 Ego
577 1501 632 1534 non
648 1482 742 1534 dubito
758 1503 772 1534 a
785 1483 868 1535 Statio
882 1484 965 1536 fuisse
979 1503 1055 1538 enon
1069 1487 1154 1539 secius
1170 1501 1242 1539 atros

194 1565 331 1634 lVigrasset
349 1562 457 1635 planctu
475 1563 587 1634 genitrix
605 1564 697 1614 insana
716 1561 864 1626 lacertosp·
888 1581 941 1614 non
959 1563 1052 1628 secius,
1072 1563 1165 1631 idest,
1182 1566 1243 1637 pari

195 1643 286 1708 modo,
303 1662 358 1694 nou
372 1642 456 1694 aliter.
474 1642 609 1712 Sosipater
622 1641 770 1708 Charisius,
787 1641 834 1694 lil).
849 1645 875 1709 l,
891 1662 918 1714 p.
934 1641 981 1695 61:
998 1645 1060 1694 :Fit
1074 1662 1142 1696 secus
1156 1659 1182 1697 et
1194 1643 1243 1697 ad-

195 1723 329 1787 verbium,
340 1721 413 1794 quod
422 1721 551 1792 significat
561 1721 653 1785 alitem
662 1721 733 1774 unde
742 1723 980 1794 nascitursequius,
991 1721 1147 1794 innotuisse.
1159 1749 1170 1777 s
1184 1727 1243 1779 llle·

195 1804 292 1855 ministi
303 1821 367 1854 vero
385 1820 442 1873 quse
457 1819 537 1874 snpra
551 1800 604 1854 dixi
616 1800 649 1854 de
662 1805 816 1874 promiscuo
832 1821 881 1854 usu
895 1801 1029 1854 literarum
1043 1823 1078 1875 qn
1090 1817 1115 1855 et
1126 1823 1155 1855 c:
1171 1804 1243 1856 unde

194 1883 263 1936 idem
281 1896 344 1935 sunt
357 1883 435 1935 secius
451 1893 476 1931 et
493 1882 603 1952 sequius.
615 1882 707 1950 Virgil.
720 1883 817 1950 Georg.
830 1883 878 1948 lll,
893 1880 958 1952 3672
974 1885 1097 1934 «Interea
1115 1895 1171 1934 toto
1188 1903 1242 1935 non

195 1964 279 2015 secius
291 1981 353 2015 sere
366 1962 481 2030 ninguiu
493 1983 503 2006 r
518 1958 602 2026 idem,
614 1958 715 2012 AEneid.
726 1959 786 2027 Vll,
797 1961 861 2029 781:
878 1961 979 2014 «Filius
990 1961 1112 2015 ardentes
1121 1961 1193 2014 haud
1204 1981 1243 2015 se·

196 2046 250 2096 eius
262 2061 369 2116 equore
383 2042 468 2111 campi
480 2039 626 2091 Exercebat
637 2058 756 2112 equom»
773 2041 824 2106 lX,
836 2039 884 2106 l¹l¹
896 2061 901 2090 :
918 2043 1021 2093 «instat
1032 2061 1087 2094 non
1098 2045 1196 2108 secius,
1211 2062 1242 2094 ac

195 2136 263 2174 rotat
273 2141 364 2174 ensem
374 2119 572 2181 Fulmineum„
585 2119 661 2172 Orid.
672 2121 779 2172 Metam.
791 2122 827 2185 ll,
841 2120 906 2190 809:
924 2120 1088 2192 «Felicisque
1097 2122 1176 2174 honis
1188 2140 1242 2173 non

196 2205 279 2256 secius
298 2206 384 2255 uritur
399 2201 509 2266 Herses,
527 2213 600 2251 etos
622 2202 658 2251 ite
677 2198 760 2252 edidit
778 2201 917 2266 Heinsius,
937 2220 1019 2272 quum
1037 2203 1064 2252 in
1083 2201 1241 2273 quibusdam

195 2281 389 2356 exemplaribus
400 2282 543 2334 invenisset
554 2299 607 2332 nou
618 2277 719 2346 levius,
732 2282 760 2332 in
770 2279 840 2347 aliis,
853 2299 907 2333 non
916 2279 1013 2349 lenius,
1026 2281 1053 2332 in
1064 2294 1179 2352 quatuor
1189 2300 1242 2335 non

194 2361 278 2415 aliter.
288 2363 355 2415 Vide
365 2380 425 2414 eum
435 2361 515 2432 plena
525 2379 605 2412 manu
614 2360 733 2433 exempla
744 2374 938 2431 congerentem.
951 2362 1057 2429 Noster,
1066 2361 1195 2414 Thebaid.
1208 2366 1240 2430 V,

195 2443 257 2496 261:
274 2466 285 2489 ι
296 2439 384 2514 gelida
397 2459 451 2492 non
464 2442 556 2492 saevius
568 2441 635 2493 Ossa
647 2439 792 2492 Luxuriant
802 2439 980 2511 Lapitharum
988 2440 1086 2512 epuler,
1101 2441 1122 2492 si
1135 2439 1241 2514 quondo

192 2523 330 2594 profundo
342 2522 487 2593 Nubigenoe
499 2519 605 2573 caluere
621 2539 707 2582 mero;
719 2545 731 2569 ι
746 2521 792 2572 uhi
803 2539 854 2592 pro
872 2539 925 2573 non
938 2521 1027 2573 servius
1042 2522 1096 2574 MS.
1113 2523 1241 2575 Petrensis

194 2601 277 2655 habet
291 2621 344 2654 non
361 2604 481 2677 sequius:
501 2600 573 2672 lege,
593 2617 647 2652 non
665 2600 753 2653 secius.
771 2602 829 2652 lloe
847 2603 1010 2653 verissimum
1028 2613 1105 2672 puto.
1123 2601 1241 2669 Deinde,

198 2685 355 2752 «Nigrasset
363 2697 434 2736 atros
443 2682 592 2745 lacertos;·
605 2681 723 2752 probum
732 2680 800 2732 hoo:
814 2684 851 2734 its
862 2681 934 2752 apud
943 2684 1042 2736 Lucan.
1056 2685 1091 2748 ll,
1103 2682 1150 2754 37:
1167 2685 1242 2735 «ictu

195 2759 309 2815 liventes
326 2774 380 2814 atra
394 2763 515 2816 lacertos.
528 2785 539 2810 ι
553 2762 655 2814 Notum
670 2781 734 2813 vero
749 2775 790 2814 est
802 2779 896 2813 vocem
913 2761 1017 2814 insanus
1028 2763 1152 2833 usurpari
1163 2760 1195 2814 de
1209 2763 1241 2814 iis
1329 2814 1333 2824 ,

196 2841 243 2909 qni
256 2859 354 2912 magno
365 2842 453 2914 aliquo
465 2841 541 2894 luctu
552 2841 712 2898 alliciuntur.
725 2843 831 2906 Noster,
843 2837 905 2892 Silv.
917 2844 949 2906 V,
963 2839 994 2891 5:
1010 2839 1120 2891 -Tanrs
1128 2839 1191 2890 milri
1203 2840 1242 2892 fe·

193 2922 275 2997 ritas,
294 2935 366 2974 tanta
387 2936 426 2975 est
443 2923 545 2974 insania
563 2921 651 2972 luctus
661 2942 689 2983 μ
706 2921 746 2984 ll,
764 2937 790 2971 t:
811 2917 952 2972 rMuleest'
965 2921 1072 2972 insanos
1088 2919 1239 2990 gemituu-

192 3001 324 3055 Thehaid.
338 3005 386 3070 Vl,
400 3021 467 3056 rere.
484 3019 551 3056 non:

380 3104 431 3149 Jaus
441 3102 492 3149 lace
501 3100 605 3163 subjecta
614 3101 697 3163 prlmls
705 3099 730 3146 in
739 3098 862 3146 frondibus
871 3099 930 3161 ignis

380 3171 511 3232 Exclamat:
521 3171 589 3218 labor
598 3174 692 3218 insanos
701 3187 782 3218 areere
791 3182 909 3234 parentes.
983 3208 985 3218 .

194 3269 255 3335 llll,
265 3268 331 3338 274,
342 3266 377 3322 de
385 3267 482 3320 Cerere
491 3267 676 3338 Proserpinam
687 3265 806 3337 lugente,
819 3264 911 3317 nlllins
921 3265 1020 3316 insanis
1029 3261 1174 3314 ululatibus
1185 3265 1241 3335 ipse

195 3350 307 3418 remugit
318 3347 503 3409 Enceladum»
518 3345 594 3397 Orid.
609 3345 716 3398 Metam.
731 3347 776 3411 lV,
789 3347 855 3416 690,
870 3345 903 3396 de
915 3340 1099 3395 Andromeda:
1118 3342 1243 3412 :genitor

196 3425 327 3496 lugubris,
345 3440 371 3478 et
388 3441 478 3477 umens
493 3427 580 3478 Mater
596 3424 685 3488 sdest;
701 3423 780 3477 autho
796 3425 897 3490 miseri,
914 3423 959 3476 sed
970 3423 1068 3493 justius
1080 3420 1160 3482 illu·
1177 3422 1241 3470 l’ro-

196 3506 309 3573 pertius,
325 3509 350 3573 l,
364 3506 396 3557 6:
616 3511 619 3521 '

379 3603 412 3646 Ut
421 3601 477 3647 mihi
487 3601 586 3648 deducta
595 3601 664 3648 iaciat
673 3601 776 3648 convicia
787 3603 861 3663 puppi

411 3671 522 3735 Cynthia,
532 3684 555 3719 et
564 3673 650 3719 insanis
659 3687 700 3720 orn
709 3683 775 3717 notet
784 3670 889 3716 manibus
898 3687 904 3714 z

196 3767 269 3820 Ovid.
284 3771 377 3821 Amor.
391 3771 439 3836 111,
452 3768 482 3836 6,
496 3788 563 3822 vers.
580 3772 628 3839 57:

380 3875 444 3937 Quid
452 3875 506 3931 lles.
517 3876 656 3924 etmedidos
663 3875 763 3922 lacunis
772 3875 902 3938 corrumpis
910 3872 1010 3928 ocellos,
1059 3849 1062 3856 Ι

411 3949 556 4012 Vestamque
565 3949 644 3996 insana
653 3947 744 4010 planis
753 3960 832 4009 aperte
842 3947 930 3994 manu?

195 4031 258 4085 Plin.
272 4037 350 4105 epist.
365 4037 409 4104 lV,
424 4055 454 4088 nr
471 4039 617 4090 «amissum
631 4052 719 4090 tamen
732 4036 804 4106 luget
815 4037 916 4088 inserte.
928 4057 939 4081 r
952 4036 1030 4084 Potes
1043 4031 1122 4083 etism
1136 4025 1239 4094 legere,
