<?xml version="1.0" encoding="UTF-8"?>
<!DOCTYPE html PUBLIC "-//W3C//DTD XHTML 1.0 Transitional//EN"
    "http://www.w3.org/TR/xhtml1/DTD/xhtml1-transitional.dtd">
<html xmlns="http://www.w3.org/1999/xhtml" xml:lang="en" lang="en">
 <head>
  <title>
</title>
<meta http-equiv="Content-Type" content="text/html;charset=utf-8" />
  <meta name='ocr-system' content='tesseract 3.04.00' />
  <meta name='ocr-capabilities' content='ocr_page ocr_carea ocr_par ocr_line ocrx_word'/>
</head>
<body>
  <div class='ocr_page' id='page_1' title='image "./quexstantomniao03lemagoog_0251.png"; bbox 0 0 2804 4490; ppageno 0'>
   <div class='ocr_carea' id='block_1_1' title="bbox 385 309 1219 378">
    <p class='ocr_par' dir='ltr' id='par_1_1' title="bbox 385 309 1219 378">
     <span class='ocr_line' id='line_1_1' title="bbox 385 309 1219 378; baseline 0.004 -3"><span class='ocrx_word' id='word_1_1' title='bbox 385 311 514 375; x_wconf 84' lang='lat' dir='ltr'>LlBRl</span> <span class='ocrx_word' id='word_1_2' title='bbox 538 309 745 376; x_wconf 86' lang='lat' dir='ltr'>SECUNDl</span> <span class='ocrx_word' id='word_1_3' title='bbox 771 312 1020 376; x_wconf 78' lang='lat' dir='ltr'>SILVARUM.</span> <span class='ocrx_word' id='word_1_4' title='bbox 1156 319 1219 378; x_wconf 74' lang='lat'>2113</span> 
     </span>
    </p>
   </div>
   <div class='ocr_carea' id='block_1_2' title="bbox 182 434 1299 1062">
    <p class='ocr_par' dir='ltr' id='par_1_2' title="bbox 182 434 1299 1062">
     <span class='ocr_line' id='line_1_2' title="bbox 183 434 1299 508; baseline 0.002 -19"><span class='ocrx_word' id='word_1_5' title='bbox 183 437 280 489; x_wconf 77' lang='lat' dir='ltr'>riitone</span> <span class='ocrx_word' id='word_1_6' title='bbox 293 435 416 486; x_wconf 80' lang='lat' dir='ltr'>ducimus</span> <span class='ocrx_word' id='word_1_7' title='bbox 427 434 516 490; x_wconf 71' lang='lat' dir='ltr'>udor·</span> <span class='ocrx_word' id='word_1_8' title='bbox 534 435 610 486; x_wconf 85' lang='lat' dir='ltr'>Ovid.</span> <span class='ocrx_word' id='word_1_9' title='bbox 624 435 687 486; x_wconf 82' lang='lat' dir='ltr'>Met.</span> <span class='ocrx_word' id='word_1_10' title='bbox 701 435 773 502; x_wconf 87' lang='lat' dir='ltr'>Vlll,</span> <span class='ocrx_word' id='word_1_11' title='bbox 788 434 851 504; x_wconf 81' lang='lat'>175:</span> <span class='ocrx_word' id='word_1_12' title='bbox 870 439 1066 508; x_wconf 74' lang='lat' dir='ltr'>ncomitemque</span> <span class='ocrx_word' id='word_1_13' title='bbox 1078 455 1151 490; x_wconf 85' lang='lat' dir='ltr'>suum</span> <span class='ocrx_word' id='word_1_14' title='bbox 1164 457 1223 491; x_wconf 87' lang='lat' dir='ltr'>cru·</span> <span class='ocrx_word' id='word_1_15' title='bbox 1297 466 1299 470; x_wconf 51' lang='lat'><strong><em>¹</em></strong></span> 
     </span>
     <span class='ocr_line' id='line_1_3' title="bbox 182 514 1222 578; baseline 0.002 -8"><span class='ocrx_word' id='word_1_16' title='bbox 182 519 245 570; x_wconf 81' lang='lat' dir='ltr'>belis</span> <span class='ocrx_word' id='word_1_17' title='bbox 260 519 287 568; x_wconf 93' lang='lat' dir='ltr'>in</span> <span class='ocrx_word' id='word_1_18' title='bbox 301 515 357 568; x_wconf 92' lang='lat' dir='ltr'>ndo</span> <span class='ocrx_word' id='word_1_19' title='bbox 369 517 456 567; x_wconf 77' lang='lat' dir='ltr'>Litore</span> <span class='ocrx_word' id='word_1_20' title='bbox 471 514 622 578; x_wconf 66' lang='lat' dir='ltr'>deserum·</span> <span class='ocrx_word' id='word_1_21' title='bbox 638 518 673 567; x_wconf 79' lang='lat' dir='ltr'>ita</span> <span class='ocrx_word' id='word_1_22' title='bbox 686 533 716 566; x_wconf 82' lang='lat' dir='ltr'>ex</span> <span class='ocrx_word' id='word_1_23' title='bbox 728 515 828 568; x_wconf 88' lang='lat' dir='ltr'>Codice</span> <span class='ocrx_word' id='word_1_24' title='bbox 838 515 960 568; x_wconf 80' lang='lat' dir='ltr'>Leidensi</span> <span class='ocrx_word' id='word_1_25' title='bbox 976 519 1087 569; x_wconf 72' lang='lat' dir='ltr'>restituit</span> <span class='ocrx_word' id='word_1_26' title='bbox 1100 521 1222 572; x_wconf 83' lang='lat' dir='ltr'>lleinsius</span> 
     </span>
     <span class='ocr_line' id='line_1_4' title="bbox 182 592 1221 667; baseline 0.004 -20"><span class='ocrx_word' id='word_1_27' title='bbox 182 615 229 667; x_wconf 87' lang='lat' dir='ltr'>pro</span> <span class='ocrx_word' id='word_1_28' title='bbox 243 593 291 647; x_wconf 86' lang='lat' dir='ltr'>illo</span> <span class='ocrx_word' id='word_1_29' title='bbox 304 592 398 648; x_wconf 73' lang='lat' dir='ltr'>Litore</span> <span class='ocrx_word' id='word_1_30' title='bbox 414 595 504 645; x_wconf 78' lang='lat' dir='ltr'>Horat.</span> <span class='ocrx_word' id='word_1_31' title='bbox 517 611 605 651; x_wconf 76' lang='lat' dir='ltr'>curm,</span> <span class='ocrx_word' id='word_1_32' title='bbox 616 597 640 660; x_wconf 99' lang='grc' dir='ltr'>Ι,</span> <span class='ocrx_word' id='word_1_33' title='bbox 656 595 703 655; x_wconf 71' lang='lat'>32,</span> <span class='ocrx_word' id='word_1_34' title='bbox 718 596 867 648; x_wconf 81' lang='lat' dir='ltr'>Nemesion.</span> <span class='ocrx_word' id='word_1_35' title='bbox 881 595 971 664; x_wconf 65' lang='lat' dir='ltr'>Eoloss.</span> <span class='ocrx_word' id='word_1_36' title='bbox 986 599 1022 661; x_wconf 93' lang='grc' dir='ltr'>ΙΙ,</span> <span class='ocrx_word' id='word_1_37' title='bbox 1038 613 1083 659; x_wconf 76' lang='lat'>213</span> <span class='ocrx_word' id='word_1_38' title='bbox 1098 598 1221 651; x_wconf 76' lang='lat' dir='ltr'>Prudent.</span> 
     </span>
     <span class='ocr_line' id='line_1_5' title="bbox 183 671 1223 746; baseline 0.005 -22"><span class='ocrx_word' id='word_1_39' title='bbox 183 675 280 726; x_wconf 78' lang='lat' dir='ltr'>l‘raeint.</span> <span class='ocrx_word' id='word_1_40' title='bbox 294 672 340 725; x_wconf 93' lang='lat' dir='ltr'>lib.</span> <span class='ocrx_word' id='word_1_41' title='bbox 354 675 377 738; x_wconf 87' lang='lat'>1,</span> <span class='ocrx_word' id='word_1_42' title='bbox 389 686 483 724; x_wconf 81' lang='lat' dir='ltr'>contro</span> <span class='ocrx_word' id='word_1_43' title='bbox 495 671 696 744; x_wconf 71' lang='lat' dir='ltr'><strong>Symmachum,</strong></span> <span class='ocrx_word' id='word_1_44' title='bbox 707 693 731 724; x_wconf 82' lang='lat' dir='ltr'>v.</span> <span class='ocrx_word' id='word_1_45' title='bbox 748 673 786 724; x_wconf 77' lang='lat'>13.</span> <span class='ocrx_word' id='word_1_46' title='bbox 801 675 898 724; x_wconf 78' lang='lat' dir='ltr'>Passim</span> <span class='ocrx_word' id='word_1_47' title='bbox 911 675 1030 746; x_wconf 75' lang='lat' dir='ltr'>exempla</span> <span class='ocrx_word' id='word_1_48' title='bbox 1042 677 1164 728; x_wconf 80' lang='lat' dir='ltr'>invenies.</span> <span class='ocrx_word' id='word_1_49' title='bbox 1178 681 1223 728; x_wconf 76' lang='lat' dir='ltr'>Hm</span> 
     </span>
     <span class='ocr_line' id='line_1_6' title="bbox 182 751 1221 820; baseline 0.001 -16"><span class='ocrx_word' id='word_1_50' title='bbox 182 771 242 804; x_wconf 84' lang='lat' dir='ltr'>vero</span> <span class='ocrx_word' id='word_1_51' title='bbox 256 767 336 802; x_wconf 75' lang='lat' dir='ltr'>uoces</span> <span class='ocrx_word' id='word_1_52' title='bbox 354 767 422 802; x_wconf 85' lang='lat' dir='ltr'>unus</span> <span class='ocrx_word' id='word_1_53' title='bbox 438 763 464 800; x_wconf 87' lang='lat' dir='ltr'>et</span> <span class='ocrx_word' id='word_1_54' title='bbox 482 751 548 802; x_wconf 85' lang='lat' dir='ltr'>udus</span> <span class='ocrx_word' id='word_1_55' title='bbox 566 767 635 820; x_wconf 83' lang='lat' dir='ltr'>stupe</span> <span class='ocrx_word' id='word_1_56' title='bbox 652 751 762 802; x_wconf 85' lang='lat' dir='ltr'>invicem</span> <span class='ocrx_word' id='word_1_57' title='bbox 781 763 993 814; x_wconf 77' lang='lat' dir='ltr'>commutantur3</span> <span class='ocrx_word' id='word_1_58' title='bbox 1014 754 1049 804; x_wconf 84' lang='lat' dir='ltr'>ito</span> <span class='ocrx_word' id='word_1_59' title='bbox 1063 755 1104 805; x_wconf 78' lang='lat' dir='ltr'>niu</span> <span class='ocrx_word' id='word_1_60' title='bbox 1122 755 1221 806; x_wconf 87' lang='lat' dir='ltr'>Domit.</span> 
     </span>
     <span class='ocr_line' id='line_1_7' title="bbox 182 831 1222 906; baseline 0.006 -26"><span class='ocrx_word' id='word_1_61' title='bbox 182 853 204 883; x_wconf 81' lang='lat' dir='ltr'>v.</span> <span class='ocrx_word' id='word_1_62' title='bbox 219 849 262 902; x_wconf 76' lang='lat'>27,</span> <span class='ocrx_word' id='word_1_63' title='bbox 271 849 322 902; x_wconf 84' lang='lat' dir='ltr'>pro</span> <span class='ocrx_word' id='word_1_64' title='bbox 331 847 380 880; x_wconf 78' lang='lat' dir='ltr'>ore</span> <span class='ocrx_word' id='word_1_65' title='bbox 390 840 474 883; x_wconf 77' lang='lat' dir='ltr'>necho</span> <span class='ocrx_word' id='word_1_66' title='bbox 482 849 550 895; x_wconf 88' lang='lat' dir='ltr'>uno,</span> <span class='ocrx_word' id='word_1_67' title='bbox 559 832 682 883; x_wconf 78' lang='lat' dir='ltr'>Heinsius</span> <span class='ocrx_word' id='word_1_68' title='bbox 693 833 805 882; x_wconf 88' lang='lat' dir='ltr'>restituit</span> <span class='ocrx_word' id='word_1_69' title='bbox 817 832 883 893; x_wconf 89' lang='lat' dir='ltr'>udo‚·</span> <span class='ocrx_word' id='word_1_70' title='bbox 894 845 919 883; x_wconf 86' lang='lat' dir='ltr'>et</span> <span class='ocrx_word' id='word_1_71' title='bbox 928 833 980 883; x_wconf 86' lang='lat' dir='ltr'>udo</span> <span class='ocrx_word' id='word_1_72' title='bbox 987 831 1090 906; x_wconf 76' lang='lat' dir='ltr'>stipare</span> <span class='ocrx_word' id='word_1_73' title='bbox 1098 853 1147 904; x_wconf 91' lang='lat' dir='ltr'>pro</span> <span class='ocrx_word' id='word_1_74' title='bbox 1158 853 1222 900; x_wconf 86' lang='lat' dir='ltr'>uno,</span> 
     </span>
     <span class='ocr_line' id='line_1_8' title="bbox 183 909 1224 982; baseline 0.001 -17"><span class='ocrx_word' id='word_1_75' title='bbox 183 911 258 965; x_wconf 75' lang='lat' dir='ltr'>ond.</span> <span class='ocrx_word' id='word_1_76' title='bbox 271 912 402 962; x_wconf 82' lang='lat' dir='ltr'>Ponticor.</span> <span class='ocrx_word' id='word_1_77' title='bbox 415 910 453 974; x_wconf 87' lang='grc' dir='ltr'>ΙΙ,</span> <span class='ocrx_word' id='word_1_78' title='bbox 464 925 490 978; x_wconf 88' lang='lat'>9.</span> <span class='ocrx_word' id='word_1_79' title='bbox 506 909 571 961; x_wconf 87' lang='lat' dir='ltr'>Vide</span> <span class='ocrx_word' id='word_1_80' title='bbox 583 929 643 961; x_wconf 88' lang='lat' dir='ltr'>cum</span> <span class='ocrx_word' id='word_1_81' title='bbox 654 909 689 961; x_wconf 81' lang='lat' dir='ltr'>nd</span> <span class='ocrx_word' id='word_1_82' title='bbox 701 909 787 962; x_wconf 81' lang='lat' dir='ltr'>Valer.</span> <span class='ocrx_word' id='word_1_83' title='bbox 799 909 885 963; x_wconf 78' lang='lat' dir='ltr'>Flauo.</span> <span class='ocrx_word' id='word_1_84' title='bbox 897 914 957 977; x_wconf 90' lang='lat' dir='ltr'>Vll,</span> <span class='ocrx_word' id='word_1_85' title='bbox 970 929 993 963; x_wconf 83' lang='lat' dir='ltr'>r.</span> <span class='ocrx_word' id='word_1_86' title='bbox 1008 929 1067 982; x_wconf 82' lang='lat'>²²9·</span> <span class='ocrx_word' id='word_1_87' title='bbox 1083 912 1125 964; x_wconf 91' lang='lat' dir='ltr'>Sic</span> <span class='ocrx_word' id='word_1_88' title='bbox 1137 913 1224 966; x_wconf 78' lang='lat' dir='ltr'>Pleias</span> 
     </span>
     <span class='ocr_line' id='line_1_9' title="bbox 184 986 1224 1062; baseline 0 -21"><span class='ocrx_word' id='word_1_89' title='bbox 184 989 235 1041; x_wconf 86' lang='lat' dir='ltr'>udo</span> <span class='ocrx_word' id='word_1_90' title='bbox 246 987 344 1042; x_wconf 77' lang='lat' dir='ltr'>Ouidio</span> <span class='ocrx_word' id='word_1_91' title='bbox 355 990 505 1040; x_wconf 87' lang='lat' dir='ltr'>restitutum</span> <span class='ocrx_word' id='word_1_92' title='bbox 517 988 572 1040; x_wconf 82' lang='lat' dir='ltr'>vult</span> <span class='ocrx_word' id='word_1_93' title='bbox 584 986 728 1056; x_wconf 85' lang='lat' dir='ltr'>Bentlcius,</span> <span class='ocrx_word' id='word_1_94' title='bbox 742 988 775 1040; x_wconf 83' lang='lat' dir='ltr'>ad</span> <span class='ocrx_word' id='word_1_95' title='bbox 787 989 878 1040; x_wconf 78' lang='lat' dir='ltr'>Horat.</span> <span class='ocrx_word' id='word_1_96' title='bbox 894 1007 972 1042; x_wconf 82' lang='lat' dir='ltr'>carm.</span> <span class='ocrx_word' id='word_1_97' title='bbox 986 995 1010 1057; x_wconf 97' lang='grc' dir='ltr'>Ι,</span> <span class='ocrx_word' id='word_1_98' title='bbox 1027 1007 1071 1053; x_wconf 90' lang='lat' dir='ltr'>to;</span> <span class='ocrx_word' id='word_1_99' title='bbox 1087 991 1134 1042; x_wconf 88' lang='lat' dir='ltr'>ubi</span> <span class='ocrx_word' id='word_1_100' title='bbox 1144 991 1224 1062; x_wconf 79' lang='lat' dir='ltr'>vulgo</span> 
     </span>
    </p>
   </div>
   <div class='ocr_carea' id='block_1_3' title="bbox 183 1070 351 1139">
    <p class='ocr_par' dir='ltr' id='par_1_3' title="bbox 183 1070 351 1139">
     <span class='ocr_line' id='line_1_10' title="bbox 183 1070 351 1139; baseline 0 -19"><span class='ocrx_word' id='word_1_101' title='bbox 183 1070 351 1139; x_wconf 48' lang='lat' dir='ltr'>minam.</span> 
     </span>
    </p>
   </div>
   <div class='ocr_carea' id='block_1_4' title="bbox 183 1223 1251 2492">
    <p class='ocr_par' dir='ltr' id='par_1_4' title="bbox 183 1223 1251 2492">
     <span class='ocr_line' id='line_1_11' title="bbox 222 1223 1223 1297; baseline 0 -19"><span class='ocrx_word' id='word_1_102' title='bbox 222 1227 260 1279; x_wconf 81' lang='grc'>16.</span> <span class='ocrx_word' id='word_1_103' title='bbox 278 1226 314 1278; x_wconf 77' lang='grc' dir='ltr'>ΕΙ</span> <span class='ocrx_word' id='word_1_104' title='bbox 326 1225 356 1277; x_wconf 86' lang='lat' dir='ltr'>in</span> <span class='ocrx_word' id='word_1_105' title='bbox 371 1236 449 1277; x_wconf 76' lang='lat' dir='ltr'>terras</span> <span class='ocrx_word' id='word_1_106' title='bbox 458 1223 567 1296; x_wconf 79' lang='lat' dir='ltr'>scopulis</span> <span class='ocrx_word' id='word_1_107' title='bbox 579 1225 748 1297; x_wconf 73' lang='lat' dir='ltr'>pendentibus</span> <span class='ocrx_word' id='word_1_108' title='bbox 760 1227 820 1278; x_wconf 83' lang='lat' dir='ltr'>exit.</span> <span class='ocrx_word' id='word_1_109' title='bbox 833 1227 993 1293; x_wconf 80' lang='lat' dir='ltr'>Gronovius,</span> <span class='ocrx_word' id='word_1_110' title='bbox 1007 1227 1067 1278; x_wconf 92' lang='lat' dir='ltr'>loco</span> <span class='ocrx_word' id='word_1_111' title='bbox 1080 1230 1174 1296; x_wconf 80' lang='lat' dir='ltr'>citato,</span> <span class='ocrx_word' id='word_1_112' title='bbox 1189 1230 1223 1279; x_wconf 83' lang='lat' dir='ltr'>uit</span> 
     </span>
     <span class='ocr_line' id='line_1_12' title="bbox 185 1304 1223 1378; baseline 0 -20"><span class='ocrx_word' id='word_1_113' title='bbox 185 1305 250 1358; x_wconf 79' lang='lat' dir='ltr'>hunc</span> <span class='ocrx_word' id='word_1_114' title='bbox 263 1323 321 1358; x_wconf 84' lang='lat' dir='ltr'>esse</span> <span class='ocrx_word' id='word_1_115' title='bbox 334 1305 494 1356; x_wconf 76' lang='lat' dir='ltr'>verissimum</span> <span class='ocrx_word' id='word_1_116' title='bbox 507 1304 583 1355; x_wconf 83' lang='lat' dir='ltr'>Statii</span> <span class='ocrx_word' id='word_1_117' title='bbox 594 1308 759 1378; x_wconf 79' lang='lat' dir='ltr'>scripturam.</span> <span class='ocrx_word' id='word_1_118' title='bbox 775 1307 807 1356; x_wconf 82' lang='lat' dir='ltr'>m</span> <span class='ocrx_word' id='word_1_119' title='bbox 819 1307 880 1358; x_wconf 80' lang='lat' dir='ltr'>ferri</span> <span class='ocrx_word' id='word_1_120' title='bbox 893 1307 962 1358; x_wconf 80' lang='lat' dir='ltr'>forte</span> <span class='ocrx_word' id='word_1_121' title='bbox 976 1319 1077 1378; x_wconf 81' lang='lat' dir='ltr'>potest:</span> <span class='ocrx_word' id='word_1_122' title='bbox 1093 1309 1223 1378; x_wconf 83' lang='lat' dir='ltr'>suspicio·</span> 
     </span>
     <span class='ocr_line' id='line_1_13' title="bbox 185 1384 1224 1452; baseline 0.002 -16"><span class='ocrx_word' id='word_1_123' title='bbox 185 1405 241 1437; x_wconf 86' lang='lat' dir='ltr'>rtem</span> <span class='ocrx_word' id='word_1_124' title='bbox 253 1399 343 1438; x_wconf 77' lang='lat' dir='ltr'>temen</span> <span class='ocrx_word' id='word_1_125' title='bbox 355 1385 444 1437; x_wconf 87' lang='lat' dir='ltr'>mendi</span> <span class='ocrx_word' id='word_1_126' title='bbox 456 1385 549 1436; x_wconf 79' lang='lat' dir='ltr'>incutit</span> <span class='ocrx_word' id='word_1_127' title='bbox 559 1403 649 1438; x_wconf 81' lang='lat' dir='ltr'>uersus</span> <span class='ocrx_word' id='word_1_128' title='bbox 662 1384 760 1438; x_wconf 78' lang='lat' dir='ltr'>abhinc</span> <span class='ocrx_word' id='word_1_129' title='bbox 772 1385 918 1452; x_wconf 85' lang='lat' dir='ltr'>secundus,</span> <span class='ocrx_word' id='word_1_130' title='bbox 934 1401 980 1438; x_wconf 74' lang='lat' dir='ltr'>«et</span> <span class='ocrx_word' id='word_1_131' title='bbox 995 1407 1009 1440; x_wconf 92' lang='lat' dir='ltr'>e</span> <span class='ocrx_word' id='word_1_132' title='bbox 1021 1390 1097 1440; x_wconf 85' lang='lat' dir='ltr'>tertis</span> <span class='ocrx_word' id='word_1_133' title='bbox 1110 1390 1224 1438; x_wconf 88' lang='lat' dir='ltr'>occurrit</span> 
     </span>
     <span class='ocr_line' id='line_1_14' title="bbox 185 1463 1224 1537; baseline 0.003 -23"><span class='ocrx_word' id='word_1_134' title='bbox 185 1463 266 1516; x_wconf 91' lang='lat' dir='ltr'>dulcis</span> <span class='ocrx_word' id='word_1_135' title='bbox 284 1482 375 1515; x_wconf 82' lang='lat' dir='ltr'>amaro</span> <span class='ocrx_word' id='word_1_136' title='bbox 391 1463 513 1536; x_wconf 69' lang='lat' dir='ltr'>Nympha</span> <span class='ocrx_word' id='word_1_137' title='bbox 530 1466 626 1517; x_wconf 78' lang='lat' dir='ltr'>morin</span> <span class='ocrx_word' id='word_1_138' title='bbox 643 1466 675 1516; x_wconf 76' lang='lat' dir='ltr'>lit</span> <span class='ocrx_word' id='word_1_139' title='bbox 689 1483 780 1516; x_wconf 84' lang='lat' dir='ltr'>sensus</span> <span class='ocrx_word' id='word_1_140' title='bbox 796 1465 868 1517; x_wconf 80' lang='lat' dir='ltr'>uliud</span> <span class='ocrx_word' id='word_1_141' title='bbox 885 1465 948 1536; x_wconf 91' lang='lat' dir='ltr'>quid</span> <span class='ocrx_word' id='word_1_142' title='bbox 962 1466 1096 1537; x_wconf 79' lang='lat' dir='ltr'>postulare</span> <span class='ocrx_word' id='word_1_143' title='bbox 1107 1465 1224 1526; x_wconf 63' lang='lat' dir='ltr'>videtum</span> 
     </span>
     <span class='ocr_line' id='line_1_15' title="bbox 184 1543 1224 1616; baseline 0.003 -23"><span class='ocrx_word' id='word_1_144' title='bbox 184 1546 223 1596; x_wconf 80' lang='lat' dir='ltr'>rix</span> <span class='ocrx_word' id='word_1_145' title='bbox 234 1545 303 1598; x_wconf 89' lang='lat' dir='ltr'>enim</span> <span class='ocrx_word' id='word_1_146' title='bbox 315 1543 369 1596; x_wconf 89' lang='lat' dir='ltr'>dici</span> <span class='ocrx_word' id='word_1_147' title='bbox 380 1545 481 1616; x_wconf 87' lang='lat' dir='ltr'>potuit,</span> <span class='ocrx_word' id='word_1_148' title='bbox 493 1543 554 1600; x_wconf 83' lang='lat' dir='ltr'>litus</span> <span class='ocrx_word' id='word_1_149' title='bbox 567 1546 635 1598; x_wconf 81' lang='lat' dir='ltr'>exire</span> <span class='ocrx_word' id='word_1_150' title='bbox 647 1545 677 1595; x_wconf 86' lang='lat' dir='ltr'>in</span> <span class='ocrx_word' id='word_1_151' title='bbox 689 1555 778 1610; x_wconf 72' lang='lat' dir='ltr'>temus,</span> <span class='ocrx_word' id='word_1_152' title='bbox 791 1564 872 1616; x_wconf 90' lang='lat' dir='ltr'>quum</span> <span class='ocrx_word' id='word_1_153' title='bbox 883 1546 952 1596; x_wconf 90' lang='lat' dir='ltr'>inter</span> <span class='ocrx_word' id='word_1_154' title='bbox 965 1559 1047 1596; x_wconf 85' lang='lat' dir='ltr'>terras</span> <span class='ocrx_word' id='word_1_155' title='bbox 1060 1559 1086 1596; x_wconf 87' lang='lat' dir='ltr'>et</span> <span class='ocrx_word' id='word_1_156' title='bbox 1097 1544 1159 1596; x_wconf 90' lang='lat' dir='ltr'>litus</span> <span class='ocrx_word' id='word_1_157' title='bbox 1171 1564 1224 1598; x_wconf 86' lang='lat' dir='ltr'>sco·</span> 
     </span>
     <span class='ocr_line' id='line_1_16' title="bbox 184 1621 1223 1696; baseline 0.001 -22"><span class='ocrx_word' id='word_1_158' title='bbox 184 1621 240 1693; x_wconf 85' lang='lat' dir='ltr'>puli</span> <span class='ocrx_word' id='word_1_159' title='bbox 252 1622 401 1676; x_wconf 83' lang='lat' dir='ltr'>intermedii</span> <span class='ocrx_word' id='word_1_160' title='bbox 416 1637 514 1686; x_wconf 80' lang='lat' dir='ltr'>esseot3</span> <span class='ocrx_word' id='word_1_161' title='bbox 534 1623 669 1694; x_wconf 73' lang='lat' dir='ltr'>distinguit</span> <span class='ocrx_word' id='word_1_162' title='bbox 686 1626 755 1675; x_wconf 89' lang='lat' dir='ltr'>enirn</span> <span class='ocrx_word' id='word_1_163' title='bbox 772 1624 972 1676; x_wconf 73' lang='lat' dir='ltr'>Statiuslitusa</span> <span class='ocrx_word' id='word_1_164' title='bbox 986 1626 1072 1686; x_wconf 63' lang='lat' dir='ltr'>terrim</span> <span class='ocrx_word' id='word_1_165' title='bbox 1091 1644 1139 1696; x_wconf 88' lang='lat' dir='ltr'>per</span> <span class='ocrx_word' id='word_1_166' title='bbox 1154 1625 1223 1676; x_wconf 85' lang='lat' dir='ltr'>istud</span> 
     </span>
     <span class='ocr_line' id='line_1_17' title="bbox 186 1701 1225 1775; baseline 0.001 -22"><span class='ocrx_word' id='word_1_167' title='bbox 186 1701 260 1754; x_wconf 86' lang='lat' dir='ltr'>udum</span> <span class='ocrx_word' id='word_1_168' title='bbox 275 1701 376 1768; x_wconf 85' lang='lat' dir='ltr'>solum,</span> <span class='ocrx_word' id='word_1_169' title='bbox 386 1723 435 1775; x_wconf 88' lang='lat' dir='ltr'>per</span> <span class='ocrx_word' id='word_1_170' title='bbox 445 1702 507 1770; x_wconf 80' lang='lat' dir='ltr'>hes,</span> <span class='ocrx_word' id='word_1_171' title='bbox 519 1705 613 1756; x_wconf 86' lang='lat' dir='ltr'>siccum</span> <span class='ocrx_word' id='word_1_172' title='bbox 626 1703 784 1773; x_wconf 73' lang='lat' dir='ltr'>intelligens.</span> <span class='ocrx_word' id='word_1_173' title='bbox 797 1703 888 1754; x_wconf 83' lang='lat' dir='ltr'>Voluit</span> <span class='ocrx_word' id='word_1_174' title='bbox 901 1717 979 1774; x_wconf 81' lang='lat' dir='ltr'>poeta</span> <span class='ocrx_word' id='word_1_175' title='bbox 992 1703 1078 1756; x_wconf 87' lang='lat' dir='ltr'>dicere</span> <span class='ocrx_word' id='word_1_176' title='bbox 1093 1727 1104 1748; x_wconf 79' lang='lat' dir='ltr'><strong><em>a</em></strong></span> <span class='ocrx_word' id='word_1_177' title='bbox 1113 1703 1175 1754; x_wconf 89' lang='lat' dir='ltr'>litus</span> <span class='ocrx_word' id='word_1_178' title='bbox 1187 1705 1225 1754; x_wconf 94' lang='lat' dir='ltr'>in·</span> 
     </span>
     <span class='ocr_line' id='line_1_18' title="bbox 186 1781 1226 1854; baseline 0.001 -21"><span class='ocrx_word' id='word_1_179' title='bbox 186 1787 309 1836; x_wconf 80' lang='lat' dir='ltr'>terreniro</span> <span class='ocrx_word' id='word_1_180' title='bbox 324 1785 424 1848; x_wconf 88' lang='lat' dir='ltr'>monti,</span> <span class='ocrx_word' id='word_1_181' title='bbox 439 1795 466 1835; x_wconf 87' lang='lat' dir='ltr'>et</span> <span class='ocrx_word' id='word_1_182' title='bbox 481 1783 585 1853; x_wconf 71' lang='lat' dir='ltr'>longius</span> <span class='ocrx_word' id='word_1_183' title='bbox 604 1784 689 1848; x_wconf 82' lang='lat' dir='ltr'>exire,</span> <span class='ocrx_word' id='word_1_184' title='bbox 707 1782 821 1853; x_wconf 88' lang='lat' dir='ltr'>scopulis</span> <span class='ocrx_word' id='word_1_185' title='bbox 840 1783 1085 1854; x_wconf 78' lang='lat' dir='ltr'>impendentibus.»</span> <span class='ocrx_word' id='word_1_186' title='bbox 1102 1781 1226 1852; x_wconf 78' lang='lat' dir='ltr'>Scripsit,</span> 
     </span>
     <span class='ocr_line' id='line_1_19' title="bbox 184 1861 1225 1935; baseline -0.001 -22"><span class='ocrx_word' id='word_1_187' title='bbox 184 1862 276 1927; x_wconf 87' lang='lat' dir='ltr'>credo,</span> <span class='ocrx_word' id='word_1_188' title='bbox 291 1878 340 1916; x_wconf 72' lang='lat' dir='ltr'>ret</span> <span class='ocrx_word' id='word_1_189' title='bbox 349 1861 476 1930; x_wconf 88' lang='lat' dir='ltr'>ulterius,</span> <span class='ocrx_word' id='word_1_190' title='bbox 489 1863 607 1933; x_wconf 81' lang='lat' dir='ltr'>scopulis</span> <span class='ocrx_word' id='word_1_191' title='bbox 619 1861 811 1933; x_wconf 83' lang='lat' dir='ltr'>pendentibus,</span> <span class='ocrx_word' id='word_1_192' title='bbox 824 1865 912 1922; x_wconf 63' lang='lat' dir='ltr'>euiu-</span> <span class='ocrx_word' id='word_1_193' title='bbox 930 1863 1033 1935; x_wconf 70' lang='lat' dir='ltr'>lonqius</span> <span class='ocrx_word' id='word_1_194' title='bbox 1047 1881 1175 1915; x_wconf 80' lang='lat' dir='ltr'>excurrere</span> <span class='ocrx_word' id='word_1_195' title='bbox 1187 1861 1225 1912; x_wconf 90' lang='lat' dir='ltr'>di-</span> 
     </span>
     <span class='ocr_line' id='line_1_20' title="bbox 184 1941 1225 2010; baseline -0.002 -14"><span class='ocrx_word' id='word_1_196' title='bbox 184 1959 252 1996; x_wconf 86' lang='lat' dir='ltr'>ceret</span> <span class='ocrx_word' id='word_1_197' title='bbox 262 1943 374 2008; x_wconf 87' lang='lat' dir='ltr'>Cicero,</span> <span class='ocrx_word' id='word_1_198' title='bbox 387 1957 416 1996; x_wconf 88' lang='lat' dir='ltr'>ut</span> <span class='ocrx_word' id='word_1_199' title='bbox 427 1941 461 1994; x_wconf 86' lang='lat' dir='ltr'>de</span> <span class='ocrx_word' id='word_1_200' title='bbox 472 1945 547 1996; x_wconf 81' lang='lat' dir='ltr'>Orat.</span> <span class='ocrx_word' id='word_1_201' title='bbox 563 1945 608 2010; x_wconf 90' lang='grc' dir='ltr'>ΙΙΙ,</span> <span class='ocrx_word' id='word_1_202' title='bbox 622 1942 669 2010; x_wconf 65' lang='lat'>493</span> <span class='ocrx_word' id='word_1_203' title='bbox 682 1941 772 1992; x_wconf 87' lang='lat' dir='ltr'>Sencc.</span> <span class='ocrx_word' id='word_1_204' title='bbox 785 1943 846 1994; x_wconf 72' lang='lat' dir='ltr'>Nat„</span> <span class='ocrx_word' id='word_1_205' title='bbox 862 1943 959 2008; x_wconf 74' lang='lat' dir='ltr'>Queat.</span> <span class='ocrx_word' id='word_1_206' title='bbox 975 1943 1022 2007; x_wconf 94' lang='grc' dir='ltr'>ΙΙΙ,</span> <span class='ocrx_word' id='word_1_207' title='bbox 1038 1943 1085 1995; x_wconf 78' lang='lat'>28:</span> <span class='ocrx_word' id='word_1_208' title='bbox 1102 1942 1225 1994; x_wconf 68' lang='lat' dir='ltr'>:Deinde</span> 
     </span>
     <span class='ocr_line' id='line_1_21' title="bbox 184 2018 1225 2092; baseline 0 -20"><span class='ocrx_word' id='word_1_209' title='bbox 184 2021 229 2073; x_wconf 89' lang='lat' dir='ltr'>ubi</span> <span class='ocrx_word' id='word_1_210' title='bbox 239 2021 301 2074; x_wconf 87' lang='lat' dir='ltr'>litus</span> <span class='ocrx_word' id='word_1_211' title='bbox 309 2021 351 2074; x_wconf 84' lang='lat' dir='ltr'>bis</span> <span class='ocrx_word' id='word_1_212' title='bbox 361 2034 454 2092; x_wconf 84' lang='lat' dir='ltr'>torque</span> <span class='ocrx_word' id='word_1_213' title='bbox 466 2019 598 2091; x_wconf 78' lang='lat' dir='ltr'>prolatum</span> <span class='ocrx_word' id='word_1_214' title='bbox 610 2031 662 2084; x_wconf 82' lang='lat' dir='ltr'>cst,</span> <span class='ocrx_word' id='word_1_215' title='bbox 674 2031 700 2069; x_wconf 87' lang='lat' dir='ltr'>et</span> <span class='ocrx_word' id='word_1_216' title='bbox 708 2018 817 2088; x_wconf 70' lang='lat' dir='ltr'>pelagus</span> <span class='ocrx_word' id='word_1_217' title='bbox 827 2021 854 2070; x_wconf 95' lang='lat' dir='ltr'>in</span> <span class='ocrx_word' id='word_1_218' title='bbox 864 2020 950 2072; x_wconf 79' lang='lat' dir='ltr'>alieno</span> <span class='ocrx_word' id='word_1_219' title='bbox 962 2019 1087 2072; x_wconf 76' lang='lat' dir='ltr'>constitit.</span> <span class='ocrx_word' id='word_1_220' title='bbox 1096 2043 1108 2065; x_wconf 77' lang='grc' dir='ltr'>ι</span> <span class='ocrx_word' id='word_1_221' title='bbox 1119 2021 1225 2090; x_wconf 81' lang='lat' dir='ltr'>Optime</span> 
     </span>
     <span class='ocr_line' id='line_1_22' title="bbox 184 2097 1225 2172; baseline -0.002 -20"><span class='ocrx_word' id='word_1_222' title='bbox 184 2101 295 2172; x_wconf 76' lang='lat' dir='ltr'>explicet</span> <span class='ocrx_word' id='word_1_223' title='bbox 309 2104 404 2154; x_wconf 85' lang='lat' dir='ltr'>Festus</span> <span class='ocrx_word' id='word_1_224' title='bbox 418 2100 549 2164; x_wconf 82' lang='lat' dir='ltr'>Avienus,</span> <span class='ocrx_word' id='word_1_225' title='bbox 561 2099 653 2152; x_wconf 83' lang='lat' dir='ltr'>Desor.</span> <span class='ocrx_word' id='word_1_226' title='bbox 665 2097 729 2150; x_wconf 75' lang='lat' dir='ltr'>orn.</span> <span class='ocrx_word' id='word_1_227' title='bbox 743 2117 766 2148; x_wconf 85' lang='lat' dir='ltr'>v.</span> <span class='ocrx_word' id='word_1_228' title='bbox 780 2098 842 2154; x_wconf 66' lang='lat'>685..</span> <span class='ocrx_word' id='word_1_229' title='bbox 857 2100 895 2150; x_wconf 80' lang='lat' dir='ltr'>lte</span> <span class='ocrx_word' id='word_1_230' title='bbox 911 2097 986 2150; x_wconf 82' lang='lat' dir='ltr'>litora</span> <span class='ocrx_word' id='word_1_231' title='bbox 999 2101 1024 2150; x_wconf 88' lang='lat' dir='ltr'>iu</span> <span class='ocrx_word' id='word_1_232' title='bbox 1037 2109 1143 2169; x_wconf 80' lang='lat' dir='ltr'>portum</span> <span class='ocrx_word' id='word_1_233' title='bbox 1158 2116 1225 2150; x_wconf 77' lang='lat' dir='ltr'>rece·</span> 
     </span>
     <span class='ocr_line' id='line_1_23' title="bbox 184 2175 1227 2250; baseline 0.002 -22"><span class='ocrx_word' id='word_1_234' title='bbox 184 2179 286 2246; x_wconf 69' lang='lat' dir='ltr'>timida,</span> <span class='ocrx_word' id='word_1_235' title='bbox 299 2181 391 2235; x_wconf 84' lang='lat' dir='ltr'>Senec.</span> <span class='ocrx_word' id='word_1_236' title='bbox 408 2176 517 2232; x_wconf 82' lang='lat' dir='ltr'>Consul.</span> <span class='ocrx_word' id='word_1_237' title='bbox 535 2176 568 2230; x_wconf 82' lang='lat' dir='ltr'>ad</span> <span class='ocrx_word' id='word_1_238' title='bbox 580 2178 719 2243; x_wconf 81' lang='lat' dir='ltr'>Marciam,</span> <span class='ocrx_word' id='word_1_239' title='bbox 738 2195 797 2250; x_wconf 85' lang='lat' dir='ltr'>cap.</span> <span class='ocrx_word' id='word_1_240' title='bbox 818 2178 862 2238; x_wconf 73' lang='lat'>18,</span> <span class='ocrx_word' id='word_1_241' title='bbox 880 2175 987 2249; x_wconf 81' lang='lat' dir='ltr'>quando</span> <span class='ocrx_word' id='word_1_242' title='bbox 999 2195 1094 2248; x_wconf 85' lang='lat' dir='ltr'>nempe</span> <span class='ocrx_word' id='word_1_243' title='bbox 1109 2192 1186 2230; x_wconf 78' lang='lat' dir='ltr'>ustus</span> <span class='ocrx_word' id='word_1_244' title='bbox 1201 2193 1227 2230; x_wconf 85' lang='lat' dir='ltr'>ct</span> 
     </span>
     <span class='ocr_line' id='line_1_24' title="bbox 185 2255 1227 2330; baseline -0.004 -18"><span class='ocrx_word' id='word_1_245' title='bbox 185 2279 258 2330; x_wconf 76' lang='lat' dir='ltr'>aque</span> <span class='ocrx_word' id='word_1_246' title='bbox 273 2261 378 2314; x_wconf 70' lang='lat' dir='ltr'>marine</span> <span class='ocrx_word' id='word_1_247' title='bbox 394 2258 500 2329; x_wconf 76' lang='lat' dir='ltr'>longius</span> <span class='ocrx_word' id='word_1_248' title='bbox 518 2256 675 2323; x_wconf 83' lang='lat' dir='ltr'>evehuntur,</span> <span class='ocrx_word' id='word_1_249' title='bbox 690 2269 716 2308; x_wconf 87' lang='lat' dir='ltr'>et</span> <span class='ocrx_word' id='word_1_250' title='bbox 727 2255 854 2308; x_wconf 85' lang='lat' dir='ltr'>recedunt</span> <span class='ocrx_word' id='word_1_251' title='bbox 868 2270 949 2309; x_wconf 77' lang='lat' dir='ltr'>terere.</span> <span class='ocrx_word' id='word_1_252' title='bbox 966 2258 1060 2308; x_wconf 84' lang='lat' dir='ltr'>Porum</span> <span class='ocrx_word' id='word_1_253' title='bbox 1073 2275 1134 2308; x_wconf 86' lang='lat' dir='ltr'>vero</span> <span class='ocrx_word' id='word_1_254' title='bbox 1149 2257 1227 2310; x_wconf 82' lang='lat' dir='ltr'>diffe-</span> 
     </span>
     <span class='ocr_line' id='line_1_25' title="bbox 185 2335 1224 2409; baseline -0.002 -19"><span class='ocrx_word' id='word_1_255' title='bbox 185 2343 274 2392; x_wconf 86' lang='lat' dir='ltr'>rentite</span> <span class='ocrx_word' id='word_1_256' title='bbox 287 2341 355 2392; x_wconf 87' lang='lat' dir='ltr'>inter</span> <span class='ocrx_word' id='word_1_257' title='bbox 371 2341 527 2409; x_wconf 77' lang='lat' dir='ltr'>scripturam</span> <span class='ocrx_word' id='word_1_258' title='bbox 540 2356 582 2388; x_wconf 78' lang='lat' dir='ltr'>rto</span> <span class='ocrx_word' id='word_1_259' title='bbox 595 2336 701 2390; x_wconf 81' lang='lat' dir='ltr'>ulterius</span> <span class='ocrx_word' id='word_1_260' title='bbox 711 2349 737 2390; x_wconf 87' lang='lat' dir='ltr'>et</span> <span class='ocrx_word' id='word_1_261' title='bbox 749 2339 777 2388; x_wconf 87' lang='lat' dir='ltr'>in</span> <span class='ocrx_word' id='word_1_262' title='bbox 790 2347 875 2390; x_wconf 81' lang='lat' dir='ltr'>terras.</span> <span class='ocrx_word' id='word_1_263' title='bbox 889 2337 954 2388; x_wconf 81' lang='lat' dir='ltr'>Exit</span> <span class='ocrx_word' id='word_1_264' title='bbox 968 2335 1041 2402; x_wconf 81' lang='lat' dir='ltr'>litus,</span> <span class='ocrx_word' id='word_1_265' title='bbox 1057 2351 1083 2388; x_wconf 91' lang='lat' dir='ltr'>ut</span> <span class='ocrx_word' id='word_1_266' title='bbox 1095 2337 1224 2390; x_wconf 77' lang='lat' dir='ltr'>Thebaid.</span> 
     </span>
     <span class='ocr_line' id='line_1_26' title="bbox 183 2415 1251 2492; baseline -0.003 -22"><span class='ocrx_word' id='word_1_267' title='bbox 183 2421 229 2481; x_wconf 89' lang='lat' dir='ltr'>Vl,</span> <span class='ocrx_word' id='word_1_268' title='bbox 243 2417 303 2472; x_wconf 80' lang='lat'>256.</span> <span class='ocrx_word' id='word_1_269' title='bbox 315 2417 435 2492; x_wconf 82' lang='lat' dir='ltr'>Scopulir</span> <span class='ocrx_word' id='word_1_270' title='bbox 444 2417 613 2488; x_wconf 77' lang='lat' dir='ltr'>pendentibus</span> <span class='ocrx_word' id='word_1_271' title='bbox 624 2429 664 2468; x_wconf 88' lang='lat' dir='ltr'>est</span> <span class='ocrx_word' id='word_1_272' title='bbox 677 2435 708 2468; x_wconf 81' lang='lat' dir='ltr'>ox</span> <span class='ocrx_word' id='word_1_273' title='bbox 718 2415 842 2486; x_wconf 77' lang='lat' dir='ltr'>Virgilio,</span> <span class='ocrx_word' id='word_1_274' title='bbox 855 2416 956 2472; x_wconf 80' lang='lat' dir='ltr'>AEneid.</span> <span class='ocrx_word' id='word_1_275' title='bbox 969 2419 993 2483; x_wconf 97' lang='grc' dir='ltr'>Ι,</span> <span class='ocrx_word' id='word_1_276' title='bbox 1006 2434 1062 2485; x_wconf 88' lang='lat'>¹7⁰·</span> <span class='ocrx_word' id='word_1_277' title='bbox 1248 2415 1251 2424; x_wconf 76' lang='grc'>’</span> 
     </span>
    </p>
   </div>
   <div class='ocr_carea' id='block_1_5' title="bbox 185 2568 1227 2782">
    <p class='ocr_par' dir='ltr' id='par_1_5' title="bbox 185 2568 1227 2782">
     <span class='ocr_line' id='line_1_27' title="bbox 220 2568 1227 2644; baseline -0.004 -20"><span class='ocrx_word' id='word_1_278' title='bbox 220 2589 263 2624; x_wconf 80' lang='lat' dir='ltr'>to.</span> <span class='ocrx_word' id='word_1_279' title='bbox 281 2573 431 2643; x_wconf 80' lang='lat' dir='ltr'>Cymodoce.</span> <span class='ocrx_word' id='word_1_280' title='bbox 453 2574 513 2624; x_wconf 82' lang='lat' dir='ltr'>llaec</span> <span class='ocrx_word' id='word_1_281' title='bbox 532 2585 570 2624; x_wconf 86' lang='lat' dir='ltr'>cst</span> <span class='ocrx_word' id='word_1_282' title='bbox 586 2570 710 2644; x_wconf 81' lang='lat' dir='ltr'>prmclnra</span> <span class='ocrx_word' id='word_1_283' title='bbox 725 2568 769 2622; x_wconf 85' lang='lat' dir='ltr'>illa</span> <span class='ocrx_word' id='word_1_284' title='bbox 783 2571 962 2622; x_wconf 79' lang='lat' dir='ltr'>concionatriu</span> <span class='ocrx_word' id='word_1_285' title='bbox 977 2568 1134 2642; x_wconf 78' lang='lat' dir='ltr'>Virgilianu,</span> <span class='ocrx_word' id='word_1_286' title='bbox 1145 2569 1227 2640; x_wconf 81' lang='lat' dir='ltr'>furrdi</span> 
     </span>
     <span class='ocr_line' id='line_1_28' title="bbox 185 2647 1227 2722; baseline -0.002 -20"><span class='ocrx_word' id='word_1_287' title='bbox 185 2651 344 2716; x_wconf 81' lang='lat' dir='ltr'>doctissimo,</span> <span class='ocrx_word' id='word_1_288' title='bbox 358 2665 388 2703; x_wconf 87' lang='lat' dir='ltr'>nt</span> <span class='ocrx_word' id='word_1_289' title='bbox 400 2651 443 2704; x_wconf 89' lang='lat' dir='ltr'>ille</span> <span class='ocrx_word' id='word_1_290' title='bbox 458 2653 508 2720; x_wconf 81' lang='lat' dir='ltr'>uit,</span> <span class='ocrx_word' id='word_1_291' title='bbox 522 2651 623 2704; x_wconf 84' lang='lat' dir='ltr'>AEneid.</span> <span class='ocrx_word' id='word_1_292' title='bbox 637 2651 675 2714; x_wconf 89' lang='lat' dir='ltr'>X,</span> <span class='ocrx_word' id='word_1_293' title='bbox 689 2650 753 2714; x_wconf 68' lang='lat'>225,</span> <span class='ocrx_word' id='word_1_294' title='bbox 769 2649 815 2700; x_wconf 90' lang='lat' dir='ltr'>ubi</span> <span class='ocrx_word' id='word_1_295' title='bbox 827 2650 946 2720; x_wconf 83' lang='lat' dir='ltr'>loquitur</span> <span class='ocrx_word' id='word_1_296' title='bbox 957 2647 989 2700; x_wconf 90' lang='lat' dir='ltr'>de</span> <span class='ocrx_word' id='word_1_297' title='bbox 1003 2649 1131 2720; x_wconf 79' lang='lat' dir='ltr'>Nymphis</span> <span class='ocrx_word' id='word_1_298' title='bbox 1144 2667 1227 2722; x_wconf 81' lang='lat' dir='ltr'>qurcn</span> 
     </span>
     <span class='ocr_line' id='line_1_29' title="bbox 187 2729 513 2782; baseline 0.003 -3"><span class='ocrx_word' id='word_1_299' title='bbox 187 2729 298 2782; x_wconf 79' lang='lat' dir='ltr'>nuribus</span> <span class='ocrx_word' id='word_1_300' title='bbox 311 2731 382 2782; x_wconf 76' lang='lat' dir='ltr'>iectu</span> <span class='ocrx_word' id='word_1_301' title='bbox 394 2731 513 2782; x_wconf 81' lang='lat' dir='ltr'>fueraut:</span> 
     </span>
    </p>
   </div>
   <div class='ocr_carea' id='block_1_6' title="bbox 183 2825 1229 3926">
    <p class='ocr_par' dir='ltr' id='par_1_6' title="bbox 371 2825 912 2892">
     <span class='ocr_line' id='line_1_30' title="bbox 371 2825 912 2892; baseline -0.011 -16"><span class='ocrx_word' id='word_1_302' title='bbox 371 2831 485 2889; x_wconf 70' lang='lat' dir='ltr'>Quum-um,</span> <span class='ocrx_word' id='word_1_303' title='bbox 496 2843 547 2892; x_wconf 78' lang='lat' dir='ltr'>quur</span> <span class='ocrx_word' id='word_1_304' title='bbox 556 2827 619 2874; x_wconf 78' lang='lat' dir='ltr'>tandi</span> <span class='ocrx_word' id='word_1_305' title='bbox 628 2827 759 2874; x_wconf 79' lang='lat' dir='ltr'>doctissimo</span> <span class='ocrx_word' id='word_1_306' title='bbox 770 2825 912 2889; x_wconf 76' lang='lat' dir='ltr'>Cymotlotur</span> 
     </span>
    </p>

    <p class='ocr_par' dir='ltr' id='par_1_7' title="bbox 371 2896 1047 2964">
     <span class='ocr_line' id='line_1_31' title="bbox 371 2896 1047 2964; baseline -0.006 -18"><span class='ocrx_word' id='word_1_307' title='bbox 371 2903 432 2948; x_wconf 85' lang='lat' dir='ltr'>Pone</span> <span class='ocrx_word' id='word_1_308' title='bbox 441 2915 542 2964; x_wconf 81' lang='lat' dir='ltr'>sequens</span> <span class='ocrx_word' id='word_1_309' title='bbox 551 2897 630 2944; x_wconf 82' lang='lat' dir='ltr'>dcxtrn</span> <span class='ocrx_word' id='word_1_310' title='bbox 641 2899 738 2962; x_wconf 86' lang='lat' dir='ltr'>puppim</span> <span class='ocrx_word' id='word_1_311' title='bbox 748 2909 825 2953; x_wconf 84' lang='lat' dir='ltr'>tonet,</span> <span class='ocrx_word' id='word_1_312' title='bbox 836 2898 932 2960; x_wconf 79' lang='lat' dir='ltr'>ipsaque</span> <span class='ocrx_word' id='word_1_313' title='bbox 942 2896 1011 2944; x_wconf 83' lang='lat' dir='ltr'>dorso</span> <span class='ocrx_word' id='word_1_314' title='bbox 1046 2917 1047 2920; x_wconf 41' lang='lat'>¹</span> 
     </span>
    </p>

    <p class='ocr_par' dir='ltr' id='par_1_8' title="bbox 183 2965 1229 3696">
     <span class='ocr_line' id='line_1_32' title="bbox 370 2965 908 3032; baseline -0.004 -14"><span class='ocrx_word' id='word_1_315' title='bbox 370 2972 457 3018; x_wconf 72' lang='lat' dir='ltr'>Fruinet</span> <span class='ocrx_word' id='word_1_316' title='bbox 463 3005 470 3027; x_wconf 93' lang='lat'>,</span> <span class='ocrx_word' id='word_1_317' title='bbox 482 2987 508 3018; x_wconf 81' lang='lat' dir='ltr'>nc</span> <span class='ocrx_word' id='word_1_318' title='bbox 518 2970 572 3016; x_wconf 71' lang='lat' dir='ltr'>leva</span> <span class='ocrx_word' id='word_1_319' title='bbox 582 2970 657 3016; x_wconf 80' lang='lat' dir='ltr'>tacitis</span> <span class='ocrx_word' id='word_1_320' title='bbox 666 2969 805 3030; x_wconf 64' lang='lat' dir='ltr'>subremigat</span> <span class='ocrx_word' id='word_1_321' title='bbox 815 2965 889 3016; x_wconf 81' lang='lat' dir='ltr'>nudis.</span> <span class='ocrx_word' id='word_1_322' title='bbox 904 3027 908 3032; x_wconf 27' lang='grc' dir='ltr'><em>ι</em></span> 
     </span>
     <span class='ocr_line' id='line_1_33' title="bbox 183 3053 1229 3132; baseline -0.007 -19"><span class='ocrx_word' id='word_1_323' title='bbox 183 3059 233 3113; x_wconf 85' lang='lat' dir='ltr'>Sed</span> <span class='ocrx_word' id='word_1_324' title='bbox 247 3079 312 3132; x_wconf 82' lang='lat' dir='ltr'>pace</span> <span class='ocrx_word' id='word_1_325' title='bbox 323 3073 381 3127; x_wconf 81' lang='lat' dir='ltr'>tur,</span> <span class='ocrx_word' id='word_1_326' title='bbox 394 3079 488 3132; x_wconf 61' lang='lat' dir='ltr'>magne</span> <span class='ocrx_word' id='word_1_327' title='bbox 500 3061 554 3112; x_wconf 78' lang='lat' dir='ltr'>Dee</span> <span class='ocrx_word' id='word_1_328' title='bbox 566 3058 730 3131; x_wconf 73' lang='lat' dir='ltr'>Cymodoce,</span> <span class='ocrx_word' id='word_1_329' title='bbox 744 3071 770 3110; x_wconf 89' lang='lat' dir='ltr'>et</span> <span class='ocrx_word' id='word_1_330' title='bbox 782 3058 832 3110; x_wconf 87' lang='lat' dir='ltr'>nisi</span> <span class='ocrx_word' id='word_1_331' title='bbox 841 3055 967 3110; x_wconf 87' lang='lat' dir='ltr'>molestus</span> <span class='ocrx_word' id='word_1_332' title='bbox 978 3056 1040 3118; x_wconf 89' lang='lat' dir='ltr'>sim,</span> <span class='ocrx_word' id='word_1_333' title='bbox 1053 3053 1165 3105; x_wconf 76' lang='lat' dir='ltr'>libenter</span> <span class='ocrx_word' id='word_1_334' title='bbox 1177 3073 1191 3106; x_wconf 79' lang='lat' dir='ltr'>a</span> <span class='ocrx_word' id='word_1_335' title='bbox 1205 3067 1229 3106; x_wconf 84' lang='lat' dir='ltr'>te</span> 
     </span>
     <span class='ocr_line' id='line_1_34' title="bbox 185 3137 1229 3212; baseline -0.008 -19"><span class='ocrx_word' id='word_1_336' title='bbox 185 3159 327 3212; x_wconf 78' lang='lat' dir='ltr'>quterercm</span> <span class='ocrx_word' id='word_1_337' title='bbox 343 3141 396 3212; x_wconf 80' lang='lat' dir='ltr'>(ita</span> <span class='ocrx_word' id='word_1_338' title='bbox 409 3157 495 3196; x_wconf 83' lang='lat' dir='ltr'>ttmeu</span> <span class='ocrx_word' id='word_1_339' title='bbox 510 3155 585 3194; x_wconf 89' lang='lat' dir='ltr'>utne</span> <span class='ocrx_word' id='word_1_340' title='bbox 600 3141 727 3194; x_wconf 77' lang='lat' dir='ltr'>morinum</span> <span class='ocrx_word' id='word_1_341' title='bbox 739 3153 813 3192; x_wconf 84' lang='lat' dir='ltr'>tuam</span> <span class='ocrx_word' id='word_1_342' title='bbox 831 3137 1010 3208; x_wconf 78' lang='lat' dir='ltr'>eloquentiam</span> <span class='ocrx_word' id='word_1_343' title='bbox 1024 3137 1050 3186; x_wconf 92' lang='lat' dir='ltr'>in</span> <span class='ocrx_word' id='word_1_344' title='bbox 1067 3153 1107 3186; x_wconf 88' lang='lat' dir='ltr'>me</span> <span class='ocrx_word' id='word_1_345' title='bbox 1122 3137 1229 3206; x_wconf 82' lang='lat' dir='ltr'>acuum)</span> 
     </span>
     <span class='ocr_line' id='line_1_35' title="bbox 185 3215 1229 3293; baseline -0.008 -15"><span class='ocrx_word' id='word_1_346' title='bbox 185 3222 247 3291; x_wconf 80' lang='lat' dir='ltr'>quid</span> <span class='ocrx_word' id='word_1_347' title='bbox 264 3222 311 3274; x_wconf 89' lang='lat' dir='ltr'>tibi</span> <span class='ocrx_word' id='word_1_348' title='bbox 329 3242 390 3274; x_wconf 90' lang='lat' dir='ltr'>curu</span> <span class='ocrx_word' id='word_1_349' title='bbox 404 3223 510 3292; x_wconf 78' lang='lat' dir='ltr'>fando?</span> <span class='ocrx_word' id='word_1_350' title='bbox 523 3241 556 3274; x_wconf 80' lang='lat' dir='ltr'>sn</span> <span class='ocrx_word' id='word_1_351' title='bbox 572 3235 601 3273; x_wconf 92' lang='lat' dir='ltr'>ut</span> <span class='ocrx_word' id='word_1_352' title='bbox 618 3223 645 3272; x_wconf 92' lang='lat' dir='ltr'>in</span> <span class='ocrx_word' id='word_1_353' title='bbox 666 3221 836 3274; x_wconf 68' lang='lat' dir='ltr'>concionibus</span> <span class='ocrx_word' id='word_1_354' title='bbox 853 3218 1014 3293; x_wconf 84' lang='lat' dir='ltr'>Squammeis</span> <span class='ocrx_word' id='word_1_355' title='bbox 1031 3215 1188 3281; x_wconf 82' lang='lat' dir='ltr'>domineris,</span> <span class='ocrx_word' id='word_1_356' title='bbox 1203 3231 1229 3270; x_wconf 88' lang='lat' dir='ltr'>et</span> 
     </span>
     <span class='ocr_line' id='line_1_36' title="bbox 186 3296 1229 3374; baseline -0.009 -19"><span class='ocrx_word' id='word_1_357' title='bbox 186 3303 300 3372; x_wconf 81' lang='lat' dir='ltr'>piscihus</span> <span class='ocrx_word' id='word_1_358' title='bbox 315 3304 446 3358; x_wconf 86' lang='lat' dir='ltr'>silentium</span> <span class='ocrx_word' id='word_1_359' title='bbox 463 3302 580 3368; x_wconf 84' lang='lat' dir='ltr'>indicus,</span> <span class='ocrx_word' id='word_1_360' title='bbox 598 3300 745 3374; x_wconf 79' lang='lat' dir='ltr'>phocarum</span> <span class='ocrx_word' id='word_1_361' title='bbox 764 3299 931 3374; x_wconf 70' lang='lat' dir='ltr'>cymbalum?</span> <span class='ocrx_word' id='word_1_362' title='bbox 948 3296 999 3350; x_wconf 85' lang='lat' dir='ltr'>Sed</span> <span class='ocrx_word' id='word_1_363' title='bbox 1018 3298 1104 3348; x_wconf 86' lang='lat' dir='ltr'>serio:</span> <span class='ocrx_word' id='word_1_364' title='bbox 1125 3299 1229 3368; x_wconf 84' lang='lat' dir='ltr'>scripsit</span> 
     </span>
     <span class='ocr_line' id='line_1_37' title="bbox 184 3375 1228 3454; baseline -0.007 -22"><span class='ocrx_word' id='word_1_365' title='bbox 184 3383 324 3454; x_wconf 71' lang='lat' dir='ltr'>Virgilius,</span> <span class='ocrx_word' id='word_1_366' title='bbox 345 3385 503 3451; x_wconf 74' lang='lat' dir='ltr'>nQuarum,</span> <span class='ocrx_word' id='word_1_367' title='bbox 522 3401 578 3453; x_wconf 80' lang='lat' dir='ltr'>qute</span> <span class='ocrx_word' id='word_1_368' title='bbox 595 3381 678 3434; x_wconf 77' lang='lat' dir='ltr'>ndndi</span> <span class='ocrx_word' id='word_1_369' title='bbox 691 3381 843 3434; x_wconf 79' lang='lat' dir='ltr'>doctissima</span> <span class='ocrx_word' id='word_1_370' title='bbox 862 3378 1060 3452; x_wconf 72' lang='lat' dir='ltr'>Cymodocea.n</span> <span class='ocrx_word' id='word_1_371' title='bbox 1080 3379 1138 3428; x_wconf 81' lang='lat' dir='ltr'>Jam</span> <span class='ocrx_word' id='word_1_372' title='bbox 1158 3375 1228 3427; x_wconf 80' lang='lat' dir='ltr'>rides</span> 
     </span>
     <span class='ocr_line' id='line_1_38' title="bbox 185 3455 1225 3538; baseline -0.007 -25"><span class='ocrx_word' id='word_1_373' title='bbox 185 3481 265 3532; x_wconf 79' lang='lat' dir='ltr'>quare</span> <span class='ocrx_word' id='word_1_374' title='bbox 277 3487 288 3509; x_wconf 82' lang='grc' dir='ltr'>ι</span> <span class='ocrx_word' id='word_1_375' title='bbox 296 3463 388 3516; x_wconf 80' lang='lat' dir='ltr'>dextro</span> <span class='ocrx_word' id='word_1_376' title='bbox 398 3465 510 3538; x_wconf 88' lang='lat' dir='ltr'>puppim</span> <span class='ocrx_word' id='word_1_377' title='bbox 522 3475 592 3514; x_wconf 82' lang='lat' dir='ltr'>tonet</span> <span class='ocrx_word' id='word_1_378' title='bbox 600 3476 626 3516; x_wconf 92' lang='lat' dir='ltr'>et</span> <span class='ocrx_word' id='word_1_379' title='bbox 635 3460 714 3514; x_wconf 87' lang='lat' dir='ltr'>dorso</span> <span class='ocrx_word' id='word_1_380' title='bbox 723 3462 831 3528; x_wconf 84' lang='lat' dir='ltr'>eminet,</span> <span class='ocrx_word' id='word_1_381' title='bbox 843 3475 868 3514; x_wconf 93' lang='lat' dir='ltr'>et</span> <span class='ocrx_word' id='word_1_382' title='bbox 874 3459 936 3514; x_wconf 81' lang='lat' dir='ltr'>laevo</span> <span class='ocrx_word' id='word_1_383' title='bbox 947 3458 1024 3510; x_wconf 86' lang='lat' dir='ltr'>undis</span> <span class='ocrx_word' id='word_1_384' title='bbox 1034 3455 1205 3526; x_wconf 68' lang='lat' dir='ltr'>stibrcmigat;</span> <span class='ocrx_word' id='word_1_385' title='bbox 1216 3479 1225 3500; x_wconf 73' lang='lat' dir='ltr'>n</span> 
     </span>
     <span class='ocr_line' id='line_1_39' title="bbox 185 3535 1227 3616; baseline -0.008 -24"><span class='ocrx_word' id='word_1_386' title='bbox 185 3541 263 3595; x_wconf 84' lang='lat' dir='ltr'>scilic.</span> <span class='ocrx_word' id='word_1_387' title='bbox 285 3545 400 3616; x_wconf 74' lang='lat' dir='ltr'>aperitin</span> <span class='ocrx_word' id='word_1_388' title='bbox 414 3543 529 3596; x_wconf 82' lang='lat' dir='ltr'>natantis</span> <span class='ocrx_word' id='word_1_389' title='bbox 547 3535 723 3607; x_wconf 57' lang='lat' dir='ltr'>ostendimur</span> <span class='ocrx_word' id='word_1_390' title='bbox 744 3554 773 3592; x_wconf 91' lang='lat' dir='ltr'>ut</span> <span class='ocrx_word' id='word_1_391' title='bbox 785 3543 821 3594; x_wconf 85' lang='lat' dir='ltr'>uit</span> <span class='ocrx_word' id='word_1_392' title='bbox 837 3540 954 3599; x_wconf 63' lang='lat' dir='ltr'>Servium</span> <span class='ocrx_word' id='word_1_393' title='bbox 973 3537 1041 3590; x_wconf 86' lang='lat' dir='ltr'>unde</span> <span class='ocrx_word' id='word_1_394' title='bbox 1055 3550 1141 3608; x_wconf 77' lang='lat' dir='ltr'>patet,</span> <span class='ocrx_word' id='word_1_395' title='bbox 1155 3536 1227 3592; x_wconf 82' lang='lat' dir='ltr'>illurn</span> 
     </span>
     <span class='ocr_line' id='line_1_40' title="bbox 186 3620 1062 3696; baseline -0.008 -22"><span class='ocrx_word' id='word_1_396' title='bbox 186 3641 289 3696; x_wconf 80' lang='lat' dir='ltr'>quoque</span> <span class='ocrx_word' id='word_1_397' title='bbox 302 3626 338 3676; x_wconf 88' lang='lat' dir='ltr'>ita</span> <span class='ocrx_word' id='word_1_398' title='bbox 351 3623 455 3696; x_wconf 67' lang='lat' dir='ltr'>legisse.</span> <span class='ocrx_word' id='word_1_399' title='bbox 469 3624 586 3676; x_wconf 73' lang='lat' dir='ltr'>Suaviter</span> <span class='ocrx_word' id='word_1_400' title='bbox 596 3625 623 3674; x_wconf 89' lang='lat' dir='ltr'>in</span> <span class='ocrx_word' id='word_1_401' title='bbox 635 3621 704 3676; x_wconf 83' lang='lat' dir='ltr'>hanc</span> <span class='ocrx_word' id='word_1_402' title='bbox 717 3641 772 3674; x_wconf 88' lang='lat' dir='ltr'>rem</span> <span class='ocrx_word' id='word_1_403' title='bbox 784 3620 828 3674; x_wconf 88' lang='lat' dir='ltr'>Sil.</span> <span class='ocrx_word' id='word_1_404' title='bbox 841 3621 922 3674; x_wconf 78' lang='lat' dir='ltr'>ltalic.</span> <span class='ocrx_word' id='word_1_405' title='bbox 937 3621 984 3684; x_wconf 91' lang='grc' dir='ltr'>ΙΙΙ,</span> <span class='ocrx_word' id='word_1_406' title='bbox 997 3620 1062 3684; x_wconf 66' lang='lat' dir='ltr'>iro:</span> 
     </span>
    </p>

    <p class='ocr_par' dir='ltr' id='par_1_9' title="bbox 372 3721 934 3790">
     <span class='ocr_line' id='line_1_41' title="bbox 372 3721 934 3790; baseline -0.004 -24"><span class='ocrx_word' id='word_1_407' title='bbox 372 3723 424 3768; x_wconf 86' lang='lat' dir='ltr'>Non</span> <span class='ocrx_word' id='word_1_408' title='bbox 433 3721 512 3777; x_wconf 84' lang='lat' dir='ltr'>aliter,</span> <span class='ocrx_word' id='word_1_409' title='bbox 522 3721 614 3790; x_wconf 77' lang='lat' dir='ltr'>quoties</span> <span class='ocrx_word' id='word_1_410' title='bbox 623 3721 752 3784; x_wconf 82' lang='lat' dir='ltr'>porhhitur</span> <span class='ocrx_word' id='word_1_411' title='bbox 761 3735 854 3782; x_wconf 79' lang='lat' dir='ltr'>ueqrroru</span> <span class='ocrx_word' id='word_1_412' title='bbox 862 3735 934 3766; x_wconf 89' lang='lat' dir='ltr'>curru</span> 
     </span>
    </p>

    <p class='ocr_par' dir='ltr' id='par_1_10' title="bbox 370 3789 942 3856">
     <span class='ocr_line' id='line_1_42' title="bbox 370 3789 942 3856; baseline -0.005 -18"><span class='ocrx_word' id='word_1_413' title='bbox 370 3795 548 3856; x_wconf 71' lang='lat' dir='ltr'>Extremumque</span> <span class='ocrx_word' id='word_1_414' title='bbox 558 3794 628 3854; x_wconf 83' lang='lat' dir='ltr'>petit,</span> <span class='ocrx_word' id='word_1_415' title='bbox 638 3792 739 3840; x_wconf 76' lang='lat' dir='ltr'>l‘boebcu</span> <span class='ocrx_word' id='word_1_416' title='bbox 748 3790 844 3846; x_wconf 81' lang='lat' dir='ltr'>cubilia,</span> <span class='ocrx_word' id='word_1_417' title='bbox 853 3789 942 3854; x_wconf 77' lang='lat' dir='ltr'>Tethyn</span> 
     </span>
    </p>

    <p class='ocr_par' dir='ltr' id='par_1_11' title="bbox 371 3861 955 3926">
     <span class='ocr_line' id='line_1_43' title="bbox 371 3861 955 3926; baseline -0.007 -16"><span class='ocrx_word' id='word_1_418' title='bbox 371 3865 389 3910; x_wconf 76' lang='lat' dir='ltr'><strong>F</strong></span> <span class='ocrx_word' id='word_1_419' title='bbox 390 3865 476 3910; x_wconf 77' lang='lat' dir='ltr'>renatis</span> <span class='ocrx_word' id='word_1_420' title='bbox 485 3867 607 3926; x_wconf 78' lang='lat' dir='ltr'>Neptunus</span> <span class='ocrx_word' id='word_1_421' title='bbox 617 3863 694 3926; x_wconf 85' lang='lat' dir='ltr'>equis,</span> <span class='ocrx_word' id='word_1_422' title='bbox 705 3861 755 3908; x_wconf 87' lang='lat' dir='ltr'>lluit</span> <span class='ocrx_word' id='word_1_423' title='bbox 762 3862 837 3908; x_wconf 84' lang='lat' dir='ltr'>omnis</span> <span class='ocrx_word' id='word_1_424' title='bbox 846 3861 876 3906; x_wconf 83' lang='lat' dir='ltr'>nb</span> <span class='ocrx_word' id='word_1_425' title='bbox 886 3861 955 3906; x_wconf 79' lang='lat' dir='ltr'>nutrit</span> 
     </span>
    </p>
   </div>
   <div class='ocr_carea' id='block_1_7' title="bbox 289 3927 967 4068">
    <p class='ocr_par' dir='ltr' id='par_1_12' title="bbox 289 3927 967 4068">
     <span class='ocr_line' id='line_1_44' title="bbox 289 3927 967 3996; baseline -0.01 -16"><span class='ocrx_word' id='word_1_426' title='bbox 289 3975 292 3980; x_wconf 95' lang='lat'>.</span> <span class='ocrx_word' id='word_1_427' title='bbox 370 3933 496 3980; x_wconf 85' lang='lat' dir='ltr'>Nereidum</span> <span class='ocrx_word' id='word_1_428' title='bbox 506 3932 602 3990; x_wconf 71' lang='lat' dir='ltr'>chorus,</span> <span class='ocrx_word' id='word_1_429' title='bbox 614 3943 649 3989; x_wconf 86' lang='lat' dir='ltr'>ct,</span> <span class='ocrx_word' id='word_1_430' title='bbox 661 3944 740 3996; x_wconf 84' lang='lat' dir='ltr'>spreto</span> <span class='ocrx_word' id='word_1_431' title='bbox 749 3927 873 3978; x_wconf 75' lang='lat' dir='ltr'>certamine</span> <span class='ocrx_word' id='word_1_432' title='bbox 882 3929 967 3986; x_wconf 80' lang='lat' dir='ltr'>nandi,</span> 
     </span>
     <span class='ocr_line' id='line_1_45' title="bbox 369 4000 949 4068; baseline -0.005 -21"><span class='ocrx_word' id='word_1_433' title='bbox 369 4003 473 4050; x_wconf 73' lang='lat' dir='ltr'>Candida</span> <span class='ocrx_word' id='word_1_434' title='bbox 484 4005 608 4068; x_wconf 81' lang='lat' dir='ltr'>prrspicuo</span> <span class='ocrx_word' id='word_1_435' title='bbox 617 4015 756 4050; x_wconf 79' lang='lat' dir='ltr'>connectunt</span> <span class='ocrx_word' id='word_1_436' title='bbox 765 4000 857 4047; x_wconf 75' lang='lat' dir='ltr'>brachia</span> <span class='ocrx_word' id='word_1_437' title='bbox 868 4011 949 4060; x_wconf 87' lang='lat' dir='ltr'>ponto.</span> 
     </span>
    </p>
   </div>
   <div class='ocr_carea' id='block_1_8' title="bbox 0 0 1413 4490">
    <p class='ocr_par' dir='ltr' id='par_1_13' title="bbox 0 0 1413 4490">
     <span class='ocr_line' id='line_1_46' title="bbox 0 0 1413 4490; baseline 0 0"><span class='ocrx_word' id='word_1_438' title='bbox 0 0 1413 4490; x_wconf 95' lang='lat' dir='ltr'> </span> 
     </span>
    </p>
   </div>
  </div>
 </body>
</html>
