2782 4486
373 311 502 376 meru
527 309 700 393 Quium
725 289 976 376 stetinum.
1128 308 1193 396 ⁶⁵7

159 440 193 490 ita
207 435 362 508 legendum,
374 452 430 498 non
440 433 562 504 perferre.
575 433 644 484 Dicit
656 433 734 503 igitur
745 429 857 494 Statius,
870 432 938 481 Dum
951 433 1083 502 specimen
1096 447 1198 486 tantum

159 535 289 569 annorum
302 527 409 566 tuorum
421 512 483 578 dus,
497 525 559 564 ante
573 529 643 564 verus
655 530 750 574 unitos,
768 513 833 560 etin
846 511 904 580 ipso
916 509 1006 562 limine
1017 513 1074 562 vitm
1086 525 1112 564 et
1125 533 1199 584 pane

159 616 236 670 puer,
250 609 378 669 protenus
395 595 495 666 raperis
509 591 544 644 ed
560 593 703 644 certamina
722 607 778 661 quae
792 592 839 642 viri
851 593 892 642 rix
906 590 1014 662 implere
1027 591 1123 644 velent.
1139 598 1200 645 Hrrc

161 674 276 728 notanda
290 674 369 738 duxi,
381 675 444 746 quie
455 671 577 722 Heinsius
592 669 626 721 ad
638 671 715 721 istum
728 667 816 720 Ovidii
826 667 914 720 locum
926 665 952 719 ri
963 668 1063 739 profers
1074 671 1202 742 interpre-

162 767 234 807 tatur
245 752 354 825 differs:
370 770 424 806 uon
435 751 511 804 bene.

202 906 259 958 138.
275 905 342 957 Inde
349 903 477 976 frequens
488 921 599 976 pupae,
612 900 754 973 nulloque,
767 914 817 952 etc.
833 901 916 951 Nimis
928 898 1061 973 plebeium
1077 905 1145 973 sepit
1156 923 1205 955 vox

160 1005 256 1061 puquoe
270 1005 320 1058 pro
335 983 446 1038 honesta
461 983 506 1034 illa
521 983 692 1034 contentione
708 1000 739 1033 ex
756 999 808 1053 qun
822 994 894 1032 tanta
908 980 966 1032 laus
983 993 1009 1032 et
1020 982 1103 1051 glorie
1113 985 1205 1036 victori

164 1066 343 1136 contingebat.
358 1065 443 1136 Lege,
458 1087 470 1111 ι
481 1062 545 1116 inde
561 1063 686 1133 frequens
696 1061 807 1134 palmoe,·
820 1059 962 1131 nulloque,
976 1074 1048 1113 etos
1064 1062 1137 1134 Saepe
1151 1085 1208 1118 mo-

165 1147 210 1196 nui
222 1161 301 1197 voces
315 1141 499 1196 dissimillimas
515 1142 652 1213 genuinis,
667 1142 725 1211 pari
741 1158 852 1191 numero
869 1137 1045 1210 syllabarum,
1062 1155 1088 1192 et
1105 1161 1162 1214 quse
1175 1143 1208 1194 ab

165 1223 258 1276 eadem
267 1222 343 1274 litera
351 1222 511 1292 inciperent,
522 1221 564 1272 his
575 1219 650 1272 Silvis
661 1221 804 1290 irrepsisse.
818 1221 857 1270 lta
869 1219 952 1272 turbes
961 1238 1011 1290 pro
1021 1221 1119 1295 tinqas,
1130 1233 1209 1274 cantu

165 1322 215 1374 pro
229 1313 312 1369 creta,
326 1301 405 1353 crudo
420 1318 471 1371 pro
483 1301 583 1363 crebro,
601 1299 674 1351 docto
685 1316 737 1369 pro
750 1299 852 1364 dextro,
864 1312 891 1350 et
903 1299 1014 1350 similis:
1030 1301 1065 1351 ita
1079 1301 1209 1354 Thebaid.

166 1385 199 1449 V,
214 1381 280 1448 346,
298 1405 310 1428 ι
320 1381 373 1434 Illis
389 1383 416 1431 in
432 1377 582 1452 Scytbicum
595 1381 698 1429 Borean
711 1379 769 1445 iter,
783 1396 884 1449 oraque
899 1379 975 1448 ponti
988 1378 1099 1451 Cyaneis
1112 1395 1210 1442 arctata

166 1460 255 1524 radis;
266 1485 277 1507 ι
294 1460 340 1513 ubi
354 1459 433 1530 vulgo
448 1460 503 1510 sine
518 1475 596 1510 sensu
611 1456 707 1527 legitur
721 1476 816 1529 oraque
826 1459 942 1531 primum
953 1481 961 1510 .·
974 1460 1037 1510 ostia
1047 1462 1124 1533 ponti
1134 1477 1213 1514 vocat

167 1538 355 1604 Thebaidvt,
371 1538 431 1590 328.
449 1537 546 1589 Eadem
562 1538 733 1588 commutatio
751 1536 846 1587 barum
865 1554 959 1587 vocum
974 1537 1065 1608 palma
1081 1553 1105 1590 et
1122 1559 1213 1616 puprm

168 1622 239 1690 Virg.
251 1623 308 1671 AEn.
318 1621 350 1684 V,
363 1619 429 1684 380,
444 1641 456 1663 ι
466 1620 535 1687 Ergo
546 1617 654 1679 alacris,
667 1625 831 1687 cunctosque
845 1631 941 1688 putans
952 1616 1077 1670 excedere
1084 1639 1176 1692 pupuo
1182 1644 1211 1682 μ

169 1701 216 1753 ubi
228 1718 276 1770 pro
285 1715 391 1772 piaque,
405 1699 504 1749 Pierius
517 1699 544 1748 in
556 1699 631 1749 liorn.
646 1707 671 1748 ct
682 1695 850 1766 Longobard.
863 1695 948 1749 codd.
962 1699 1060 1748 invenit
1069 1700 1175 1771 pulsnm·
1189 1717 1215 1752 et

170 1779 205 1831 ite
216 1779 297 1830 edidit
307 1779 439 1830 Heinsius.
451 1776 551 1829 Palmoe
561 1793 621 1828 vero
632 1791 671 1828 est
682 1776 809 1836 victorie·
821 1775 894 1848 quod
905 1796 959 1828 uon
969 1777 1117 1830 monendus
1130 1799 1216 1844 esses,

171 1851 263 1924 lector,
276 1861 325 1910 nisi
337 1875 417 1910 causa
429 1856 482 1909 loci
490 1857 607 1927 Virgilii,
617 1857 713 1926 Georg.
727 1858 777 1919 ΙΙΙ,
792 1873 840 1907 roo
852 1869 878 1906 ct
891 1874 978 1927 seqq.,
990 1857 1024 1908 do
1036 1855 1125 1928 equis:

450 1999 456 2009 .
467 1999 472 2011 .
484 1999 488 2009 .
501 1964 574 2025 ,Ειῆο
583 1965 673 2010 animos
682 1977 804 2026 eramque
814 1963 905 2009 notabis

358 2037 491 2098 Praecipue;
503 2033 557 2082 binc
567 2035 705 2094 eburumes,
715 2033 852 2096 prolemque
861 2045 983 2098 parentum
992 2069 998 2091 ‚

357 2108 384 2151 Et
394 2108 446 2168 quis
455 2109 539 2170 cuique
549 2106 617 2153 dolor
626 2107 700 2160 ricto,
711 2121 762 2168 que
772 2103 841 2168 gioria
852 2105 946 2168 palmae;

173 2203 266 2272 idest,
281 2201 402 2256 victorie.
415 2202 467 2255 Sed
480 2203 525 2254 din
540 2206 646 2275 quesivi
661 2201 726 2275 quid
740 2204 773 2256 sit
785 2203 871 2270 istud,
885 2215 950 2258 artes
961 2205 1114 2280 prolemque
1123 2225 1219 2278 paren-

174 2296 246 2335 tum:
263 2285 348 2355 primo
361 2283 446 2348 enim,
463 2285 625 2354 ineptissime
641 2287 842 2354 conjunguntur¹
853 2295 919 2338 artes
936 2297 961 2336 et
975 2285 1092 2358 prolem
1108 2286 1219 2352 deinde,
1253 2281 1258 2292 '

175 2364 275 2416 nonde
290 2363 364 2438 prole
382 2364 418 2415 ibi
433 2366 485 2434 agit
496 2363 634 2433 Virgilius,
650 2364 696 2416 sed
710 2364 743 2415 de
759 2365 830 2437 equis
842 2364 1008 2432 admissariis,
1025 2385 1070 2417 seu
1086 2368 1116 2417 iis
1131 2369 1177 2437 qui
1193 2368 1219 2417 in

176 2465 247 2516 spem
260 2446 344 2516 gentis
357 2441 529 2496 submittendi
546 2457 622 2510 sunt,
638 2463 652 2496 u
668 2463 705 2496 vs.
720 2445 754 2512 73
769 2443 803 2495 ed
816 2463 851 2496 rs.
866 2445 929 2506 138;
945 2442 1040 2496 deinde
1053 2445 1086 2496 de
1098 2447 1222 2497 matribus

176 2525 208 2576 ad
220 2545 258 2576 rs.
272 2525 329 2591 146.
344 2523 416 2576 Nibil
430 2525 509 2594 igitur
526 2520 628 2575 adrem
645 2522 716 2574 istud
731 2522 847 2592 prolem,
865 2542 945 2593 quum
962 2542 1054 2577 sensus
1068 2521 1222 2593 hujusmodi

176 2623 232 2656 esse
250 2603 389 2656 debuerit:
404 2601 474 2672 Ergo
491 2603 623 2673 precipuo
644 2601 748 2656 notabis
767 2605 868 2655 animos
882 2618 909 2654 et
922 2622 1004 2659 rerum
1018 2615 1155 2674 parentum
1173 2623 1221 2658 seu

175 2701 263 2734 eorum
273 2684 320 2755 qui
326 2683 474 2754 qenemtwi
482 2692 557 2743 ιιιιιι,Ι
567 2681 662 2733 deinde
673 2683 736 2734 alias
747 2683 853 2734 virtutes
864 2683 1029 2755 habitusque,
1039 2695 1066 2734 et
1076 2685 1134 2752 quis
1144 2683 1221 2735 dolor

177 2768 272 2836 cuique
282 2767 364 2828 victo,
374 2775 424 2814 etc.
435 2766 474 2815 Nc
487 2762 591 2815 dubites
604 2765 668 2833 quin
676 2763 749 2832 Virg.
760 2765 908 2835 scripserit,
921 2763 1003 2816 «binc
1014 2764 1078 2816 alias
1089 2779 1157 2817 artes
1166 2784 1220 2818 mo·

177 2863 281 2917 remque
290 2857 462 2918 parentumzn
476 2842 555 2894 itudo
566 2842 660 2914 apibus
671 2844 746 2894 initio
756 2842 853 2913 Georg.
865 2845 909 2908 W,
919 2843 947 2910 4:
963 2845 1116 2915 utotiusque
1128 2845 1220 2899 ordine

177 2937 262 2996 gentis
274 2928 374 2990 Mores,
387 2937 413 2977 et
425 2923 527 2990 studio,
540 2937 566 2975 et
576 2921 709 2995 populos,
720 2937 746 2976 et
757 2923 846 2995 praelia
858 2921 980 2986 dicam»
994 2923 1098 2977 Lucret.
1114 2929 1140 2992 l,
1152 2928 1198 2998 591
1212 2951 1217 2977 ι

365 3033 413 3076 Nec
423 3031 491 3076 toties
500 3041 594 3093 possent
604 3030 729 3092 generatim
740 3029 800 3076 tecle
809 3029 896 3077 relerrc

364 3103 485 3156 Naturam,
497 3114 586 3156 motus,
596 3103 695 3158 rictum,
706 3117 828 3164 moresque
837 3113 971 3163 parentum

180 3215 205 3256 et
214 3204 250 3266 ΙΙ,
260 3201 324 3254 663:
339 3203 524 3274 aretinentque
533 3215 672 3274 parentum
682 3201 823 3267 Naturam,
834 3213 861 3252 et
869 3219 950 3254 mores
958 3203 1101 3273 generatim
1111 3218 1220 3274 quaque

181 3283 341 3336 imitantur„
356 3283 456 3336 Morem
471 3301 532 3334 vero
548 3301 603 3335 non
619 3301 713 3348 mores,
730 3295 840 3354 propter
856 3300 965 3344 sonum;
983 3295 1011 3332 nt
1026 3282 1199 3350 Georg.i,51
1214 3306 1219 3334 :

185 3369 300 3418 «Ventos
313 3373 339 3416 et
349 3366 448 3416 varium
462 3363 517 3415 cteli
531 3363 684 3434 praediscere
698 3381 827 3415 memma
845 3362 948 3414 Servius
960 3362 1066 3433 reliquit
1082 3361 1181 3432 aliquid
1193 3367 1222 3414 in

182 3442 252 3496 bunc
266 3445 368 3508 locum;
382 3444 427 3498 sed
441 3444 521 3495 verba
534 3445 590 3514 ejus
603 3444 670 3495 adeo
682 3455 807 3514 corrupta
820 3456 894 3503 sunt,
907 3454 937 3492 ut
947 3441 1012 3493 nibil
1024 3439 1085 3493 inde
1097 3442 1221 3512 colligere

181 3526 326 3595 possimus,
342 3526 393 3576 nisi
408 3512 480 3595 priris
493 3525 664 3595 corrigantur.
683 3522 724 3574 Sic
736 3524 815 3592 igitur
829 3521 934 3576 scribit:
955 3523 1076 3573 uenimus
1089 3539 1223 3595 eoumque

183 3607 280 3658 notabis
292 3606 431 3680 Praecipue.
443 3605 510 3657 Ante
523 3607 610 3657 omnia
622 3616 723 3656 aetatem
736 3617 761 3654 et
772 3603 1010 3676 magnanimitatem
1023 3604 1147 3674 requires.
1162 3604 1222 3656 Post

183 3695 287 3744 eoetera5
299 3685 316 3735 i.
327 3703 350 3735 e.
360 3696 484 3754 parentes
494 3699 520 3736 et
531 3684 654 3738 studium.
666 3707 676 3730 κ
690 3683 740 3736 Ubi
750 3685 835 3754 primo
844 3681 991 3754 culpandus
1001 3695 1040 3734 est
1049 3683 1165 3747 Servius,
1176 3679 1222 3753 qui

184 3769 369 3834 interpretatur
378 3762 404 3816 ri
415 3766 513 3820 notabis
522 3785 569 3836 per
578 3765 702 3838 requires,
715 3782 795 3836 quum
806 3784 895 3816 renim
906 3767 939 3818 sit
948 3763 1101 3816 observabis.-
1114 3762 1224 3828 deinde,

186 3845 266 3899 verba
278 3847 328 3896 ista
338 3857 396 3916 post
409 3859 498 3898 coetern
510 3865 564 3898 non
577 3857 731 3930 comparent
742 3848 768 3897 in
781 3857 905 3897 contextu
914 3845 1031 3916 Virgilii3
1044 3847 1101 3897 etsi
1115 3862 1223 3914 compa·

187 3937 285 3990 recent,
298 3943 351 3976 non
362 3939 448 3977 tamen
459 3927 581 3996 explicari
593 3939 700 3997 possent
712 3945 758 3996 per
769 3929 817 3978 ista
826 3939 944 3997 parentes
954 3937 980 3976 ct
987 3927 1108 3978 studium.
1121 3923 1171 3976 Sed
1181 3923 1226 3975 ltic

187 4004 353 4056 librariorum
369 4023 442 4055 error
457 4016 512 4069 est,
525 4024 579 4056 non
594 4005 689 4066 Seruii;
705 4004 748 4058 itte
763 4007 831 4056 enim
846 4007 882 4056 ita
897 4006 1016 4074 scripsit:
1034 4029 1044 4048 a
1054 4005 1122 4055 Ante
1137 4007 1225 4058 omnis

278 4096 306 4159 I.
1050 4099 1086 4175 ii
