2804 4490
201 298 261 365 ¹26
371 287 506 352 NOTAE
531 287 578 350 IN
602 284 799 350 GARMEN
824 285 1052 353 TERTIUM

377 408 936 464 saonensemusommvotmeum‚ec.

194 521 280 592 Vulgo
297 515 392 584 legitur
408 509 581 583 Paneqyricos
598 508 689 570 libros5
706 507 753 560 sed
770 522 841 560 recte
855 505 1002 563 emendavit
1015 511 1133 581 Tollius,
1152 533 1232 587 quum

194 599 331 656 manifesto
342 595 375 645 sit
386 589 465 659 hujus
475 589 528 640 loci
539 589 649 641 Statiani
660 589 780 641 imitatio.
790 619 826 630 -
837 589 932 643 Turbes
942 593 1061 662 positum
1073 607 1113 646 est
1123 609 1233 668 propter

194 701 252 736 voc.
265 677 352 750 cipro,
364 683 394 724 ut
405 673 451 735 sit,
463 670 540 722 fusco
551 668 640 720 colore
650 667 768 722 inducas.
781 669 822 722 Sic
830 669 1102 744 diciturcorrumpere.
1112 673 1188 728 liuns.
1198 705 1235 717 —

194 765 221 817 Si
237 775 290 832 quo
310 761 465 822 argumento
486 749 595 820 antiqua
615 750 746 820 scriptura
764 747 932 816 defendatur,
952 750 1127 806 demonstrari
1142 753 1235 820 debet,

195 835 318 916 quodvis
329 831 441 904 poterit,
455 829 565 881 Statium
577 829 697 900 posuisse
709 829 809 880 turbore
820 848 870 900 pro
880 831 1009 884 turbidam
1019 833 1136 900 reddere,
1147 849 1177 887 ut
1187 837 1235 886 im-

195 934 287 994 petum
301 928 328 967 et
340 909 471 964 turbidam
486 911 632 962 orationem
646 911 730 975 satirae
744 907 901 979 designaret.
915 912 966 966 Sed
980 913 1088 968 obstant
1099 913 1154 966 alise
1168 933 1236 986 quo-

196 1019 247 1076 que
261 992 445 1057 difficultates,
464 1003 490 1042 et
506 991 535 1040 in
548 987 634 1042 verbis
652 989 860 1061 conjungendis,
876 995 1004 1044 «satiram
1020 994 1143 1048 liventem
1161 999 1236 1069 nigra

196 1079 329 1149 rubigine,
340 1096 351 1119 ι
366 1086 392 1123 et
405 1073 432 1122 in
445 1071 526 1122 totius
538 1069 671 1121 sententie
684 1071 799 1134 ratione,
814 1089 871 1142 qne
884 1069 918 1123 sd
929 1073 996 1126 lusci
1008 1075 1105 1129 coloris
1116 1079 1236 1148 proprie.

196 1175 277 1213 tstem
290 1163 406 1225 spectat,
421 1168 482 1201 nom
498 1149 607 1201 verbum
620 1146 778 1220 splendescat
790 1150 877 1204 verbis
891 1153 1108 1210 antecedentibus
1121 1158 1237 1228 opponi,

197 1256 275 1292 nemo
288 1252 344 1288 non
358 1229 437 1283 videt.
453 1227 627 1282 Scribendnm
641 1247 703 1301 ergo
717 1243 771 1282 est:

380 1337 500 1382 liventem
509 1335 600 1382 satiram
610 1335 674 1398 nigro
683 1335 790 1398 robigine
799 1347 891 1398 tur-pest

198 1457 252 1514 quo
265 1440 337 1490 iacto
352 1451 443 1486 sensus
458 1433 543 1485 existit
554 1430 613 1484 hic:
627 1432 679 1484 sire
694 1444 724 1483 tu
737 1430 845 1483 lividum
858 1431 976 1485 colorem
990 1435 1073 1485 satirae
1087 1451 1182 1504 eugeus
1197 1436 1236 1486 in·

198 1522 277 1574 dueta
292 1519 366 1586 nigra
381 1513 515 1584 rubigine,
530 1510 708 1586 ecquomodo
723 1513 806 1584 ipsam
823 1512 1046 1566 mordacissimam
1059 1513 1167 1581 reddas,
1180 1515 1236 1567 sire

197 1598 282 1653 nitido
299 1593 438 1668 splendore
457 1591 595 1664 epistolem
614 1589 747 1643 exhibeas.
767 1591 881 1665 Turpare
894 1611 962 1659 non,
976 1606 1005 1645 ut
1018 1593 1075 1646 aliis
1087 1592 1235 1660 videbatur,

198 1681 269 1732 idem
281 1690 320 1730 est
331 1694 362 1728 oc
375 1675 503 1747 tinpuere,
516 1671 561 1724 sed
572 1674 646 1747 cipro
658 1669 742 1723 colore
753 1682 858 1744 turpare
867 1671 1008 1743 significat,
1019 1674 1057 1725 rei
1069 1672 1183 1726 maculas
1194 1675 1237 1725 ni-

197 1777 257 1829 gras
268 1755 407 1818 inducere,
421 1763 466 1803 sut
475 1769 533 1802 eum
543 1750 687 1812 maculare3
700 1769 761 1803 nam
770 1749 851 1802 verbe
862 1760 980 1822 turpare,
992 1752 1125 1805 maculare
1136 1766 1160 1805 et
1169 1752 1236 1804 Gre-

198 1855 259 1890 eum
268 1835 364 1901 melreo
371 1832 399 1884 id
405 1830 504 1883 hebent
511 1847 664 1897 commune,
673 1843 715 1897 ut,
726 1830 826 1902 absque
835 1829 912 1882 frede
922 1835 1149 1886 contaminationis
1160 1834 1238 1903 signi-

198 1916 337 1978 ficatione,
348 1911 381 1964 de
392 1911 481 1962 colore
491 1910 566 1961 fusco
576 1908 654 1962 rebus
665 1912 740 1981 puris
749 1909 791 1963 vel
801 1909 932 1977 candidis,
944 1913 986 1964 rel
995 1909 1136 1965 liventibus
1148 1911 1237 1965 addito

198 2006 367 2065 usurpentur.

238 2135 295 2201 toi.
314 2133 365 2186 Seu
377 2142 423 2182 tue
435 2149 489 2183 oon
502 2127 555 2183 alia
566 2127 725 2201 splendescat
737 2131 845 2206 epistola
856 2149 927 2184 curo.
939 2134 1022 2185 Recte
1034 2135 1171 2186 Gernrtins
1186 2150 1238 2184 oon

199 2216 255 2268 olto
268 2231 337 2266 cura.
354 2209 477 2280 intelligit
490 2209 682 2282 simplicitatem
697 2211 749 2264 stili
764 2211 920 2284 epistolaris.
934 2213 964 2263 ln
979 2211 1050 2264 hanc
1063 2231 1117 2264 rem
1136 2211 1240 2283 egregie

199 2299 310 2359 Seneca,
318 2295 400 2364 Epist.
412 2288 460 2359 75:
474 2289 586 2358 «Qualis
597 2309 682 2342 sermo
691 2310 765 2344 meus
775 2304 857 2358 esset,
869 2294 890 2344 si
901 2309 952 2344 nne
965 2291 1114 2345 sederemus
1127 2303 1172 2344 aut
1184 2309 1241 2342 em-

199 2373 365 2438 bulcremus,
382 2369 535 2422 illaboratus
554 2383 579 2422 et
593 2371 693 2433 facilis;
709 2371 774 2424 tales
791 2389 848 2424 esee
866 2369 991 2444 epistolas
1007 2391 1078 2424 ruens
1093 2369 1167 2437 volo,
1181 2389 1240 2443 que

199 2455 264 2508 nihil
283 2454 397 2506 babeant
415 2452 570 2503 accersitum
589 2464 634 2503 aut
651 2450 775 2504 fictum.»
796 2454 848 2504 Pro
865 2462 910 2505 tua
927 2449 1067 2522 legendnm
1085 2453 1144 2516 tibi,
1163 2465 1193 2502 ut
1211 2453 1240 2504 iu

200 2537 284 2588 Soter.
296 2553 345 2605 pro
357 2529 450 2585 Gallie.
464 2549 486 2580 r.
504 2547 552 2598 29:

584 2619 630 2664 Seu
638 2633 711 2681 qnnrn
719 2617 761 2664 tibi
770 2617 845 2666 dulcis
854 2621 877 2665 in
887 2633 960 2666 ortem

384 2691 507 2751 Frangitur
516 2701 539 2734 et
548 2701 638 2738 nostras
646 2699 712 2738 curet
720 2689 830 2737 facundis
839 2689 911 2752 leges.

200 2790 323 2856 Ovidius,
335 2786 441 2841 Remed.
453 2789 542 2838 Amor.
554 2804 624 2839 vers.
637 2787 704 2855 403:

383 2893 515 2954 Quamlibet
524 2893 639 2951 invenies,
649 2895 674 2940 in
683 2909 729 2958 qna
739 2895 781 2941 tibi
791 2897 867 2958 prims
875 2897 981 2960 voluptas

413 2964 517 3010 Desinat.

200 3071 239 3120 lte
250 3077 320 3118 reete
334 3061 408 3114 dedit
419 3062 542 3114 lleinsins
556 3081 606 3134 pro
621 3075 674 3114 oso.
689 3091 724 3103 «-
741 3063 866 3118 (terente
879 3066 999 3115 essentiti
1013 3076 1073 3117 sunt
1086 3063 1242 3128 Scriverius,

200 3144 330 3198 Christius
345 3154 372 3193 et
387 3144 427 3192 sir
439 3139 534 3196 doctus
550 3142 578 3193 in
594 3142 705 3213 exempl.
718 3143 834 3212 Gotting.
854 3157 905 3193 uec
916 3143 1065 3194 Gronovius
1079 3140 1242 3193 emendatio·

200 3241 276 3286 nent,
289 3220 345 3274 aito
356 3235 431 3287 curo,
445 3225 521 3292 cujus
531 3225 631 3294 primus
643 3235 737 3276 suotor
749 3235 789 3275 est
802 3220 1025 3290 lindenbrogius,
1039 3221 1067 3272 in
1077 3220 1192 3274 editione
1201 3241 1243 3274 re-

196 3305 269 3374 jecit.
279 3299 457 3353 retinebis
466 3319 522 3354 non
532 3302 685 3374 simplicitas
695 3301 866 3374 epistolarum
875 3300 1041 3364 describitur,
1052 3298 1099 3352 sed
1109 3299 1243 3370 negligen-

200 3386 236 3436 tia
245 3394 344 3454 poete,
356 3383 402 3450 qui
413 3381 571 3434 mediocrem
583 3399 674 3435 curam
685 3381 817 3436 adhibent.
829 3382 927 3434 Omnes
936 3378 995 3430 libri
1006 3379 1107 3450 sntiqni
1118 3377 1242 3434 exhibent

201 3481 254 3516 sest
272 3461 344 3526 olio,
363 3461 436 3532 quod
453 3480 508 3514 non
522 3481 583 3514 enm
596 3463 702 3516 Barthio
722 3463 903 3538 explicuerim,
919 3477 994 3512 enon
1008 3461 1058 3512 alia
1072 3477 1148 3528 curs,
1161 3479 1241 3534 quam

202 3561 259 3615 qna
271 3539 443 3614 epistolarum
456 3542 544 3593 stilum
557 3541 667 3611 decet„
682 3542 729 3597 sed
739 3546 776 3596 ite
789 3555 820 3595 ut
833 3543 961 3594 sententia
974 3541 1000 3592 in
1014 3537 1120 3593 laudens
1134 3542 1242 3612 Vopisci

201 3621 272 3676 dicta
285 3623 334 3674 sit:
349 3623 370 3672 si
382 3634 429 3674 tus
442 3623 567 3692 epistole,
581 3626 700 3694 quamvis
711 3624 795 3676 letius
806 3625 952 3676 csrminnrn
963 3639 1060 3694 genus,
1077 3621 1169 3675 eadem
1184 3619 1242 3673 dili-

200 3705 289 3775 gentis
303 3718 383 3772 φιιιι
399 3701 426 3753 in
441 3701 529 3754 altiori
541 3719 637 3774 genere
651 3708 789 3772 miremur,
806 3703 925 3758 adbibita
938 3701 1113 3774 splendescat.
1128 3704 1169 3756 Sic
1183 3719 1240 3754 roe.

200 3782 268 3838 alius
279 3782 330 3834 hoc
344 3799 421 3834 sensu
433 3783 541 3853 ponitur
551 3783 680 3836 Thebaid.
692 3785 737 3838 lib.
751 3787 775 3851 1,
786 3801 853 3837 rsrs.
867 3783 919 3848 45:
935 3783 1008 3835 «slis
1024 3783 1164 3855 Capaneus
1178 3781 1242 3833 bor-

200 3882 261 3916 rore
278 3859 419 3916 canendus.
431 3887 442 3909 ι
461 3860 600 3914 Vocabulo
615 3875 675 3932 trec,
692 3879 723 3920 ut
738 3863 856 3930 ridetur,
873 3865 1025 3937 proprietas
1039 3863 1154 3936 quedam
1172 3858 1242 3912 indi-

202 3957 283 4004 catttr·
303 3945 384 3996 lisso.
