<?xml version="1.0" encoding="UTF-8"?>
<!DOCTYPE html PUBLIC "-//W3C//DTD XHTML 1.0 Transitional//EN"
    "http://www.w3.org/TR/xhtml1/DTD/xhtml1-transitional.dtd">
<html xmlns="http://www.w3.org/1999/xhtml" xml:lang="en" lang="en">
 <head>
  <title>
</title>
<meta http-equiv="Content-Type" content="text/html;charset=utf-8" />
  <meta name='ocr-system' content='tesseract 3.04.00' />
  <meta name='ocr-capabilities' content='ocr_page ocr_carea ocr_par ocr_line ocrx_word'/>
</head>
<body>
  <div class='ocr_page' id='page_1' title='image "./quexstantomniao03lemagoog_0168.png"; bbox 0 0 2804 4490; ppageno 0'>
   <div class='ocr_carea' id='block_1_1' title="bbox 214 251 999 320">
    <p class='ocr_par' dir='ltr' id='par_1_1' title="bbox 214 251 999 320">
     <span class='ocr_line' id='line_1_1' title="bbox 214 251 999 320; baseline 0 -2"><span class='ocrx_word' id='word_1_1' title='bbox 214 255 274 320; x_wconf 79' lang='lat'><strong>130</strong></span> <span class='ocrx_word' id='word_1_2' title='bbox 458 253 494 314; x_wconf 80' lang='lat' dir='ltr'><strong>P.</strong></span> <span class='ocrx_word' id='word_1_3' title='bbox 520 253 554 315; x_wconf 86' lang='lat' dir='ltr'><strong>P.</strong></span> <span class='ocrx_word' id='word_1_4' title='bbox 579 251 732 316; x_wconf 80' lang='lat' dir='ltr'><strong>STtTn</strong></span> <span class='ocrx_word' id='word_1_5' title='bbox 757 251 999 318; x_wconf 81' lang='lat' dir='ltr'><strong>SlLVARUM</strong></span> 
     </span>
    </p>
   </div>
   <div class='ocr_carea' id='block_1_2' title="bbox 227 375 1256 2247">
    <p class='ocr_par' dir='ltr' id='par_1_2' title="bbox 227 375 1256 2247">
     <span class='ocr_line' id='line_1_2' title="bbox 254 375 1256 471; baseline -0.002 -25"><span class='ocrx_word' id='word_1_6' title='bbox 254 382 441 471; x_wconf 72' lang='lat' dir='ltr'><strong>Frangitur,</strong></span> <span class='ocrx_word' id='word_1_7' title='bbox 454 392 488 444; x_wconf 89' lang='lat' dir='ltr'><strong>et</strong></span> <span class='ocrx_word' id='word_1_8' title='bbox 498 393 631 449; x_wconf 79' lang='lat' dir='ltr'><strong>nocuas</strong></span> <span class='ocrx_word' id='word_1_9' title='bbox 644 393 740 444; x_wconf 89' lang='lat' dir='ltr'><strong>curat</strong></span> <span class='ocrx_word' id='word_1_10' title='bbox 750 375 907 450; x_wconf 79' lang='lat' dir='ltr'><strong>facundie</strong></span> <span class='ocrx_word' id='word_1_11' title='bbox 918 376 1019 470; x_wconf 70' lang='lat' dir='ltr'><strong>leges.</strong></span> <span class='ocrx_word' id='word_1_12' title='bbox 1220 399 1256 449; x_wconf 85' lang='lat'><strong>30</strong></span> 
     </span>
     <span class='ocr_line' id='line_1_3' title="bbox 298 487 1183 586; baseline 0.002 -28"><span class='ocrx_word' id='word_1_13' title='bbox 298 495 410 577; x_wconf 80' lang='lat' dir='ltr'>Quare</span> <span class='ocrx_word' id='word_1_14' title='bbox 421 512 498 580; x_wconf 77' lang='lat' dir='ltr'><strong>age,</strong></span> <span class='ocrx_word' id='word_1_15' title='bbox 511 492 540 556; x_wconf 84' lang='lat' dir='ltr'><strong>si</strong></span> <span class='ocrx_word' id='word_1_16' title='bbox 551 491 662 556; x_wconf 83' lang='lat' dir='ltr'><strong>Cereri</strong></span> <span class='ocrx_word' id='word_1_17' title='bbox 676 511 737 556; x_wconf 88' lang='lat' dir='ltr'><strong>sua</strong></span> <span class='ocrx_word' id='word_1_18' title='bbox 748 487 836 558; x_wconf 86' lang='lat' dir='ltr'><strong>dona</strong></span> <span class='ocrx_word' id='word_1_19' title='bbox 847 541 856 571; x_wconf 87' lang='lat'>‚</span> <span class='ocrx_word' id='word_1_20' title='bbox 868 511 1069 585; x_wconf 89' lang='lat' dir='ltr'><strong>merumque</strong></span> <span class='ocrx_word' id='word_1_21' title='bbox 1080 497 1183 586; x_wconf 76' lang='lat' dir='ltr'><strong>Lyaeo</strong></span> 
     </span>
     <span class='ocr_line' id='line_1_4' title="bbox 253 597 1118 692; baseline 0.003 -24"><span class='ocrx_word' id='word_1_22' title='bbox 253 598 451 682; x_wconf 79' lang='lat' dir='ltr'><strong>Reddimus,</strong></span> <span class='ocrx_word' id='word_1_23' title='bbox 464 614 499 666; x_wconf 89' lang='lat' dir='ltr'><strong>et</strong></span> <span class='ocrx_word' id='word_1_24' title='bbox 508 597 605 666; x_wconf 89' lang='lat' dir='ltr'><strong>dives</strong></span> <span class='ocrx_word' id='word_1_25' title='bbox 616 599 755 691; x_wconf 85' lang='lat' dir='ltr'><strong>praedae,</strong></span> <span class='ocrx_word' id='word_1_26' title='bbox 769 615 882 668; x_wconf 84' lang='lat' dir='ltr'><strong>temen</strong></span> <span class='ocrx_word' id='word_1_27' title='bbox 894 601 1016 692; x_wconf 73' lang='lat' dir='ltr'><strong>scripit</strong></span> <span class='ocrx_word' id='word_1_28' title='bbox 1026 605 1118 670; x_wconf 76' lang='lat' dir='ltr'><strong>omui</strong></span> 
     </span>
     <span class='ocr_line' id='line_1_5' title="bbox 251 708 922 804; baseline -0.001 -25"><span class='ocrx_word' id='word_1_29' title='bbox 251 716 395 780; x_wconf 80' lang='lat' dir='ltr'>Exuvias</span> <span class='ocrx_word' id='word_1_30' title='bbox 408 715 513 780; x_wconf 89' lang='lat' dir='ltr'><strong>Diana</strong></span> <span class='ocrx_word' id='word_1_31' title='bbox 525 708 633 791; x_wconf 89' lang='lat' dir='ltr'><strong>tholo,</strong></span> <span class='ocrx_word' id='word_1_32' title='bbox 646 713 846 804; x_wconf 83' lang='lat' dir='ltr'><strong>captivaque</strong></span> <span class='ocrx_word' id='word_1_33' title='bbox 857 710 922 778; x_wconf 81' lang='lat' dir='ltr'><strong>tela</strong></span> 
     </span>
     <span class='ocr_line' id='line_1_6' title="bbox 252 818 1124 918; baseline 0.001 -28"><span class='ocrx_word' id='word_1_34' title='bbox 252 823 469 916; x_wconf 86' lang='lat' dir='ltr'><strong>Bellipotens;</strong></span> <span class='ocrx_word' id='word_1_35' title='bbox 483 845 545 888; x_wconf 90' lang='lat' dir='ltr'><strong>nec</strong></span> <span class='ocrx_word' id='word_1_36' title='bbox 556 837 609 900; x_wconf 84' lang='lat' dir='ltr'><strong>tu,</strong></span> <span class='ocrx_word' id='word_1_37' title='bbox 623 821 759 916; x_wconf 89' lang='lat' dir='ltr'><strong>quando</strong></span> <span class='ocrx_word' id='word_1_38' title='bbox 771 820 848 902; x_wconf 85' lang='lat' dir='ltr'><strong>tibi,</strong></span> <span class='ocrx_word' id='word_1_39' title='bbox 859 818 1002 907; x_wconf 89' lang='lat' dir='ltr'><strong>Gallice,</strong></span> <span class='ocrx_word' id='word_1_40' title='bbox 1015 823 1124 918; x_wconf 84' lang='lat' dir='ltr'><strong>majus</strong></span> 
     </span>
     <span class='ocr_line' id='line_1_7' title="bbox 251 929 1253 1027; baseline 0 -27"><span class='ocrx_word' id='word_1_41' title='bbox 251 933 446 1027; x_wconf 84' lang='lat' dir='ltr'><strong>Eloquium,</strong></span> <span class='ocrx_word' id='word_1_42' title='bbox 459 929 621 1022; x_wconf 87' lang='lat' dir='ltr'><strong>fandique</strong></span> <span class='ocrx_word' id='word_1_43' title='bbox 630 931 752 1020; x_wconf 85' lang='lat' dir='ltr'><strong>opibus</strong></span> <span class='ocrx_word' id='word_1_44' title='bbox 766 929 917 997; x_wconf 86' lang='lat' dir='ltr'><strong>sublimis</strong></span> <span class='ocrx_word' id='word_1_45' title='bbox 929 932 1097 1014; x_wconf 77' lang='lat' dir='ltr'><strong>abundas,</strong></span> <span class='ocrx_word' id='word_1_46' title='bbox 1218 948 1253 1000; x_wconf 81' lang='lat'><strong>35</strong></span> 
     </span>
     <span class='ocr_line' id='line_1_8' title="bbox 250 1038 1076 1138; baseline 0 -25"><span class='ocrx_word' id='word_1_47' title='bbox 250 1048 375 1138; x_wconf 86' lang='lat' dir='ltr'>Sperne</span> <span class='ocrx_word' id='word_1_48' title='bbox 387 1043 451 1111; x_wconf 92' lang='lat' dir='ltr'><strong>coli</strong></span> <span class='ocrx_word' id='word_1_49' title='bbox 462 1043 614 1109; x_wconf 83' lang='lat' dir='ltr'><strong>tenuiore</strong></span> <span class='ocrx_word' id='word_1_50' title='bbox 626 1038 708 1132; x_wconf 77' lang='lat' dir='ltr'><strong>lyra.</strong></span> <span class='ocrx_word' id='word_1_51' title='bbox 717 1044 810 1132; x_wconf 77' lang='lat' dir='ltr'><strong>Vaga</strong></span> <span class='ocrx_word' id='word_1_52' title='bbox 821 1042 969 1133; x_wconf 73' lang='lat' dir='ltr'><strong>cingitur</strong></span> <span class='ocrx_word' id='word_1_53' title='bbox 977 1047 1076 1112; x_wconf 72' lang='lat' dir='ltr'><strong>esuis</strong></span> 
     </span>
     <span class='ocr_line' id='line_1_9' title="bbox 251 1150 1037 1238; baseline 0 -16"><span class='ocrx_word' id='word_1_54' title='bbox 251 1161 362 1238; x_wconf 87' lang='lat' dir='ltr'><strong>Luna,</strong></span> <span class='ocrx_word' id='word_1_55' title='bbox 374 1156 453 1221; x_wconf 87' lang='lat' dir='ltr'><strong>etin</strong></span> <span class='ocrx_word' id='word_1_56' title='bbox 465 1175 630 1220; x_wconf 86' lang='lat' dir='ltr'><strong>oceanum</strong></span> <span class='ocrx_word' id='word_1_57' title='bbox 643 1153 705 1223; x_wconf 86' lang='lat' dir='ltr'><strong>tivi</strong></span> <span class='ocrx_word' id='word_1_58' title='bbox 715 1150 867 1220; x_wconf 80' lang='lat' dir='ltr'><strong>cocidere</strong></span> <span class='ocrx_word' id='word_1_59' title='bbox 878 1156 1037 1222; x_wconf 87' lang='lat' dir='ltr'><strong>minores.</strong></span> 
     </span>
     <span class='ocr_line' id='line_1_10' title="bbox 296 1261 1085 1355; baseline 0.004 -23"><span class='ocrx_word' id='word_1_60' title='bbox 296 1271 379 1351; x_wconf 84' lang='lat' dir='ltr'><strong>Quae</strong></span> <span class='ocrx_word' id='word_1_61' title='bbox 390 1264 450 1332; x_wconf 89' lang='lat' dir='ltr'><strong>tibi</strong></span> <span class='ocrx_word' id='word_1_62' title='bbox 462 1263 622 1330; x_wconf 89' lang='lat' dir='ltr'><strong>sollicitus</strong></span> <span class='ocrx_word' id='word_1_63' title='bbox 634 1261 795 1355; x_wconf 80' lang='lat' dir='ltr'>persolvit</span> <span class='ocrx_word' id='word_1_64' title='bbox 804 1267 943 1355; x_wconf 82' lang='lat' dir='ltr'><strong>praemie</strong></span> <span class='ocrx_word' id='word_1_65' title='bbox 954 1287 1085 1336; x_wconf 86' lang='lat' dir='ltr'><strong>morum</strong></span> 
     </span>
     <span class='ocr_line' id='line_1_11' title="bbox 251 1375 1220 1469; baseline 0.001 -26"><span class='ocrx_word' id='word_1_66' title='bbox 251 1375 350 1443; x_wconf 86' lang='lat' dir='ltr'><strong>Urbis</strong></span> <span class='ocrx_word' id='word_1_67' title='bbox 361 1377 476 1441; x_wconf 78' lang='lat' dir='ltr'><strong>amor?</strong></span> <span class='ocrx_word' id='word_1_68' title='bbox 486 1395 563 1466; x_wconf 85' lang='lat' dir='ltr'><strong>quse</strong></span> <span class='ocrx_word' id='word_1_69' title='bbox 574 1387 648 1440; x_wconf 91' lang='lat' dir='ltr'><strong>tum</strong></span> <span class='ocrx_word' id='word_1_70' title='bbox 659 1387 863 1466; x_wconf 84' lang='lat' dir='ltr'><strong>patrumque</strong></span> <span class='ocrx_word' id='word_1_71' title='bbox 875 1377 1092 1469; x_wconf 78' lang='lat' dir='ltr'><strong>equitumque</strong></span> <span class='ocrx_word' id='word_1_72' title='bbox 1103 1382 1220 1444; x_wconf 86' lang='lat' dir='ltr'><strong>notavi</strong></span> 
     </span>
     <span class='ocr_line' id='line_1_12' title="bbox 227 1482 1253 1578; baseline -0.002 -22"><span class='ocrx_word' id='word_1_73' title='bbox 227 1490 454 1568; x_wconf 74' lang='lat' dir='ltr'><strong>,Lumina,et</strong></span> <span class='ocrx_word' id='word_1_74' title='bbox 464 1488 589 1576; x_wconf 75' lang='lat' dir='ltr'><strong>ignarus</strong></span> <span class='ocrx_word' id='word_1_75' title='bbox 600 1482 709 1575; x_wconf 89' lang='lat' dir='ltr'><strong>plebis</strong></span> <span class='ocrx_word' id='word_1_76' title='bbox 720 1483 836 1576; x_wconf 74' lang='lat' dir='ltr'><strong>lugere</strong></span> <span class='ocrx_word' id='word_1_77' title='bbox 848 1493 1020 1578; x_wconf 79' lang='lat' dir='ltr'><strong>potentes?</strong></span> <span class='ocrx_word' id='word_1_78' title='bbox 1215 1503 1253 1569; x_wconf 79' lang='grc' dir='ltr'><strong>4ο</strong></span> 
     </span>
     <span class='ocr_line' id='line_1_13' title="bbox 250 1596 984 1680; baseline -0.004 -12"><span class='ocrx_word' id='word_1_79' title='bbox 250 1606 325 1668; x_wconf 78' lang='lat' dir='ltr'><strong>Non</strong></span> <span class='ocrx_word' id='word_1_80' title='bbox 336 1597 468 1666; x_wconf 84' lang='lat' dir='ltr'><strong>labente</strong></span> <span class='ocrx_word' id='word_1_81' title='bbox 480 1601 590 1663; x_wconf 81' lang='lat' dir='ltr'><strong>Numa</strong></span> <span class='ocrx_word' id='word_1_82' title='bbox 601 1597 713 1663; x_wconf 84' lang='lat' dir='ltr'><strong>timuit</strong></span> <span class='ocrx_word' id='word_1_83' title='bbox 725 1597 773 1664; x_wconf 90' lang='lat' dir='ltr'><strong>sic</strong></span> <span class='ocrx_word' id='word_1_84' title='bbox 783 1599 878 1663; x_wconf 87' lang='lat' dir='ltr'><strong>curia</strong></span> <span class='ocrx_word' id='word_1_85' title='bbox 890 1596 984 1680; x_wconf 83' lang='lat' dir='ltr'><strong>felix,</strong></span> 
     </span>
     <span class='ocr_line' id='line_1_14' title="bbox 252 1707 1069 1808; baseline 0.002 -31"><span class='ocrx_word' id='word_1_86' title='bbox 252 1713 408 1803; x_wconf 87' lang='lat' dir='ltr'><strong>Pompeio</strong></span> <span class='ocrx_word' id='word_1_87' title='bbox 420 1731 482 1777; x_wconf 86' lang='lat' dir='ltr'><strong>nec</strong></span> <span class='ocrx_word' id='word_1_88' title='bbox 491 1707 604 1808; x_wconf 49' lang='lat' dir='ltr'><strong>effus</strong></span> <span class='ocrx_word' id='word_1_89' title='bbox 616 1731 736 1802; x_wconf 86' lang='lat' dir='ltr'><strong>eques,</strong></span> <span class='ocrx_word' id='word_1_90' title='bbox 749 1731 812 1776; x_wconf 89' lang='lat' dir='ltr'><strong>nec</strong></span> <span class='ocrx_word' id='word_1_91' title='bbox 822 1709 947 1779; x_wconf 80' lang='lat' dir='ltr'><strong>fernim</strong></span> <span class='ocrx_word' id='word_1_92' title='bbox 959 1715 1069 1779; x_wconf 86' lang='lat' dir='ltr'><strong>Bruto.</strong></span> 
     </span>
     <span class='ocr_line' id='line_1_15' title="bbox 252 1818 1007 1906; baseline 0.001 -18"><span class='ocrx_word' id='word_1_93' title='bbox 252 1826 323 1888; x_wconf 89' lang='lat' dir='ltr'><strong>Hoc</strong></span> <span class='ocrx_word' id='word_1_94' title='bbox 333 1818 433 1903; x_wconf 90' lang='lat' dir='ltr'><strong>illud;</strong></span> <span class='ocrx_word' id='word_1_95' title='bbox 446 1822 558 1886; x_wconf 80' lang='lat' dir='ltr'><strong>tristes</strong></span> <span class='ocrx_word' id='word_1_96' title='bbox 570 1821 715 1887; x_wconf 90' lang='lat' dir='ltr'><strong>invitum</strong></span> <span class='ocrx_word' id='word_1_97' title='bbox 726 1819 843 1888; x_wconf 81' lang='lat' dir='ltr'><strong>audire</strong></span> <span class='ocrx_word' id='word_1_98' title='bbox 855 1837 1007 1906; x_wconf 85' lang='lat' dir='ltr'><strong>catenes,</strong></span> 
     </span>
     <span class='ocr_line' id='line_1_16' title="bbox 251 1920 1106 2025; baseline 0.005 -29"><span class='ocrx_word' id='word_1_99' title='bbox 251 1937 388 1999; x_wconf 81' lang='lat' dir='ltr'><strong>Parcere</strong></span> <span class='ocrx_word' id='word_1_100' title='bbox 399 1929 610 2012; x_wconf 88' lang='lat' dir='ltr'><strong>verberibus,</strong></span> <span class='ocrx_word' id='word_1_101' title='bbox 622 1953 685 1998; x_wconf 87' lang='lat' dir='ltr'><strong>nec</strong></span> <span class='ocrx_word' id='word_1_102' title='bbox 696 1953 762 2025; x_wconf 84' lang='lat' dir='ltr'><strong>qua</strong></span> <span class='ocrx_word' id='word_1_103' title='bbox 772 1929 869 2024; x_wconf 87' lang='lat' dir='ltr'><strong>jubet</strong></span> <span class='ocrx_word' id='word_1_104' title='bbox 878 1920 947 2000; x_wconf 77' lang='lat' dir='ltr'><strong>silla</strong></span> <span class='ocrx_word' id='word_1_105' title='bbox 957 1949 1106 2024; x_wconf 85' lang='lat' dir='ltr'><strong>potestas</strong></span> 
     </span>
     <span class='ocr_line' id='line_1_17' title="bbox 251 2040 1249 2127; baseline 0.003 -20"><span class='ocrx_word' id='word_1_106' title='bbox 251 2045 316 2124; x_wconf 91' lang='lat' dir='ltr'><strong>lre,</strong></span> <span class='ocrx_word' id='word_1_107' title='bbox 329 2040 388 2109; x_wconf 90' lang='lat' dir='ltr'><strong>sed</strong></span> <span class='ocrx_word' id='word_1_108' title='bbox 399 2057 544 2108; x_wconf 78' lang='lat' dir='ltr'><strong>armatas</strong></span> <span class='ocrx_word' id='word_1_109' title='bbox 555 2041 703 2114; x_wconf 83' lang='lat' dir='ltr'><strong>multum</strong></span> <span class='ocrx_word' id='word_1_110' title='bbox 714 2041 777 2109; x_wconf 89' lang='lat' dir='ltr'><strong>sibi</strong></span> <span class='ocrx_word' id='word_1_111' title='bbox 788 2041 925 2113; x_wconf 75' lang='lat' dir='ltr'><strong>demere</strong></span> <span class='ocrx_word' id='word_1_112' title='bbox 936 2045 1053 2127; x_wconf 49' lang='lat' dir='ltr'><strong>virens</strong></span> <span class='ocrx_word' id='word_1_113' title='bbox 1215 2059 1249 2125; x_wconf 76' lang='lat'><strong>45</strong></span> 
     </span>
     <span class='ocr_line' id='line_1_18' title="bbox 250 2151 1139 2247; baseline 0.004 -27"><span class='ocrx_word' id='word_1_114' title='bbox 250 2151 913 2247; x_wconf 78' lang='lat' dir='ltr'><strong>Dignariquemanushumiles,etverl›a</strong></span> <span class='ocrx_word' id='word_1_115' title='bbox 924 2169 1139 2244; x_wconf 70' lang='lat' dir='ltr'><strong>precantum</strong></span> 
     </span>
    </p>
   </div>
   <div class='ocr_carea' id='block_1_3' title="bbox 129 2257 1250 3022">
    <p class='ocr_par' dir='ltr' id='par_1_3' title="bbox 129 2257 1250 3022">
     <span class='ocr_line' id='line_1_19' title="bbox 250 2257 1036 2359; baseline 0 -29"><span class='ocrx_word' id='word_1_116' title='bbox 250 2263 400 2332; x_wconf 86' lang='lat' dir='ltr'><strong>Reddere</strong></span> <span class='ocrx_word' id='word_1_117' title='bbox 408 2261 486 2356; x_wconf 87' lang='lat' dir='ltr'><strong>jura</strong></span> <span class='ocrx_word' id='word_1_118' title='bbox 498 2257 588 2347; x_wconf 81' lang='lat' dir='ltr'><strong>foro,</strong></span> <span class='ocrx_word' id='word_1_119' title='bbox 602 2287 664 2332; x_wconf 88' lang='lat' dir='ltr'><strong>nec</strong></span> <span class='ocrx_word' id='word_1_120' title='bbox 675 2263 873 2359; x_wconf 78' lang='lat' dir='ltr'><strong>proturbare</strong></span> <span class='ocrx_word' id='word_1_121' title='bbox 884 2263 1036 2346; x_wconf 90' lang='lat' dir='ltr'><strong>curules,</strong></span> 
     </span>
     <span class='ocr_line' id='line_1_20' title="bbox 251 2373 957 2468; baseline 0.001 -27"><span class='ocrx_word' id='word_1_122' title='bbox 251 2379 291 2441; x_wconf 88' lang='lat' dir='ltr'><strong>Et</strong></span> <span class='ocrx_word' id='word_1_123' title='bbox 302 2374 430 2447; x_wconf 84' lang='lat' dir='ltr'><strong>ferrum</strong></span> <span class='ocrx_word' id='word_1_124' title='bbox 442 2373 590 2443; x_wconf 89' lang='lat' dir='ltr'><strong>mulcere</strong></span> <span class='ocrx_word' id='word_1_125' title='bbox 602 2391 688 2468; x_wconf 77' lang='lat' dir='ltr'><strong>toga.</strong></span> <span class='ocrx_word' id='word_1_126' title='bbox 700 2377 753 2442; x_wconf 88' lang='lat' dir='ltr'><strong>Sic</strong></span> <span class='ocrx_word' id='word_1_127' title='bbox 764 2377 832 2441; x_wconf 90' lang='lat' dir='ltr'><strong>itur</strong></span> <span class='ocrx_word' id='word_1_128' title='bbox 843 2377 879 2440; x_wconf 92' lang='lat' dir='ltr'><strong>in</strong></span> <span class='ocrx_word' id='word_1_129' title='bbox 889 2373 957 2442; x_wconf 87' lang='lat' dir='ltr'><strong>alta</strong></span> 
     </span>
     <span class='ocr_line' id='line_1_21' title="bbox 250 2485 1023 2569; baseline 0.003 -19"><span class='ocrx_word' id='word_1_130' title='bbox 250 2491 404 2569; x_wconf 79' lang='lat' dir='ltr'><strong>Pectora,</strong></span> <span class='ocrx_word' id='word_1_131' title='bbox 416 2487 466 2554; x_wconf 85' lang='lat' dir='ltr'><strong>sic</strong></span> <span class='ocrx_word' id='word_1_132' title='bbox 476 2487 581 2557; x_wconf 86' lang='lat' dir='ltr'><strong>mixto</strong></span> <span class='ocrx_word' id='word_1_133' title='bbox 593 2488 779 2556; x_wconf 86' lang='lat' dir='ltr'><strong>reverentia</strong></span> <span class='ocrx_word' id='word_1_134' title='bbox 790 2509 826 2558; x_wconf 89' lang='lat' dir='ltr'><strong>se</strong></span> <span class='ocrx_word' id='word_1_135' title='bbox 838 2485 896 2558; x_wconf 83' lang='lat' dir='ltr'><strong>dat</strong></span> <span class='ocrx_word' id='word_1_136' title='bbox 906 2489 1023 2559; x_wconf 81' lang='lat' dir='ltr'><strong>amori.</strong></span> 
     </span>
     <span class='ocr_line' id='line_1_22' title="bbox 297 2593 1250 2690; baseline 0 -24"><span class='ocrx_word' id='word_1_137' title='bbox 297 2593 1061 2690; x_wconf 75' lang='lat' dir='ltr'><strong>Ipsaetinmcunctosgravisinclemeutialeti¹</strong></span> <span class='ocrx_word' id='word_1_138' title='bbox 1216 2615 1250 2666; x_wconf 83' lang='lat'><strong>50</strong></span> 
     </span>
     <span class='ocr_line' id='line_1_23' title="bbox 249 2707 1018 2806; baseline 0.005 -32"><span class='ocrx_word' id='word_1_139' title='bbox 249 2709 400 2792; x_wconf 80' lang='lat' dir='ltr'><strong>Terruit,</strong></span> <span class='ocrx_word' id='word_1_140' title='bbox 413 2721 447 2776; x_wconf 92' lang='lat' dir='ltr'><strong>et</strong></span> <span class='ocrx_word' id='word_1_141' title='bbox 457 2707 558 2778; x_wconf 85' lang='lat' dir='ltr'><strong>subiti</strong></span> <span class='ocrx_word' id='word_1_142' title='bbox 569 2733 719 2806; x_wconf 87' lang='lat' dir='ltr'><strong>praeceps</strong></span> <span class='ocrx_word' id='word_1_143' title='bbox 728 2709 878 2804; x_wconf 90' lang='lat' dir='ltr'><strong>juvenile</strong></span> <span class='ocrx_word' id='word_1_144' title='bbox 890 2709 1018 2805; x_wconf 85' lang='lat' dir='ltr'><strong>pericli,</strong></span> 
     </span>
     <span class='ocr_line' id='line_1_24' title="bbox 250 2815 1074 2916; baseline 0.01 -34"><span class='ocrx_word' id='word_1_145' title='bbox 250 2815 303 2882; x_wconf 86' lang='lat' dir='ltr'><strong>Nil</strong></span> <span class='ocrx_word' id='word_1_146' title='bbox 313 2833 493 2885; x_wconf 83' lang='lat' dir='ltr'><strong>cunctante</strong></span> <span class='ocrx_word' id='word_1_147' title='bbox 502 2816 605 2887; x_wconf 86' lang='lat' dir='ltr'><strong>malo.</strong></span> <span class='ocrx_word' id='word_1_148' title='bbox 619 2824 694 2886; x_wconf 90' lang='lat' dir='ltr'><strong>Non</strong></span> <span class='ocrx_word' id='word_1_149' title='bbox 705 2819 791 2890; x_wconf 90' lang='lat' dir='ltr'><strong>illud</strong></span> <span class='ocrx_word' id='word_1_150' title='bbox 802 2823 902 2916; x_wconf 89' lang='lat' dir='ltr'><strong>culpa</strong></span> <span class='ocrx_word' id='word_1_151' title='bbox 913 2837 1074 2908; x_wconf 71' lang='lat' dir='ltr'><strong>senectae,</strong></span> 
     </span>
     <span class='ocr_line' id='line_1_25' title="bbox 129 2927 1167 3022; baseline 0.001 -25"><span class='ocrx_word' id='word_1_152' title='bbox 129 2960 139 2976; x_wconf 70' lang='grc'><em>’</em></span> <span class='ocrx_word' id='word_1_153' title='bbox 199 2995 200 3000; x_wconf 71' lang='grc'>,</span> <span class='ocrx_word' id='word_1_154' title='bbox 252 2930 399 3022; x_wconf 87' lang='lat' dir='ltr'><strong>(Quippe</strong></span> <span class='ocrx_word' id='word_1_155' title='bbox 411 2951 449 2995; x_wconf 88' lang='lat' dir='ltr'><strong>ea</strong></span> <span class='ocrx_word' id='word_1_156' title='bbox 460 2927 601 2996; x_wconf 88' lang='lat' dir='ltr'><strong>bissenis</strong></span> <span class='ocrx_word' id='word_1_157' title='bbox 613 2931 669 3000; x_wconf 86' lang='lat' dir='ltr'><strong>vix</strong></span> <span class='ocrx_word' id='word_1_158' title='bbox 680 2929 764 2997; x_wconf 89' lang='lat' dir='ltr'><strong>dum</strong></span> <span class='ocrx_word' id='word_1_159' title='bbox 775 2957 852 3001; x_wconf 83' lang='lat' dir='ltr'><strong>orsa</strong></span> <span class='ocrx_word' id='word_1_160' title='bbox 863 2931 1024 3001; x_wconf 87' lang='lat' dir='ltr'><strong>excedere</strong></span> <span class='ocrx_word' id='word_1_161' title='bbox 1036 2930 1167 3017; x_wconf 87' lang='lat' dir='ltr'><strong>lustris)</strong></span> 
     </span>
    </p>
   </div>
   <div class='ocr_carea' id='block_1_4' title="bbox 202 3129 1300 3992">
    <p class='ocr_par' dir='ltr' id='par_1_4' title="bbox 202 3129 1300 3992">
     <span class='ocr_line' id='line_1_26' title="bbox 207 3129 1248 3202; baseline 0.001 -20"><span class='ocrx_word' id='word_1_162' title='bbox 207 3129 287 3196; x_wconf 62' lang='lat' dir='ltr'><strong>⁸an</strong></span> <span class='ocrx_word' id='word_1_163' title='bbox 303 3131 383 3185; x_wconf 75' lang='lat' dir='ltr'><strong>suuis</strong></span> <span class='ocrx_word' id='word_1_164' title='bbox 399 3142 458 3182; x_wconf 83' lang='lat' dir='ltr'><strong>orsa</strong></span> <span class='ocrx_word' id='word_1_165' title='bbox 470 3129 570 3198; x_wconf 78' lang='lat' dir='ltr'><strong>modis,</strong></span> <span class='ocrx_word' id='word_1_166' title='bbox 586 3149 633 3186; x_wconf 85' lang='lat' dir='ltr'><strong>seu</strong></span> <span class='ocrx_word' id='word_1_167' title='bbox 650 3149 701 3202; x_wconf 89' lang='lat' dir='ltr'><strong>qua</strong></span> <span class='ocrx_word' id='word_1_168' title='bbox 782 3133 825 3186; x_wconf 80' lang='lat'><strong>38.</strong></span> <span class='ocrx_word' id='word_1_169' title='bbox 846 3132 974 3198; x_wconf 79' lang='lat' dir='ltr'><strong>Crimina,</strong></span> <span class='ocrx_word' id='word_1_170' title='bbox 987 3130 1049 3187; x_wconf 83' lang='lat' dir='ltr'><strong>edit.</strong></span> <span class='ocrx_word' id='word_1_171' title='bbox 1062 3131 1194 3201; x_wconf 83' lang='lat' dir='ltr'><strong>princeps.</strong></span> <span class='ocrx_word' id='word_1_172' title='bbox 1216 3137 1248 3189; x_wconf 85' lang='grc' dir='ltr'><strong>Δ.</strong></span> 
     </span>
     <span class='ocr_line' id='line_1_27' title="bbox 205 3205 1248 3280; baseline -0.004 -16"><span class='ocrx_word' id='word_1_173' title='bbox 205 3205 265 3272; x_wconf 77' lang='lat' dir='ltr'><strong>tibi,</strong></span> <span class='ocrx_word' id='word_1_174' title='bbox 276 3219 347 3258; x_wconf 74' lang='lat' dir='ltr'><strong>etc.»</strong></span> <span class='ocrx_word' id='word_1_175' title='bbox 367 3226 447 3278; x_wconf 82' lang='lat' dir='ltr'><strong>quam</strong></span> <span class='ocrx_word' id='word_1_176' title='bbox 459 3207 598 3272; x_wconf 82' lang='lat' dir='ltr'><strong>lectionem</strong></span> <span class='ocrx_word' id='word_1_177' title='bbox 615 3228 703 3264; x_wconf 85' lang='lat' dir='ltr'><strong>exem·</strong></span> <span class='ocrx_word' id='word_1_178' title='bbox 782 3209 826 3280; x_wconf 85' lang='lat'><strong>39.</strong></span> <span class='ocrx_word' id='word_1_179' title='bbox 837 3207 900 3264; x_wconf 73' lang='lat' dir='ltr'><strong>uad.</strong></span> <span class='ocrx_word' id='word_1_180' title='bbox 909 3209 1248 3278; x_wconf 44' lang='lat' dir='ltr'><strong>emmeramensem.</strong></span> 
     </span>
     <span class='ocr_line' id='line_1_28' title="bbox 203 3283 1300 3358; baseline 0.004 -24"><span class='ocrx_word' id='word_1_181' title='bbox 203 3285 255 3358; x_wconf 76' lang='lat' dir='ltr'><strong>plis</strong></span> <span class='ocrx_word' id='word_1_182' title='bbox 271 3283 377 3339; x_wconf 76' lang='lat' dir='ltr'><strong>abunde</strong></span> <span class='ocrx_word' id='word_1_183' title='bbox 392 3287 702 3349; x_wconf 75' lang='lat' dir='ltr'><strong>conflrms13addashoc</strong></span> <span class='ocrx_word' id='word_1_184' title='bbox 783 3287 825 3353; x_wconf 68' lang='grc'><strong>43.</strong></span> <span class='ocrx_word' id='word_1_185' title='bbox 846 3286 989 3352; x_wconf 70' lang='lat' dir='ltr'><strong>Invicem,</strong></span> <span class='ocrx_word' id='word_1_186' title='bbox 1005 3283 1068 3340; x_wconf 79' lang='lat' dir='ltr'><strong>edit.</strong></span> <span class='ocrx_word' id='word_1_187' title='bbox 1080 3303 1121 3356; x_wconf 74' lang='lat' dir='ltr'><strong>pr.</strong></span> <span class='ocrx_word' id='word_1_188' title='bbox 1134 3283 1249 3344; x_wconf 84' lang='lat' dir='ltr'><strong>solemni</strong></span> <span class='ocrx_word' id='word_1_189' title='bbox 1296 3321 1300 3326; x_wconf 75' lang='lat'><em>=</em></span> 
     </span>
     <span class='ocr_line' id='line_1_29' title="bbox 205 3363 882 3437; baseline -0.003 -21"><span class='ocrx_word' id='word_1_190' title='bbox 205 3381 236 3425; x_wconf 71' lang='lat' dir='ltr'><strong>ex</strong></span> <span class='ocrx_word' id='word_1_191' title='bbox 250 3363 316 3418; x_wconf 78' lang='lat' dir='ltr'><strong>Plio.</strong></span> <span class='ocrx_word' id='word_1_192' title='bbox 329 3363 413 3434; x_wconf 79' lang='lat' dir='ltr'><strong>Epist.</strong></span> <span class='ocrx_word' id='word_1_193' title='bbox 425 3365 463 3432; x_wconf 81' lang='lat' dir='ltr'><strong>X,</strong></span> <span class='ocrx_word' id='word_1_194' title='bbox 477 3368 506 3422; x_wconf 79' lang='lat'><strong>18</strong></span> <span class='ocrx_word' id='word_1_195' title='bbox 518 3365 654 3432; x_wconf 59' lang='lat' dir='ltr'><strong>:certatim</strong></span> <span class='ocrx_word' id='word_1_196' title='bbox 666 3365 702 3432; x_wconf 79' lang='lat' dir='ltr'><strong>el,</strong></span> <span class='ocrx_word' id='word_1_197' title='bbox 746 3364 832 3437; x_wconf 83' lang='lat' dir='ltr'><strong>lapsu.</strong></span> <span class='ocrx_word' id='word_1_198' title='bbox 852 3367 882 3414; x_wconf 87' lang='grc' dir='ltr'><strong>Δ.</strong></span> 
     </span>
     <span class='ocr_line' id='line_1_30' title="bbox 204 3439 1247 3516; baseline -0.003 -17"><span class='ocrx_word' id='word_1_199' title='bbox 204 3462 255 3516; x_wconf 77' lang='lat' dir='ltr'><strong>qua</strong></span> <span class='ocrx_word' id='word_1_200' title='bbox 262 3443 463 3516; x_wconf 59' lang='lat' dir='ltr'><strong>privatimque</strong></span> <span class='ocrx_word' id='word_1_201' title='bbox 469 3445 583 3516; x_wconf 82' lang='lat' dir='ltr'><strong>publice,</strong></span> <span class='ocrx_word' id='word_1_202' title='bbox 592 3446 703 3498; x_wconf 81' lang='lat' dir='ltr'><strong>testimo·</strong></span> <span class='ocrx_word' id='word_1_203' title='bbox 783 3443 826 3510; x_wconf 79' lang='grc'><strong>45.</strong></span> <span class='ocrx_word' id='word_1_204' title='bbox 845 3441 906 3499; x_wconf 74' lang='lat' dir='ltr'><strong>Sibi.</strong></span> <span class='ocrx_word' id='word_1_205' title='bbox 925 3441 1031 3512; x_wconf 73' lang='lat' dir='ltr'><strong>Legitur</strong></span> <span class='ocrx_word' id='word_1_206' title='bbox 1049 3439 1097 3492; x_wconf 76' lang='lat' dir='ltr'><strong>tibi</strong></span> <span class='ocrx_word' id='word_1_207' title='bbox 1117 3442 1144 3496; x_wconf 82' lang='lat' dir='ltr'><strong>in</strong></span> <span class='ocrx_word' id='word_1_208' title='bbox 1162 3461 1247 3515; x_wconf 77' lang='lat' dir='ltr'><strong>marg.</strong></span> 
     </span>
     <span class='ocr_line' id='line_1_31' title="bbox 204 3521 957 3596; baseline 0.001 -22"><span class='ocrx_word' id='word_1_209' title='bbox 204 3524 278 3578; x_wconf 77' lang='lat' dir='ltr'><strong>nium</strong></span> <span class='ocrx_word' id='word_1_210' title='bbox 297 3525 473 3584; x_wconf 59' lang='lat' dir='ltr'><strong>retribuemus</strong></span> <span class='ocrx_word' id='word_1_211' title='bbox 488 3555 523 3564; x_wconf 91' lang='lat'><em>-</em></span> <span class='ocrx_word' id='word_1_212' title='bbox 542 3525 595 3596; x_wconf 78' lang='lat' dir='ltr'><strong>Qui</strong></span> <span class='ocrx_word' id='word_1_213' title='bbox 612 3526 701 3592; x_wconf 61' lang='grc' dir='ltr'><strong>ειηιὶε,</strong></span> <span class='ocrx_word' id='word_1_214' title='bbox 747 3521 813 3574; x_wconf 89' lang='lat' dir='ltr'><strong>Cod.</strong></span> <span class='ocrx_word' id='word_1_215' title='bbox 829 3522 908 3572; x_wconf 84' lang='lat' dir='ltr'><strong>Paris.</strong></span> <span class='ocrx_word' id='word_1_216' title='bbox 925 3523 957 3576; x_wconf 80' lang='lat' dir='ltr'><strong>A.</strong></span> 
     </span>
     <span class='ocr_line' id='line_1_32' title="bbox 205 3597 1169 3674; baseline -0.001 -20"><span class='ocrx_word' id='word_1_217' title='bbox 205 3601 267 3656; x_wconf 84' lang='lat' dir='ltr'><strong>edit.</strong></span> <span class='ocrx_word' id='word_1_218' title='bbox 280 3621 320 3674; x_wconf 79' lang='lat' dir='ltr'><strong>pr.</strong></span> <span class='ocrx_word' id='word_1_219' title='bbox 341 3605 372 3658; x_wconf 78' lang='grc' dir='ltr'><strong>Δ.</strong></span> <span class='ocrx_word' id='word_1_220' title='bbox 783 3601 826 3669; x_wconf 69' lang='grc'><strong>47.</strong></span> <span class='ocrx_word' id='word_1_221' title='bbox 845 3599 1011 3660; x_wconf 66' lang='lat' dir='ltr'><strong>Persarum,</strong></span> <span class='ocrx_word' id='word_1_222' title='bbox 1023 3597 1065 3654; x_wconf 82' lang='lat' dir='ltr'><strong>ed.</strong></span> <span class='ocrx_word' id='word_1_223' title='bbox 1079 3619 1118 3672; x_wconf 87' lang='lat' dir='ltr'><strong>pr.</strong></span> <span class='ocrx_word' id='word_1_224' title='bbox 1139 3605 1169 3654; x_wconf 86' lang='grc' dir='ltr'><strong>Δ.</strong></span> 
     </span>
     <span class='ocr_line' id='line_1_33' title="bbox 240 3678 1245 3753; baseline 0.002 -21"><span class='ocrx_word' id='word_1_225' title='bbox 240 3681 283 3732; x_wconf 83' lang='grc' dir='ltr'><strong>3ι.</strong></span> <span class='ocrx_word' id='word_1_226' title='bbox 304 3682 351 3734; x_wconf 89' lang='lat' dir='ltr'><strong>Ed.</strong></span> <span class='ocrx_word' id='word_1_227' title='bbox 365 3683 503 3753; x_wconf 74' lang='lat' dir='ltr'><strong>princeps,</strong></span> <span class='ocrx_word' id='word_1_228' title='bbox 514 3678 600 3734; x_wconf 73' lang='lat' dir='ltr'><strong>celeri.</strong></span> <span class='ocrx_word' id='word_1_229' title='bbox 622 3682 651 3732; x_wconf 78' lang='lat' dir='ltr'><strong>A.</strong></span> <span class='ocrx_word' id='word_1_230' title='bbox 781 3679 824 3750; x_wconf 72' lang='lat' dir='ltr'><strong>lq.</strong></span> <span class='ocrx_word' id='word_1_231' title='bbox 843 3683 892 3736; x_wconf 86' lang='lat' dir='ltr'><strong>Pro</strong></span> <span class='ocrx_word' id='word_1_232' title='bbox 904 3681 1001 3747; x_wconf 79' lang='lat' dir='ltr'><strong>mixto,</strong></span> <span class='ocrx_word' id='word_1_233' title='bbox 1017 3678 1058 3734; x_wconf 86' lang='lat' dir='ltr'><strong>ed.</strong></span> <span class='ocrx_word' id='word_1_234' title='bbox 1073 3683 1150 3736; x_wconf 84' lang='lat' dir='ltr'><strong>Rom.</strong></span> <span class='ocrx_word' id='word_1_235' title='bbox 1164 3680 1245 3736; x_wconf 75' lang='lat' dir='ltr'><strong>haber</strong></span> 
     </span>
     <span class='ocr_line' id='line_1_34' title="bbox 240 3759 1246 3834; baseline 0.004 -24"><span class='ocrx_word' id='word_1_236' title='bbox 240 3759 281 3812; x_wconf 81' lang='lat'><strong>32.</strong></span> <span class='ocrx_word' id='word_1_237' title='bbox 301 3759 348 3818; x_wconf 82' lang='lat' dir='ltr'><strong>Ed.</strong></span> <span class='ocrx_word' id='word_1_238' title='bbox 360 3779 400 3829; x_wconf 83' lang='lat' dir='ltr'><strong>pr.</strong></span> <span class='ocrx_word' id='word_1_239' title='bbox 409 3775 476 3828; x_wconf 76' lang='lat' dir='ltr'><strong>pent</strong></span> <span class='ocrx_word' id='word_1_240' title='bbox 485 3777 534 3829; x_wconf 85' lang='lat' dir='ltr'><strong>pro</strong></span> <span class='ocrx_word' id='word_1_241' title='bbox 542 3760 644 3830; x_wconf 76' lang='lat' dir='ltr'><strong>proedae,</strong></span> <span class='ocrx_word' id='word_1_242' title='bbox 657 3761 687 3812; x_wconf 80' lang='grc' dir='ltr'><strong>Α.</strong></span> <span class='ocrx_word' id='word_1_243' title='bbox 745 3761 811 3814; x_wconf 65' lang='lat' dir='ltr'><strong>neri.</strong></span> <span class='ocrx_word' id='word_1_244' title='bbox 827 3789 862 3802; x_wconf 91' lang='lat'><strong>-·</strong></span> <span class='ocrx_word' id='word_1_245' title='bbox 875 3759 941 3816; x_wconf 82' lang='lat' dir='ltr'><strong>Cod.</strong></span> <span class='ocrx_word' id='word_1_246' title='bbox 954 3763 1035 3817; x_wconf 85' lang='lat' dir='ltr'><strong>Puris.</strong></span> <span class='ocrx_word' id='word_1_247' title='bbox 1049 3775 1075 3820; x_wconf 82' lang='lat' dir='ltr'><strong>et</strong></span> <span class='ocrx_word' id='word_1_248' title='bbox 1086 3763 1174 3818; x_wconf 68' lang='lat' dir='ltr'><strong>uldin.</strong></span> <span class='ocrx_word' id='word_1_249' title='bbox 1182 3759 1246 3834; x_wconf 77' lang='lat' dir='ltr'><strong>fidit</strong></span> 
     </span>
     <span class='ocr_line' id='line_1_35' title="bbox 240 3835 1243 3914; baseline 0.001 -23"><span class='ocrx_word' id='word_1_250' title='bbox 240 3839 282 3897; x_wconf 75' lang='lat'><strong>36.</strong></span> <span class='ocrx_word' id='word_1_251' title='bbox 304 3837 437 3909; x_wconf 63' lang='lat' dir='ltr'><strong>strepitur,</strong></span> <span class='ocrx_word' id='word_1_252' title='bbox 452 3835 514 3890; x_wconf 79' lang='lat' dir='ltr'><strong>edit.</strong></span> <span class='ocrx_word' id='word_1_253' title='bbox 530 3859 570 3910; x_wconf 81' lang='lat' dir='ltr'><strong>pr.</strong></span> <span class='ocrx_word' id='word_1_254' title='bbox 585 3859 634 3910; x_wconf 85' lang='lat' dir='ltr'><strong>pro</strong></span> <span class='ocrx_word' id='word_1_255' title='bbox 646 3840 702 3894; x_wconf 81' lang='lat' dir='ltr'><strong>cin·</strong></span> <span class='ocrx_word' id='word_1_256' title='bbox 745 3859 794 3912; x_wconf 87' lang='lat' dir='ltr'><strong>pro</strong></span> <span class='ocrx_word' id='word_1_257' title='bbox 804 3859 829 3894; x_wconf 80' lang='lat' dir='ltr'><strong>se</strong></span> <span class='ocrx_word' id='word_1_258' title='bbox 838 3839 897 3902; x_wconf 63' lang='grc' dir='ltr'><strong>ἀπ,-</strong></span> <span class='ocrx_word' id='word_1_259' title='bbox 908 3840 971 3894; x_wconf 84' lang='lat' dir='ltr'><strong>edit.</strong></span> <span class='ocrx_word' id='word_1_260' title='bbox 981 3843 1067 3914; x_wconf 86' lang='lat' dir='ltr'><strong>princ.</strong></span> <span class='ocrx_word' id='word_1_261' title='bbox 1073 3840 1243 3914; x_wconf 69' lang='lat' dir='ltr'><strong>funditvid.</strong></span> 
     </span>
     <span class='ocr_line' id='line_1_36' title="bbox 202 3918 1070 3992; baseline -0.001 -21"><span class='ocrx_word' id='word_1_262' title='bbox 202 3920 280 3992; x_wconf 72' lang='lat' dir='ltr'><strong>pitur.</strong></span> <span class='ocrx_word' id='word_1_263' title='bbox 300 3918 329 3972; x_wconf 76' lang='lat' dir='ltr'><strong>A·</strong></span> <span class='ocrx_word' id='word_1_264' title='bbox 746 3932 800 3970; x_wconf 87' lang='lat' dir='ltr'><strong>not.</strong></span> <span class='ocrx_word' id='word_1_265' title='bbox 817 3923 847 3970; x_wconf 84' lang='grc' dir='ltr'><strong>Α.</strong></span> <span class='ocrx_word' id='word_1_266' title='bbox 1062 3925 1070 3952; x_wconf 63' lang='lat' dir='ltr'><strong>l</strong></span> 
     </span>
    </p>
   </div>
   <div class='ocr_carea' id='block_1_5' title="bbox 0 0 1406 4490">
    <p class='ocr_par' dir='ltr' id='par_1_5' title="bbox 0 0 1406 4490">
     <span class='ocr_line' id='line_1_37' title="bbox 0 0 1406 4490; baseline 0 1"><span class='ocrx_word' id='word_1_267' title='bbox 0 0 1406 4490; x_wconf 95' lang='lat' dir='ltr'><strong> </strong></span> 
     </span>
    </p>
   </div>
  </div>
 </body>
</html>
