2844 4484
472 321 614 388 crocu
638 322 685 400 V,
707 321 973 386 cucuron.
1165 323 1242 415 Ι573

251 457 292 517 At
301 449 363 518 tibi
374 450 615 516 Pieriaetenero
627 447 691 516 suh
703 463 838 541 pectore
849 471 954 527 curae,

250 564 291 627 Et
303 557 424 650 pudor,
436 574 471 626 et
481 557 571 626 docti
582 557 691 651 legem
703 559 765 625 sibi
776 558 886 628 dicere
898 583 1024 645 mores;

249 672 348 734 Tunc
358 666 473 734 hilaris
485 666 649 757 probitas,
663 682 697 733 et
708 667 801 734 frons
812 666 1008 762 tranquilla,
1019 671 1174 768 nitorque

249 782 404 847 Luxuriae
416 778 547 847 confine
557 781 694 861 timens,
706 781 879 873 pietasque
890 803 951 872 per
962 805 1078 849 omnes

247 894 445 984 Dispensata
457 890 755 985 modos3oequaevo
766 889 884 959 cedere
896 891 1006 977 frunt,
1211 911 1242 979 7⁵

248 1003 429 1095 Mirarique
441 1002 797 1094 putrem,miseraeque
808 1003 980 1092 ignoscere
991 1006 1099 1087 mutrr'.
1157 1045 1159 1050 ·

247 1110 430 1180 Admonuit
440 1111 708 1188 fortunudomus
721 1138 727 1178 :
741 1111 844 1179 tibine
855 1110 913 1178 illa
923 1113 1069 1182 nefanda

190 1233 194 1240 '
247 1221 384 1306 Pocula,
398 1221 579 1317 letalesque
590 1247 694 1291 manu
706 1247 908 1315 componere
919 1247 1039 1294 succos

246 1331 393 1416 Evaluit,
407 1335 464 1428 qui
476 1356 557 1400 voce
568 1348 665 1426 potes
676 1349 876 1426 praevertere
887 1358 1020 1402 morsus

245 1446 459 1537 Serpentum,
472 1460 574 1539 atque
585 1468 703 1512 omnes
714 1443 809 1512 vultu
822 1445 954 1538 placare
964 1451 1145 1515 novercas?
1208 1461 1242 1512 80

244 1552 409 1642 Infectare
420 1553 502 1622 libet
513 1559 647 1638 Manes,
660 1559 846 1649 meritoque
859 1572 996 1648 precatu

245 1668 365 1733 Pacem
376 1665 507 1734 auferre
519 1669 608 1758 rogis
619 1693 627 1732 :
640 1665 699 1734 sed
713 1683 760 1749 te,
772 1689 858 1758 puer
866 1671 1011 1761 optime,
1024 1693 1126 1737 cerno

244 1775 446 1844 Flectentem
454 1775 570 1870 justiS,
584 1792 618 1843 et
627 1775 706 1843 talia
719 1775 808 1844 dicto
818 1794 993 1870 parantem
1006 1805 1013 1845 :

295 1893 435 1970 «Parce,
448 1912 578 1979 precor,
591 1890 710 1955 cineri:
723 1888 829 1956 fatum
841 1888 940 1972 illud,
954 1904 987 1956 et
997 1892 1046 1957 ira
1057 1909 1239 1962 nocentum

242 2002 646 2094 Parcarum,crimenque
657 2001 717 2067 Dei
728 1998 882 2067 mortalia
893 2001 1045 2092 quisquis
1205 2016 1238 2069 85

243 2113 380 2176 Pectora
391 2131 466 2176 sero
478 2107 583 2191 videt,
596 2131 659 2177 nec
670 2113 779 2201 primo
790 2110 826 2177 in
837 2106 951 2176 limine
962 2112 1049 2178 sistit

196 2358 271 2411 cebo.
282 2360 392 2415 -cod.
407 2364 487 2414 Paris.
503 2361 543 2415 ed.
556 2382 598 2434 pr.
612 2361 690 2414 heu...
737 2361 842 2416 admisit
856 2361 953 2416 modos.
969 2358 1087 2413 Debetur
1101 2357 1154 2409 hoc
1170 2357 1233 2410 Adr.

195 2439 250 2492 sine
258 2440 374 2512 proest'de.
393 2441 425 2491 A.
735 2442 864 2508 Behotio,
883 2439 1047 2512 Apophoret.
1065 2436 1110 2489 lib.
1126 2440 1157 2489 11.
1171 2437 1234 2488 vul-

231 2533 273 2587 7¹·
295 2518 361 2570 rior.
371 2519 413 2572 sie
423 2518 464 2571 od.
474 2539 515 2591 pr.
526 2531 552 2571 et
561 2519 621 2571 cod.
632 2520 691 2571 Por.
735 2536 797 2592 gata
806 2521 896 2574 domos
903 2521 1067 2588 ineptissimo
1077 2529 1125 2566 cst.
1136 2516 1234 2568 Contra

193 2597 223 2646 iu
234 2608 324 2660 textu;
340 2599 384 2668 qui
395 2597 428 2649 ud
443 2617 524 2668 marg.
537 2597 584 2648 dat
594 2599 646 2649 ubi.
659 2599 690 2648 A.
737 2599 808 2671 apud
819 2601 882 2650 Hor.
896 2599 978 2669 Epist.
989 2599 1017 2662 1,
1029 2596 1062 2663 4,
1072 2613 1106 2646 ex
1117 2611 1150 2644 eo
1163 2593 1235 2664 quod

230 2692 273 2746 7²·
292 2679 344 2728 Pro
352 2676 435 2728 dicere
439 2715 448 2742 ,
461 2674 521 2728 cod.
534 2679 591 2728 Pur.
603 2675 690 2727 dicire.
736 2691 792 2730 erut
806 2691 831 2731 et
843 2679 935 2730 modus
947 2689 972 2728 et
986 2676 1081 2739 victus,
1099 2673 1132 2725 cl.
1149 2673 1232 2725 Bentl.

194 2751 244 2805 Ed.
258 2773 299 2825 pr.
315 2753 404 2806 dicere.
422 2755 454 2805 A.
736 2757 815 2820 fecit,
829 2769 855 2809 et
865 2755 954 2808 domus
967 2765 993 2805 et
1003 2755 1091 2806 victus.
1104 2753 1146 2805 Sic
1158 2753 1234 2806 variis

230 2831 271 2902 74.
282 2831 409 2905 Nitorque
418 2829 692 2904 lamtrtoeoonfinete·
736 2833 831 2902 modu,
847 2831 933 2886 Valet.
953 2832 1079 2898 Flaccos,
1095 2832 1146 2898 111,
1164 2831 1231 2902 3933

193 2927 265 2966 nent.
280 2912 387 2983 Optime
401 2911 521 2963 Boethius
540 2927 588 2982 pro
605 2921 692 2966 renem
736 2916 837 2966 Auctor
852 2916 974 2986 Poueffir.
992 2911 1026 2964 ad
1043 2913 1130 2965 Pioon.
1142 2929 1180 2962 ro.
1198 2910 1230 2978 5,

193 2985 256 3060 legit
267 2989 372 3053 timeon
383 3009 431 3062 per
440 3009 468 3044 te
480 3002 565 3062 poten
580 3002 606 3041 et
617 2990 644 3040 in
656 2988 692 3041 ul·
738 2995 808 3046 nuic
822 3008 868 3046 tua
885 3011 926 3045 me
942 2994 1024 3044 virtus
1039 2993 1124 3064 rupit,
1144 3003 1170 3042 et
1183 2993 1232 3044 mi·

193 3081 251 3120 tero
261 3069 349 3123 nullus
361 3081 399 3144 εις
412 3069 525 3122 idoneus
535 3086 637 3121 neurus.
647 3069 692 3121 Ni·
734 3075 817 3128 tanda
828 3093 877 3147 per
886 3091 979 3126 omne·
988 3074 1047 3124 Vita
1056 3069 1160 3124 modos.
1171 3094 1182 3119 ι
1195 3099 1231 3111 -

192 3161 276 3201 torem
286 3147 358 3201 buno
367 3149 477 3202 Ituurioe
486 3146 588 3221 confine
598 3150 691 3201 timen-
734 3153 800 3207 Cod.
814 3158 870 3207 Par.
884 3154 925 3206 cd.
939 3171 979 3224 pr.
991 3153 1087 3205 domos.
1107 3151 1138 3202 A.

193 3238 244 3278 tem
256 3239 334 3280 vocat
344 3243 435 3281 1111111111
445 3227 576 3293 decom,
587 3225 689 3279 Tibur-t.
770 3235 812 3287 81,
831 3234 934 3306 Vulgo,
947 3234 1173 3305 1ufestarejuva8,
1187 3243 1228 3298 et,

192 3309 299 3378 Vopicc.
313 3328 338 3360 v.
352 3325 395 3378 9²·
409 3311 454 3360 Hc
469 3325 546 3360 vocer
559 3321 689 3379 perpetuo
734 3332 800 3366 vm.
814 3313 945 3385 83‚jussis
955 3311 1094 3384 projmu's.
1106 3308 1174 3362 Edit.
1188 3327 1228 3382 pr.

193 3407 207 3440 a
219 3389 331 3444 libraru'ic
344 3404 510 3444 commutato
522 3390 636 3442 fuerunt.
647 3389 689 3442 sie
734 3393 862 3466 Infectam
862 3395 968 3464 juvat...
970 3391 1061 3464 justin
1071 3402 1096 3442 et
1106 3391 1143 3442 uic
1150 3389 1227 3440 etium

192 3469 276 3537 infra,
293 3489 317 3523 v.
337 3488 401 3538 no,
415 3491 466 3544 pro
482 3471 598 3536 timebat,
611 3473 686 3523 Rom.
733 3471 793 3525 cod.
808 3471 889 3524 Poris.
903 3473 948 3541 qui
961 3468 995 3523 ad
1006 3487 1087 3540 marg.
1100 3471 1122 3521 1.
1137 3467 1226 3520 libet...

192 3549 254 3602 edit.
276 3551 391 3613 cneban
412 3565 438 3603 et
459 3553 486 3602 in
506 3552 582 3602 Herc.
604 3552 687 3621 Epitr.
732 3561 871 3625 moestoque
883 3560 992 3623 precatu
1009 3567 1058 3622 pro
1076 3549 1225 3620 meritoque.

190 3628 325 3694 Vindicis,
339 3647 363 3680 v.
381 3630 430 3698 74,
448 3647 498 3701 pro
513 3629 603 3680 timuit
611 3631 688 3681 resti·
731 3629 797 3682 Vide
808 3643 864 3681 not.
882 3631 913 3681 Δ.

191 3711 231 3761 tui
245 3710 336 3762 tenuit.
349 3737 385 3748 -
398 3708 465 3760 Coda
476 3712 555 3762 Pario.
572 3706 633 3760 edit.
645 3726 687 3779 pr.
766 3708 809 3762 83.
829 3709 980 3759 Parantcm.
989 3703 1056 3758 cod.
1066 3706 1122 3755 Par.
1132 3701 1174 3756 ed.
1184 3720 1223 3772 pr.

192 3800 287 3840 tenent.
297 3817 334 3828 -
344 3790 394 3840 Pro
406 3787 519 3862 confine,
531 3791 614 3841 Parm.
628 3807 687 3840 cum
729 3796 872 3858 parentem.
891 3786 922 3836 A.

185 3863 478 3938 fine.-Cod.Par.ed.
487 3887 527 3939 pr.
535 3865 685 3939 confirmet.
766 3865 809 3919 85.
829 3866 991 3938 Crimeoquc.
1006 3863 1058 3916 sie.
1070 3861 1131 3914 edit.
1146 3877 1187 3930 pr.
1199 3873 1225 3909 et

229 3943 270 4016 75.
281 3945 433 4020 Dispensctc
441 3944 537 3999 domos.
547 3947 585 3996 Ita
595 3943 688 3997 editio·
732 3942 792 3996 cod.
805 3945 885 3996 Puu't.
898 3946 925 3996 in
937 3957 1024 4006 torum
1038 3940 1082 3992 hio
1096 3938 1130 3991 ud
1142 3953 1224 4004 marg.

191 4043 238 4077 nes
248 4017 310 4078 unte
323 4027 533 4092 Gronoriauum,
547 4042 605 4096 quae
615 4037 686 4077 recte
731 4041 842 4075 cannen.
860 4024 892 4075 Δ.
