2782 4486
181 317 246 386 652
359 319 495 386 NOTAE
519 322 569 385 ΙΝ
592 321 790 386 CARMEN
815 322 1046 388 TERTIUM

178 463 263 510 ma31
276 447 350 498 etita
363 445 434 499 alibi.
453 446 533 500 Graia
544 465 606 500 vero
617 445 689 500 Selle
704 459 744 500 eat
758 445 847 514 Velia,
859 448 982 500 Lucaniae
997 445 1145 520 oppiduim
1159 449 1227 502 dieta

182 524 263 576 Graia
275 527 400 597 qnoniam
412 544 429 578 a
440 524 648 578 Phocaeensibus
655 523 780 589 condita,
793 537 859 578 teste
871 524 1015 592 Strabone,
1026 525 1072 577 lib.
1080 527 1132 593 Vl,
1143 529 1227 580 initio.

179 604 261 657 Latiis
275 606 372 657 adscito
388 605 500 674 colonis,
516 619 629 677 propter
638 603 786 658 antitheton
797 603 880 658 Statio
892 603 1064 657 adamatum:
1081 607 1158 677 quasi
1173 606 1229 659 dix·

180 686 258 752 itaet,
274 683 343 737 Selle
359 705 376 737 a
389 687 483 740 Graecis
497 684 620 751 condita,
634 703 651 737 a
662 685 761 738 Latinis
773 684 900 737 habitata.
912 685 966 752 Qui
981 684 1016 736 de
1029 683 1100 738 Selle
1110 689 1137 738 in
1149 689 1229 758 Epiro

180 761 239 815 htec
252 765 470 836 interpretantur,
484 778 511 817 et
524 763 586 816 inde
601 778 741 817 accersunt
755 781 838 834 genua
852 765 956 835 Papinii
968 767 1065 835 patrio,
1077 779 1229 836 nugantur:

180 844 312 914 primunt,
325 845 387 916 quia
397 843 469 896 nulla
484 845 534 896 luit
544 843 608 896 urbe
619 863 652 896 eo
661 846 770 895 nomine
778 845 806 895 in
816 843 906 915 Epiro.
917 841 994 895 Selloe
1006 842 1113 915 quidem
1125 843 1231 916 populi,

183 925 230 994 qui
245 937 271 974 et
285 921 352 977 Selli
367 937 394 976 et
408 922 484 977 Helli
499 922 633 991 dicuntur,
650 937 794 977 occurrunt
810 921 883 995 apud
895 923 1007 975 Plinium
1020 937 1046 974 et
1059 921 1231 986 Strabonem

181 1002 231 1055 aed
246 1004 317 1056 nulla
333 1005 399 1057 urbe
414 1004 494 1058 Selle.
510 1001 627 1070 Deinde,
639 1002 775 1076 quomodo
788 1019 844 1057 eote
855 1005 942 1075 potuit
953 1002 1050 1056 Sellittr
1063 1022 1111 1056 teu
1121 1004 1234 1076 Epirota

181 1083 258 1134 Statii
270 1097 358 1154 pater,
371 1103 455 1156 qnam
469 1103 565 1156 cupra,
576 1101 616 1136 va.
632 1101 695 1156 119,
710 1083 806 1137 dixerit
818 1083 903 1148 lilius,
917 1082 991 1135 illum
1005 1085 1131 1136 sumsisse
1145 1096 1231 1159 tapam

180 1171 332 1233 praetextam
345 1177 371 1217 et
380 1164 480 1216 bullam
489 1166 617 1217 auream?
628 1182 685 1234 quar
696 1175 767 1216 certe
777 1161 920 1216 nobilitatis
930 1163 1065 1229 Homanoe,
1077 1180 1131 1214 non
1141 1164 1233 1234 Epiro

182 1241 240 1292 ticoe
253 1243 495 1314 inriguialuerunt.
511 1245 573 1295 Haec
587 1241 655 1295 adeo
669 1241 739 1294 clara
753 1255 832 1306 aunt,
846 1241 925 1294 atde
938 1239 1093 1292 lieverbum
1107 1260 1163 1292 non
1178 1261 1234 1294 arn·

181 1319 252 1392 plius
264 1321 416 1374 addendum
429 1325 470 1374 ait.
484 1321 597 1374 Proinde
609 1340 717 1376 necesse
730 1334 770 1376 est
781 1321 838 1374 falli
850 1321 945 1374 Litium
956 1319 1118 1392 Gyraldum,
1129 1321 1232 1392 Diales.

182 1402 228 1468 lV,
241 1415 268 1453 et
280 1403 441 1470 Domitium,
455 1414 483 1454 et
496 1416 598 1456 ceteros
610 1403 681 1454 viros
693 1401 790 1455 doctos
802 1404 847 1474 qui
858 1399 948 1454 Sallen
959 1399 1001 1452 rel
1012 1397 1097 1453 Sellas
1108 1400 1233 1473 Epirota-

183 1498 242 1531 rum
256 1485 371 1552 patriam
384 1483 487 1553 Papinii
505 1484 588 1553 patria
607 1493 772 1542 statuerunt3
792 1498 875 1551 qnam
889 1480 969 1552 pinne
985 1479 1095 1534 Velinus
1107 1482 1188 1534 luerit
1201 1479 1235 1534 de

183 1577 271 1633 gente.
284 1566 367 1616 Notat
378 1576 467 1617 autem
479 1564 590 1631 Strabo,
601 1561 647 1614 lib.
655 1564 707 1627 VI,
719 1560 812 1614 urbem
824 1559 894 1613 lianc
904 1561 1007 1613 Veliam
1019 1562 1141 1616 acmen
1153 1563 1235 1636 tripli-

185 1644 250 1693 citer
260 1643 423 1715 appellatam
434 1660 506 1710 este,
514 1641 598 1705 Ἐλω,
609 1638 684 1708 Hiar,
699 1649 768 1692 ma·
780 1640 866 1706 unde,
878 1641 1039 1712 aspiratione
1050 1643 1079 1694 in
1090 1642 1108 1695 S
1120 1656 1233 1708 munta,

184 1720 267 1789 Seite,
278 1736 308 1774 ut
317 1721 399 1790 εὼἚξ
408 1725 457 1777 Sex
461 1762 471 1789 ,
482 1719 602 1775 affirm
611 1723 727 1794 Septem,
738 1717 855 1789 ab‘Epaa
864 1721 957 1792 Serpa,
968 1734 994 1773 et
1004 1721 1136 1793 ejusmodi
1146 1723 1235 1776 multia

183 1801 330 1856 vocabulis.
347 1802 461 1856 Proinde
478 1822 534 1855 uon
550 1820 618 1874 apua
634 1813 674 1854 eet
689 1812 720 1853 ut
735 1799 854 1871 legemur
868 1801 948 1854 Graia
965 1799 1045 1871 refert
1058 1802 1158 1872 Hyele,
1174 1822 1235 1855 cum

184 1882 304 1948 Heinsio,
317 1882 351 1936 ad
362 1883 440 1938 Orid.
453 1885 560 1936 Metam.
573 1882 631 1949 XV,
642 1882 703 1934 626.
720 1881 746 1933 Si
757 1879 857 1951 aliquid
869 1878 1040 1948 mutandam,
1054 1883 1144 1955 potius
1157 1897 1235 1948 esset,

187 1959 267 2010 Graia
280 1959 357 2030 refert
368 1961 459 2028 Helle,
476 1959 700 2032 quemadmodum
712 1959 797 2012 Graeci
809 1977 866 2010 earn
879 1957 1026 2020 vocabant;
1038 1960 1110 2012 unde
1121 1961 1236 2027 Plinius,

184 2039 255 2092 Hiat.
268 2041 329 2092 Nat.
341 2040 387 2094 lib.
398 2043 449 2108 tlt,
463 2039 494 2108 5,
505 2040 612 2094 Heliam
629 2058 687 2092 eam
702 2039 776 2091 dixit.
789 2039 861 2092 Male
877 2039 955 2091 etiam
967 2038 1120 2094 Gronovius
1138 2056 1165 2094 et
1181 2045 1237 2095 aine

187 2135 267 2170 causa
278 2116 305 2170 ei
316 2120 414 2174 adscita
426 2133 555 2173 mutatum
569 2121 654 2172 voluit
667 2122 693 2171 in
706 2121 848 2190 adscripta,
859 2121 943 2172 Diatr.
959 2137 1019 2192 cap.
1035 2121 1078 2174 55.
1094 2121 1238 2174 Adsct‘ecere

186 2195 299 2249 dicimur
315 2198 446 2271 quidquid
461 2199 496 2251 ab
512 2202 615 2271 origine
628 2213 748 2252 nostrum
766 2217 821 2250 non
837 2200 901 2264 luit,
918 2199 1047 2272 quidquid
1065 2200 1236 2253 adventitium

186 2277 359 2332 adsumimus.-
372 2283 408 2332 ita
417 2281 484 2332 Latii
497 2279 588 2332 coloni
598 2281 759 2333 adsciverunt
769 2282 876 2334 Gratiam
884 2278 989 2332 Sellen:
1003 2279 1062 2333 vide
1073 2301 1131 2353 que
1140 2282 1175 2334 de
1184 2281 1237 2334 hoc

186 2354 269 2408 verbo
283 2362 374 2412 notavi
387 2360 422 2413 ad
435 2360 540 2413 Hercul.
561 2359 678 2414 Surrent.
690 2380 728 2414 vs.
742 2360 800 2413 151.
819 2363 858 2414 Ex
875 2359 929 2414 hoc
947 2360 1009 2413 loco
1027 2361 1166 2433 probabile
1182 2377 1238 2430 est,

186 2435 269 2489 immo
283 2438 326 2493 hic
340 2440 416 2494 locus
430 2442 540 2514 probat,
553 2454 658 2514 gentem
669 2441 812 2514 Papiniom
822 2453 868 2494 aut
877 2439 1017 2494 oriundam
1028 2460 1084 2494 este
1095 2459 1126 2493 ex
1140 2442 1237 2509 Velia,

188 2507 229 2560 vel
240 2508 278 2563 ibi
289 2514 401 2566 maxime
411 2515 535 2584 viguisse.

228 2625 285 2680 ¹²7·
302 2613 394 2666 Graius
403 2632 457 2685 qua
466 2632 556 2686 puppe
566 2612 688 2689 rnapister
697 2612 817 2680 Excidit,
831 2621 857 2665 et
870 2609 961 2664 mediis
973 2612 1051 2664 mirer
1059 2610 1196 2684 evigilavit
1208 2614 1237 2665 in

188 2689 272 2743 ande.
287 2691 367 2744 Miras
381 2693 471 2746 turbae
484 2693 556 2746 dedit
567 2695 715 2763 ignorantia
727 2691 841 2744 historiae
854 2688 934 2761 hujus
948 2691 1023 2744 Graii
1033 2691 1157 2764 magistri.
1168 2691 1237 2743 Gro-

188 2771 300 2836 norint,
315 2773 397 2826 Diatr.
410 2791 470 2846 cap.
485 2773 536 2826 55:
552 2773 668 2826 noratur
680 2772 803 2845 mapirter
812 2774 901 2842 inepte
914 2770 1012 2824 dicitnr
1024 2769 1180 2836 Palinurus,
1193 2773 1238 2843 qui

188 2846 319 2920 Phrygius
329 2865 400 2905 erate
413 2852 460 2906 sed
468 2863 573 2926 qratiam
584 2851 649 2904 dixit
658 2853 797 2922 Papinius,
810 2853 865 2903 eive
873 2853 973 2917 AEneae,
986 2853 1039 2904 eive
1049 2852 1173 2918 Teucria,
1182 2852 1237 2904 sive

189 2928 240 3000 ipsi
252 2926 366 3002 denique
378 2935 472 3006 puppi.
484 2957 496 2981 a
509 2934 570 2985 Htec
580 2946 643 2986 sunt
653 2935 727 2984 ntera‘
737 2931 882 3004 frigiditas5
898 2943 924 2984 et
935 2949 1010 3004 taque
1022 2931 1092 2983 bene
1101 2929 1238 2982 Palinurus

191 3003 244 3058 dici
258 3011 346 3079 potuit
360 3030 414 3064 non
426 3021 516 3085 pratris
531 3012 658 3086 maqirter,
675 3013 737 3082 quia
752 3030 805 3063 non
817 3023 907 3084 pratus
921 3025 978 3062 erat
991 3011 1049 3062 Deo
1062 3010 1175 3074 Somno,
1192 3013 1238 3080 qui

191 3105 250 3138 eum
267 3088 400 3162 aliquidaut
412 3093 523 3162 projecit
536 3093 562 3143 in
575 3091 660 3144 undas
673 3093 867 3164 precipitem·
884 3093 913 3142 ln
926 3088 1086 3163 procedenti
1098 3101 1163 3140 nota
1174 3107 1238 3160 pro·

190 3163 251 3217 bavi
265 3169 372 3223 Graiam
384 3169 471 3225 Sellen
485 3190 542 3225 ease
556 3172 659 3227 Veliam
669 3175 743 3244 :jam
754 3190 817 3225 vero
831 3173 920 3244 pueris
936 3184 1030 3223 notum
1045 3189 1075 3222 ex
1086 3169 1177 3240 Virgil.
1188 3171 1238 3232 Vl,

191 3245 243 3314 337
257 3261 285 3299 et
296 3264 431 3322 sequent,
444 3251 596 3304 Palinurum
611 3253 681 3304 circa
696 3251 799 3307 Veliam
813 3251 899 3326 puppi
910 3249 1038 3303 excidisse
1050 3263 1077 3300 et
1089 3247 1239 3305 demersum

190 3324 280 3378 initae.
294 3325 391 3383 Statius
403 3333 543 3384 manifesto
556 3323 650 3384 alludit
661 3332 704 3384 ini
714 3329 775 3384 loco
784 3330 901 3402 virgilii,

376 3421 435 3466 Ecce
445 3418 586 3481 gubernator
594 3433 644 3466 tete
655 3418 775 3466 Palinurus
784 3418 882 3480 agebat:

376 3491 421 3550 Qui
431 3491 516 3556 Libyco
526 3506 601 3553 nuper
610 3507 680 3537 curru
686 3526 694 3548 ‚
704 3491 759 3537 dum
769 3489 845 3536 ridere
854 3501 945 3545 terret,

375 3559 495 3607 Exciderat
506 3560 595 3623 puppi,
605 3560 688 3606 media
696 3559 817 3606 demerem
826 3559 850 3604 in
860 3557 943 3604 uadit:

191 3631 263 3686 rides
278 3636 335 3707 ipsa
348 3637 423 3690 Statii
437 3638 535 3701 verba,
553 3656 627 3709 «qua
641 3657 732 3711 puppe
745 3639 870 3709 magister
883 3635 1001 3700 Excidit,
1016 3647 1043 3686 et
1055 3634 1149 3686 mediis
1162 3637 1242 3690 unser

192 3713 322 3785 evigilarit
337 3717 365 3768 in
382 3715 499 3771 undio:-
519 3730 545 3770 et
561 3736 639 3784 nox,
652 3737 690 3772 vs.
705 3718 772 3785 365,
790 3731 851 3770 orat
863 3719 973 3770 AEneam
989 3715 1106 3767 Palinuri
1122 3715 1240 3780 Umbra,

195 3806 261 3847 aaut
271 3809 300 3848 tu
312 3796 376 3849 mihi
387 3809 484 3849 terram
496 3799 590 3868 injice,
601 3815 717 3869 namque
725 3811 817 3870 putee,
829 3811 976 3870 portusque
986 3795 1239 3868 requireVelinos;·

192 3874 239 3926 ubi
256 3875 355 3929 scilicet
375 3895 472 3950 corpur
489 3895 578 3929 meum
595 3878 674 3946 jacet.
695 3879 781 3930 Etiam
798 3877 873 3931 Statii
890 3877 1011 3950 ampliter
1026 3894 1042 3927 a
1056 3876 1169 3946 Virgilio
1187 3889 1241 3938 cst,

192 3973 230 4006 vt.
246 3954 311 4021 353,

380 4027 454 4087 Quae
464 4041 501 4074 tua
512 4043 555 4086 ne,
565 4027 662 4091 tpolirta
672 4031 752 4085 ararit,
761 4045 852 4076 etruria
863 4029 983 4091 magistro,
