2782 4486
396 324 527 391 nrsnl
549 325 724 408 Qururr
749 323 999 389 srnvnnun.
1111 310 1115 319 '
1146 321 1211 412 673
1241 382 1245 391 .

181 468 246 506 outa
262 464 323 504 sunt
334 450 422 523 plnres
436 451 578 516 editiones,
592 464 618 502 et
629 453 698 504 inter
710 463 817 503 curerat
827 449 999 519 Gerartiana)
1014 467 1062 519 pro
1075 450 1148 503 Silua
1160 473 1214 505 aaa

180 545 263 597 rehu,
276 531 435 585 substituens
443 529 516 582 Silva
528 549 582 582 atta
592 543 669 596 tetta,
682 544 708 581 et
717 547 784 583 noto
794 541 943 581 commento
955 527 1090 581 inducens·
1095 533 1213 585 umbram

180 611 285 664 Admeti
296 610 447 681 referentem
457 609 579 662 umbram
588 609 765 680 Phylaceida,
777 611 794 660 i.
805 628 828 660 e.
838 606 990 674 Protesilai,
1003 625 1035 659 ex
1044 611 1144 663 inferis.
1154 616 1216 666 Orn-

180 694 226 746 nia
239 692 319 754 falsa;
333 693 392 744 etsi
404 709 466 743 vera
479 703 582 757 essent,
597 708 703 743 senmm
716 690 797 742 Statio
814 688 924 758 dignum
937 706 990 740 non
1004 689 1152 743 efficientia.
1166 694 1215 744 Ni-

180 771 219 824 hil
231 773 309 843 igitur
320 769 392 823 hunc
404 787 552 829 moramur;
568 787 629 820 ecce
641 772 712 822 enim
724 766 797 820 adest
808 768 942 832 Heinsius,
955 768 1002 838 qui
1013 766 1047 819 ad
1058 770 1133 821 ovid.
1146 773 1215 824 Fast.

180 854 193 904 l
201 891 210 919 ,
225 854 285 920 287,
300 869 349 923 pro
363 849 541 902 «Thessalicis
554 847 680 901 Admetus
691 851 718 900 in
735 849 809 900 ons·
824 846 886 918 legit
902 846 1087 902 «Thessalicas
1101 850 1217 904 Alcestin

181 933 209 981 in
220 947 295 996 oras,
305 951 317 973 ι
330 945 395 979 voce
406 925 520 979 Alcestin
533 924 657 997 absorpta
669 928 696 976 io
709 925 872 997 praecedente
883 924 969 992 alicis,
982 939 1091 996 propter
1103 928 1219 981 similitu·
1280 943 1285 950 “
1325 945 1331 950 ·

181 1007 271 1074 dinem
283 1006 428 1068 literarum
440 1008 516 1076 cujus
527 1007 565 1056 rei
577 1003 658 1058 multa
671 1004 709 1056 ihi
722 1019 748 1057 et
759 1003 884 1075 preclara
896 1019 959 1056 sane
971 1005 1088 1077 atempla
1100 1009 1217 1077 profert:

182 1101 209 1139 et
225 1105 274 1158 pro
288 1083 360 1138 Silva
378 1103 445 1150 urta,
464 1083 499 1136 ad
512 1082 590 1137 Ovid.
604 1082 719 1136 Heroid..
728 1082 803 1148 Xlll,
819 1080 956 1154 35‚1egit,
971 1081 1045 1135 litera
1062 1099 1176 1153 mutata,
1190 1088 1219 1139 Si

96 1208 102 1216 .
183 1167 228 1218 lux
241 1185 307 1231 aaa,
323 1165 449 1236 quoniam
459 1183 525 1216 auru
540 1164 593 1218 dies
607 1163 750 1216 Protesilao
764 1164 919 1234 impetratus
932 1175 985 1227 est,
998 1181 1051 1234 quo
1064 1164 1097 1217 ad
1110 1183 1219 1238 superos

182 1245 292 1310 rediret,
310 1258 432 1297 narrante
450 1243 567 1296 Lucieno
582 1245 609 1294 in
622 1242 739 1314 Dialogis
757 1244 937 1302 Mensorum
951 1255 981 1294 ut
994 1256 1065 1296 totus
1080 1242 1153 1297 locus
1167 1245 1219 1300 hoc

182 1324 263 1378 modo
275 1325 459 1389 constituatur,
476 1325 518 1375 usi
531 1323 696 1376 Thessalicas
708 1323 825 1375 Alcestin
837 1325 866 1375 in
883 1339 957 1388 oras,
974 1322 1003 1375 Si
1020 1323 1064 1375 lua
1073 1343 1132 1378 ‘nna
1150 1339 1220 1380 retro

183 1403 337 1478 Phylaceida
349 1403 451 1455 rettulit
462 1401 591 1453 umbram.
602 1426 614 1450 ι
629 1403 717 1455 Velles
729 1401 784 1454 huc
796 1415 850 1454 tarn
861 1421 922 1454 vera
934 1419 1005 1469 esse,
1017 1421 1096 1474 quam
1108 1417 1169 1457 sunt
1181 1408 1221 1457 ia·

183 1486 291 1556 geniata
306 1495 331 1534 et
344 1484 494 1534 Heinsiana.
507 1483 622 1532 Prmtum
635 1485 719 1547 enirn,
732 1483 780 1533 etsi
794 1479 952 1533 Protesilaus
965 1500 1045 1534 unum
1058 1485 1125 1535 diem
1138 1489 1222 1558 impe-

183 1565 302 1630 traverit,
314 1581 369 1634 quo
380 1581 488 1615 uxorem
501 1560 672 1613 laodaminm
685 1564 821 1629 reviseret,
840 1575 928 1613 umen
946 1581 1026 1632 quum
1042 1562 1109 1616 nihil
1124 1567 1177 1618 tale
1190 1567 1222 1619 de

182 1643 309 1697 Alcestidc
321 1644 450 1696 memoria
461 1642 609 1708 mandetur,
621 1643 677 1694 lieri
689 1661 743 1694 non
751 1655 848 1714 potest,
858 1655 888 1693 ut
896 1641 976 1694 verba
989 1640 1035 1694 lux
1045 1647 1222 1718 utramnque,

184 1724 328 1775 Protesilao
341 1737 367 1774 et
378 1722 517 1788 Alcestidi,
530 1741 560 1774 er
573 1739 649 1793 aquo
663 1724 833 1784 conveniant3
846 1721 917 1793 qnod
928 1733 1017 1773 tamen
1029 1723 1145 1794 postulat
1158 1747 1223 1778 con-

184 1802 306 1868 structio,
327 1797 407 1853 silua
423 1819 477 1852 aaa
493 1800 592 1854 rettulit
608 1798 740 1867 Alcestin,
755 1801 777 1853 si
796 1798 841 1852 lar
857 1819 911 1850 aaa
925 1799 1025 1852 rettulit
1044 1804 1221 1858 Protesilaum.

183 1880 298 1946 Deinde,
311 1882 332 1933 si
343 1881 448 1953 utrique
460 1878 515 1932 haec
528 1878 609 1932 verba
623 1879 670 1931 lux
680 1899 734 1932 aaa
746 1897 819 1951 seque
834 1879 960 1950 applicari
973 1895 1096 1950 possent,
1112 1903 1165 1936 non
1183 1900 1222 1937 ta-

184 1978 245 2012 men
255 1959 549 2027 sensui'satislacerent,
561 1970 655 2031 utpote
668 1977 772 2012 cauum
783 1956 862 2027 hujus
875 1958 969 2012 reditru
978 1976 1034 2008 non
1046 1959 1224 2031 designantia,

185 2038 258 2110 quod
273 2040 373 2092 factum
386 2052 425 2092 est
438 2041 465 2090 in
480 2039 614 2111 prioribus
628 2037 753 2110 exemplis
765 2036 908 2090 descensus
922 2037 1009 2088 AEncar
1025 2051 1050 2090 et
1064 2040 1179 2114 Orphei,
1193 2043 1223 2094 il·

184 2117 234 2171 lius
246 2118 281 2169 ob
291 2131 392 2193 patrem
400 2155 409 2182 ,
423 2117 502 2187 hujus
515 2116 550 2168 ob
566 2134 686 2178 uacum
701 2119 737 2168 ita
751 2118 828 2168 etiarn
841 2119 867 2168 in
879 2115 920 2169 his
934 2116 989 2168 fieri
1001 2121 1133 2188 oportuit,
1148 2121 1225 2174 Alce-

185 2198 259 2250 stidis
266 2199 503 2271 proptermaritum
509 2197 663 2263 Admetum,
673 2196 809 2249 Protesilai
818 2211 928 2269 propter
934 2215 1039 2250 uxorem
1046 2199 1223 2254 Laodamiam.

185 2279 257 2331 Stare
273 2278 353 2348 igitur
368 2295 422 2329 non
439 2290 527 2348 potest
538 2277 668 2343 Alcestin,
683 2290 708 2329 et
723 2277 757 2328 ud
770 2277 882 2330 Umbras
897 2279 992 2330 iterum
1006 2276 1173 2334 detrudendo
1186 2297 1225 2336 est

185 2357 272 2410 herois
286 2360 338 2410 rari
353 2356 472 2428 exempli.
486 2358 562 2410 Latet
573 2356 673 2430 aliquid
684 2357 769 2422 aliud,
782 2357 854 2428 quod
865 2358 1012 2410 Gronovius
1023 2357 1076 2410 hoc
1087 2360 1167 2412 modo
1179 2381 1224 2414 er-

185 2437 274 2510 pedire
287 2451 408 2503 conatur,
421 2438 504 2490 Diatr.
520 2455 578 2508 cap.
594 2439 642 2505 59:
661 2439 705 2488 «si
718 2435 876 2489 Thessalicis
890 2437 1017 2489 Admetus
1028 2439 1055 2488 in
1068 2440 1135 2504 oris,
1146 2441 1173 2492 Si
1187 2441 1227 2494 la·

185 2517 255 2566 sciva
266 2527 335 2566 retro
347 2513 484 2586 Phylaceia
497 2514 597 2566 rettulit
609 2513 749 2575 Umbram3
761 2538 772 2560 ι
788 2533 840 2565 nex
850 2513 922 2565 Silva
936 2533 989 2566 aaa
1002 2515 1126 2580 fecimus,
1138 2520 1225 2588 inquit

185 2597 224 2646 vir
240 2593 422 2657 doctissimus,
439 2594 468 2646 Si
487 2593 597 2658 haina,
614 2611 670 2644 non
683 2610 748 2644 sane
767 2590 877 2644 distorta
896 2595 999 2662 apicum
1018 2597 1179 2662 mutatione,
1197 2613 1225 2651 ct

186 2691 263 2726 sensu
284 2675 411 2742 exigente.
432 2671 576 2741 Phylaceia
592 2683 631 2723 est
644 2674 702 2742 ipsa
720 2670 878 2736 Laodamia,
899 2689 978 2742 quarn
996 2671 1118 2726 luscium
1137 2691 1225 2746 vocat,

186 2754 283 2823 quippe
296 2753 371 2820 cnjus
384 2769 458 2802 amor
470 2763 495 2800 et
507 2749 664 2801 desiderium
677 2749 836 2822 conjugialia
845 2750 940 2822 gaudia
953 2751 1030 2803 nimis
1042 2755 1225 2807 reminisceba-

185 2842 258 2880 tur.»
280 2827 330 2880 Sed
348 2846 398 2880 nee
416 2826 471 2879 hac
489 2838 601 2897 possunt
615 2825 772 2878 subsistere:
793 2828 891 2899 quippe
909 2829 1035 2882 Admetus
1053 2850 1107 2882 non
1126 2835 1226 2887 rettulit

185 2905 307 2959 umbram
319 2906 408 2957 risoris
420 2904 574 2970 Alcestidis,
586 2904 632 2956 sed
645 2906 701 2975 ipse
714 2903 747 2956 ab
760 2924 790 2957 ea
803 2905 963 2976 referebatur,
977 2927 1058 2979 quum
1070 2930 1100 2962 ea
1112 2913 1225 2983 seipsam

185 2987 350 3051 interfecerit,
363 2997 392 3035 ut
403 2982 446 3035 ille
458 2982 492 3034 ad
504 2985 616 3036 vitamet
628 3001 738 3054 superos
751 2987 931 3038 remitteretur.
946 2987 1049 3040 Deinde
1060 2990 1119 3042 vide
1130 2993 1224 3044 verba:

189 3066 336 3118 ehdmetus
350 3063 507 3116 Thessalicis
520 3065 549 3115 in
563 3065 615 3114 oris
627 3062 727 3115 rettulit
741 3064 896 3126 umbram»
911 3065 974 3137 quid
987 3067 1022 3119 ad
1033 3088 1102 3135 rem,
1118 3091 1170 3144 qua
1183 3091 1223 3123 rc·

183 3149 261 3221 piane
275 3143 301 3196 id
315 3145 407 3197 iecerit
419 3143 561 3210 Admetus,
579 3143 658 3195 modo
670 3144 778 3196 fecerit?
789 3146 850 3196 satis
862 3146 954 3198 fuisset
969 3143 1077 3216 dixisse,
1091 3149 1118 3200 Si
1130 3150 1224 3204 Adme-

186 3239 242 3290 tus,
266 3227 288 3274 si
304 3222 448 3275 Laodamia
464 3222 584 3274 umbram
601 3222 715 3290 rettulit,
734 3241 781 3274 cur
797 3241 853 3274 non
869 3223 933 3275 mihi
951 3222 1022 3276 idem
1041 3225 1137 3278 liceat?
1156 3229 1225 3284 locus

186 3293 274 3374 inepta
284 3316 310 3354 et
320 3301 450 3372 superflua
461 3303 658 3354 circumstantia
667 3315 721 3369 est,
732 3320 812 3372 quum
826 3301 890 3353 nihil
904 3305 991 3353 sensui
1000 3302 1093 3368 addat;
1105 3318 1135 3357 ut
1146 3311 1223 3360 mirer

185 3381 347 3434 Gronosinm
362 3399 416 3432 non
430 3379 524 3432 vidisse
542 3379 648 3430 obrimn
660 3379 727 3446 hoc,
744 3382 787 3431 ·si
800 3377 963 3432 Thessalicas
981 3380 1107 3434 Admetus
1120 3385 1147 3435 in
1162 3405 1223 3437 oras

187 3461 286 3512 rettulit
296 3461 429 3514 Umbram.
440 3484 451 3506 n
466 3463 498 3510 Et
510 3479 573 3512 sane
585 3461 689 3530 scripsit
700 3460 795 3512 Statius
808 3457 964 3511 Thessalicas
974 3461 1001 3510 in
1012 3479 1080 3524 οπως
1093 3476 1119 3513 et
1129 3463 1162 3514 ab
1172 3463 1223 3518 hoc

187 3544 292 3592 intento
307 3543 498 3592 restitutionem
514 3539 594 3610 hujus
613 3540 664 3590 loci
683 3539 854 3610 auspicabar;
873 3541 948 3609 cujus
967 3542 1139 3594 restitutionis
1157 3564 1223 3615 pro-

187 3637 305 3688 gressum
313 3617 383 3669 ride:
395 3637 475 3688 (ptum
485 3633 577 3670 notum
587 3619 620 3668 eit
626 3618 765 3670 Admetum
774 3637 804 3670 ex
811 3619 902 3670 inieris
911 3619 944 3670 ab
951 3618 1082 3672 Alcestide
1093 3623 1223 3674 reducum

188 3717 261 3762 esse,
275 3716 328 3748 non
341 3696 411 3747 illarn
423 3697 456 3749 ab
469 3698 528 3763 illo,
540 3711 613 3769 patet
624 3695 764 3767 legendum
777 3717 846 3750 esse:
864 3701 907 3749 ·si
918 3697 1079 3752 Thessalicas
1091 3701 1222 3753 Admeton

189 3780 217 3828 in
232 3795 292 3827 oras
307 3774 447 3828 Rettulit.»
463 3778 588 3848 Qaoenam
604 3794 668 3827 vero
682 3775 782 3827 rettulit
795 3776 951 3828 Admeutm?
960 3795 1033 3845 uxor,
1048 3776 1170 3830 Alcestis.-
1183 3793 1224 3830 at-

191 3857 235 3926 qui
246 3853 318 3906 nulla
330 3859 357 3907 in
368 3855 420 3906 hoc
432 3856 492 3907 loco
504 3856 544 3906 rel
559 3855 642 3906 uxoris
653 3853 694 3906 vel
708 3853 840 3908 Alcestidis
853 3857 973 3926 vestigia;
989 3873 1133 3927 queramus
1145 3857 1224 3927 igitur

191 3954 286 4006 porro,
304 3953 422 4004 qaenam
442 3935 542 3988 rettulit
560 3936 676 3986 umbram
695 3934 870 4006 Phylaceida,·
888 3953 932 3987 seu
952 3934 1138 3987 Protesilaum.-
1153 3934 1225 3986 hunc

283 4025 310 4086 ι.
1044 4025 1083 4106 43
