2858 4492
185 287 249 354 292
433 269 467 328 r.
492 269 528 329 r.
554 266 706 332 suurn
731 264 973 332 srnvinun

228 396 270 459 Et
280 406 369 460 tutas
381 393 462 459 sinit
472 394 521 460 ire
532 393 639 474 feras;
652 393 829 485 omnisque
839 391 970 485 pudicis

228 503 310 571 Itala
323 519 411 570 terra
423 502 506 570 iocis
519 505 693 570 Hecateias
705 500 828 570 excolit
838 500 926 570 idus.
1192 519 1226 572 60

158 619 163 626 ’
272 623 332 684 Ast
342 640 418 709 ego,
431 615 607 684 Dardaniae
619 618 772 709 quamvis
784 613 847 682 sub
860 614 1002 684 collibus
1014 613 1109 686 tlhae

224 732 294 794 Rus
305 729 498 820 proprium,
511 729 692 820 magnique
703 724 799 793 ducis
812 724 895 793 mibi
906 749 1048 794 munere
1060 751 1200 796 currens

225 836 324 905 Unda
335 836 444 921 dorni,
457 860 556 904 curas
568 834 717 903 mulcere
730 849 901 929 aestusque
913 832 1026 904 levare

224 949 543 1034 Sufficerent3notas
555 952 710 1018 Sirenum
722 949 860 1014 nomine
871 971 989 1042 rupee,

223 1060 554 1156 Facundiquelarem
566 1058 651 1128 Polli
662 1083 732 1126 nou
744 1057 867 1152 hospes
880 1059 1063 1141 habebam,
1186 1075 1222 1127 65

221 1171 363 1240 Assidue
374 1195 553 1267 moresque
564 1173 625 1240 viri
637 1193 824 1266 pacemque
835 1195 1009 1266 novosque

220 1280 389 1349 Pieridum
400 1280 518 1361 flores,
530 1283 723 1375 intactaque
736 1282 885 1360 carmina
896 1279 1039 1350 discens.

266 1397 364 1459 Forte
376 1390 463 1459 diem
477 1392 599 1476 Triviae
611 1391 692 1458 dum
705 1387 802 1457 litore
814 1388 969 1458 ducimus
982 1390 1068 1474 udo,

219 1508 453 1598 Angustasque
465 1505 554 1572 fores
569 1519 772 1596 assuetaque
784 1517 871 1570 tecta
884 1505 1010 1594 gravati

218 1615 407 1683 Fraudibus
420 1630 453 1684 et
466 1613 584 1709 patula
595 1612 809 1682 defendimus
821 1612 940 1680 arbore
953 1612 1058 1696 soles,
1185 1645 1220 1698 7⁰

218 1731 355 1800 Delituit
366 1732 505 1814 eaelum,
519 1747 552 1799 et
563 1727 681 1798 subitis
694 1727 753 1795 lux
764 1724 909 1794 candida
920 1727 1019 1793 cessit

218 1841 385 1923 Nubibus,
398 1857 431 1908 et
443 1843 554 1909 tenuis
567 1841 719 1933 graviore
731 1838 899 1904 Favonius
911 1841 1033 1903 Austro

218 1951 415 2037 immaduit3
429 1951 565 2046 qualern
577 1953 691 2044 Libyae
702 1951 858 2017 Saturnia
870 1945 1024 2015 nimbum

215 2061 351 2146 Attulit,
366 2063 468 2130 Iliaco
479 2063 562 2130 dum
574 2063 669 2131 dives
681 2061 790 2129 Elissa
800 2062 922 2128 marito

214 2175 381 2252 Debetur,
396 2188 565 2267 testesque
578 2171 711 2240 ululant
723 2195 783 2266 per
795 2171 891 2239 devia
903 2169 1079 2264 Nympbae.
1180 2185 1214 2255 7⁵

212 2283 433 2375 Diffugimus3
446 2283 615 2379 festasque
630 2285 749 2377 dapes,
764 2283 985 2378 redimitaque
996 2286 1074 2351 vina

215 2391 393 2486 Abripiunt
404 2394 617 2464 famuliznec
629 2420 698 2490 quo
710 2397 864 2463 convivia
874 2396 1036 2486 migrent,

215 2508 393 2592 (Quamvis
404 2509 591 2574 innumerae
603 2505 783 2598 gaudentia
794 2529 874 2572 rura
886 2528 1032 2597 superne

215 2613 371 2684 insedere
383 2615 522 2698 domus,
535 2632 568 2684 et
580 2613 688 2683 multo
701 2612 848 2682 culmine
860 2612 952 2681 dives

215 2729 314 2793 Mons
326 2729 427 2810 uitet)
440 2728 603 2795 instantes
616 2726 677 2796 sed
688 2729 843 2819 proxima
853 2748 1008 2820 quaerere
1016 2728 1120 2796 nimbi
1180 2745 1217 2796 80

214 2835 422 2920 Suadebant,
435 2835 574 2933 laesique
586 2836 669 2905 fides
682 2835 831 2905 reditura
842 2839 961 2904 sereni.

261 2946 376 3016 Stabat
386 2946 475 3015 dicta
487 2951 589 3016 sacris
602 2952 712 3016 tenuis
724 2971 819 3029 casa,
833 2948 970 3014 nomine
982 2945 1115 3038 templi;

203 3189 246 3243 65.
265 3191 407 3244 Habebam.
429 3193 471 3245 sic
486 3192 527 3244 ed.
542 3194 625 3263 princ.
643 3206 669 3244 et
751 3209 793 3262 77.
812 3193 841 3242 ln
853 3193 940 3242 Parm.
952 3201 980 3241 et
991 3191 1066 3240 Rom.
1078 3187 1152 3242 deest
1162 3207 1220 3244 vox

167 3269 228 3322 eod.
247 3273 327 3323 Paris.
347 3273 392 3342 qui
410 3269 446 3322 ad
464 3273 610 3342 marginem
622 3269 670 3324 ha·
713 3289 781 3343 que,
800 3268 866 3321 elisa
882 3287 897 3320 a
917 3267 1086 3321 similitudine
1103 3286 1221 3340 sequen·

168 3348 214 3400 bet
226 3348 339 3401 adibam.
359 3352 391 3400 A.
713 3352 746 3402 tis
760 3369 798 3402 co.

202 3427 245 3498 69.
265 3427 531 3501 Augustusquefores.
547 3428 613 3481 cod.
624 3434 669 3484 Pa·
749 3427 791 3498 78·
810 3428 862 3478 Pro
876 3443 999 3499 erperae,
1015 3425 1058 3479 ed·
1074 3429 1156 3497 princ.
1172 3445 1222 3480 nt-

167 3507 211 3557 ris.
225 3525 241 3557 a
253 3524 335 3558 manu
345 3509 443 3577 prima,
456 3517 590 3582 anqustau
602 3529 619 3562 a
628 3529 667 3563 se·
701 3574 704 3579 Ι
710 3525 806 3579 perna.
825 3505 857 3555 Δ.

167 3585 270 3652 cunda,
284 3597 412 3659 augustas.
432 3588 496 3640 Mox
510 3607 666 3661 qravamus,
748 3589 790 3640 82.
800 3587 891 3639 Stabat
900 3587 970 3640 dieta
978 3587 1044 3638 tueri
1054 3587 1221 3657 tenuiseau,

167 3679 192 3717 ot
204 3665 238 3717 ad
252 3682 335 3736 marg.
348 3665 460 3735 gravati.
473 3665 543 3717 Edit.
558 3685 599 3738 pr.
613 3667 668 3720 Aa·
712 3669 819 3722 nomine
835 3664 935 3739 templi.
949 3664 1046 3719 Nullus
1059 3667 1086 3716 iu
1101 3664 1143 3718 bis
1158 3685 1226 3720 sen-

164 3754 299 3817 qiman..
317 3760 468 3816 qravamus‚·
483 3757 509 3795 et
520 3755 604 3797 arata
617 3763 666 3816 pro
711 3767 769 3802 sus:
782 3748 856 3822 lege,
873 3747 990 3801 ustabat
999 3745 1070 3800 dicta
1084 3749 1163 3799 ueris
1175 3760 1225 3802 te-

166 3833 272 3875 asnaeta.
285 3818 353 3873 Vide
366 3833 423 3872 not.
442 3825 473 3874 A.
710 3831 770 3881 auis
782 3846 875 3890 eatan
888 3827 957 3880 dicta
968 3826 1058 3894 saetis,
1070 3823 1098 3877 id
1109 3839 1163 3893 est,
1178 3845 1227 3881 re-

202 3921 244 3973 7¹·
264 3905 313 3954 Pro
329 3901 389 3968 lux,
404 3905 487 3960 Rarm.
502 3903 583 3956 babet
596 3923 664 3958 nox:
709 3907 754 3960 bas
763 3908 839 3959 sacris
849 3905 953 3958 dicata.-
970 3904 1054 3957 dicere
1068 3908 1224 3977 proprium

165 3995 191 4032 et
201 4001 276 4035 versu
288 4001 318 4052 7²
330 3993 396 4035 astra
405 4003 455 4055 pro
465 3984 567 4036 Austro.
710 3981 956 4038 consecrationibus
964 3982 1074 4035 verbum
1087 4005 1094 4034 ι
1106 3983 1227 4040 θοι-νίας
