2824 4488
284 307 392 405 uos.
415 340 465 405 ru
485 338 636 404 srtsr.
658 341 692 402 P.
714 342 750 404 P.
773 341 898 406 susc.
920 343 983 408 tn
1001 344 1144 412 usuc.
1171 351 1237 438 409

192 464 317 539 dignetur
327 464 484 533 Octsvium,
497 477 543 516 eut
555 481 647 516 umore
659 463 807 537 Cleopatrae
819 464 942 519 desciscit
955 469 983 518 in
998 485 1103 540 regem:
1115 490 1178 524 nem
1189 471 1238 525 sii-

191 559 233 599 ter
249 545 336 599 salvus
351 562 409 598 esse
423 563 476 596 non
493 545 597 616 potuit,
615 546 666 596 nisi
680 545 844 616 confugisset
858 545 893 598 ad
909 549 1067 601 servitutem.
1079 573 1091 598 ι
1104 553 1145 604 its
1154 550 1238 605 edidit

192 624 359 678 doctissimus
371 623 510 688 Dukerus,
521 626 550 676 in
561 622 647 676 nitide
659 624 775 678 editione
786 625 869 698 Lugd.
883 629 938 678 But.
956 644 1031 696 ¹7²²·
1043 628 1238 684 Freinshemius
1295 632 1302 647 '

192 723 317 758 maneum
328 704 417 756 locum
429 717 521 776 putet,
535 718 561 756 et
573 717 689 776 quatuor
697 704 777 758 verbs
788 708 894 770 inserit3
908 707 1024 760 Graevius
1037 711 1107 779 ejicit
1119 729 1196 774 nami
1212 726 1238 767 et

192 787 229 838 ite
242 785 348 857 Lipsius
365 797 392 837 et
403 771 561 837 bronurius.
576 785 654 837 Anus
666 785 745 838 Fehri
758 804 808 859 pro
822 805 886 838 nam
900 785 963 860 legit
976 806 1004 860 p.
1023 807 1088 841 rom.
1104 793 1238 863 Repertus

193 878 221 918 et
232 864 365 917 Boeclerus
378 883 438 918 cum
450 861 630 917 Freinshemio
644 867 780 928 sentiunt;
796 865 955 933 Salmasius,
969 866 1083 939 Rychius
1095 880 1121 920 et
1134 870 1239 922 Perizo-

192 945 252 996 nius
263 943 353 997 delcnt
367 952 443 1006 nom,
458 956 485 996 et
496 942 551 994 huc
562 942 714 1016 propendet
725 946 781 1016 ipse
794 943 828 995 ci.
842 943 973 997 Dukerus.
988 945 1069 999 Vides
1082 950 1174 1019 quenti
1187 945 1238 1001 dit-

194 1037 252 1076 otus
264 1027 292 1076 in
306 1023 359 1076 hoc
371 1023 484 1097 simpulo
496 1024 660 1087 excitentur;
675 1023 753 1078 simul
766 1022 825 1076 vide
840 1041 919 1098 quem
932 1025 1011 1078 facilc
1022 1028 1056 1079 sit
1066 1026 1116 1080 hos
1130 1027 1238 1082 sedere:

197 1103 280 1156 ndum
298 1103 431 1156 Antonius
448 1105 535 1156 verim
553 1104 676 1175 ingenio,
695 1118 742 1156 sut
759 1121 941 1158 successorem
955 1106 1066 1160 Caeseris
1085 1108 1240 1181 indignetur

193 1184 513 1249 oecumenicarum
525 1182 668 1255 Cleopatra
686 1183 810 1237 desciscit
828 1186 856 1236 in
872 1203 959 1255 regem
969 1222 977 1251 ,
989 1188 1044 1256 jem
1063 1186 1139 1240 aliter
1151 1187 1239 1242 salvus

194 1281 318 1316 essenon
334 1265 422 1335 potuit
434 1265 483 1316 nisi
495 1263 658 1336 confugisset
673 1263 706 1316 ad
718 1265 878 1318 servitutem.
891 1286 902 1311 ι
916 1267 1004 1318 Perse
1018 1278 1091 1338 patet
1099 1289 1105 1318 :
1113 1269 1174 1338 jam
1186 1266 1239 1319 sal·

194 1363 238 1397 ores
246 1361 296 1397 esse
308 1362 361 1396 non
371 1345 472 1415 potuit,
484 1343 540 1397 soii.
554 1345 617 1416 Pop.
628 1345 772 1412 Romanus,
786 1345 819 1398 eb
829 1346 905 1399 initio
916 1347 1051 1400 sententie
1063 1346 1237 1419 repetendus;

195 1436 224 1476 ut
234 1424 303 1478 bens
314 1424 379 1477 vidit
389 1426 516 1478 Cresius.
543 1454 545 1462 ν

230 1583 274 1635 31.
292 1584 416 1637 Exeruere
424 1594 511 1637 autem
516 1587 591 1659 jocos
601 1602 655 1639 non
667 1584 745 1638 licet?
756 1585 794 1638 sic
804 1597 911 1652 secreto,
926 1587 1021 1658 inquit.
1036 1589 1066 1638 In
1079 1587 1169 1658 priore
1180 1603 1239 1640 sen·
1277 1613 1294 1624 —

139 1699 142 1708 »
195 1665 282 1716 tentie
293 1677 369 1735 perte
384 1663 502 1736 loquitur
515 1666 627 1728 Statius3
641 1667 669 1716 in
682 1665 830 1738 posteriore
844 1665 989 1735 respondet
1002 1664 1127 1732 Maevius,
1140 1664 1183 1717 vel
1194 1666 1239 1718 Ti·

195 1743 262 1811 tius,
274 1743 316 1797 vel
328 1761 513 1816 quemcunque
526 1744 606 1798 alium
617 1743 690 1797 velis.
702 1747 752 1797 Pro
764 1745 801 1796 st'o
810 1742 956 1814 legendum,
964 1757 1004 1797 est
1015 1745 1055 1796 si.-
1067 1743 1149 1794 immo
1161 1743 1238 1810 licet,

193 1824 279 1894 inquit
290 1824 455 1878 adversarius
461 1863 471 1892 ,
483 1824 564 1876 modo
576 1822 605 1876 id
616 1836 718 1876 secreto
731 1821 791 1876 fist:
808 1841 857 1874 cur
868 1825 938 1875 enim
950 1839 993 1875 res
1005 1820 1119 1874 ludicras
1131 1835 1157 1874 et
1167 1823 1239 1876 leves

194 1901 252 1955 orbi
264 1903 420 1958 exhiberes?
433 1905 527 1977 Atqui,
538 1905 626 1976 pergit
636 1903 750 1971 Statius,
762 1902 887 1957 refellens
897 1902 968 1962 hanc
979 1902 1172 1972 objectionem,
1182 1922 1239 1956 non
1318 1921 1328 1928 ·

193 1981 277 2053 pudet
287 2001 338 2036 noe
349 1985 376 2036 in
389 1983 499 2055 publico
514 1997 634 2056 spectare
649 1985 729 2036 ctiam
741 1982 889 2036 levissimos
900 1981 984 2036 lusus.
1254 1991 1263 2002 '

228 2141 272 2196 35.
291 2144 327 2195 In
339 2162 452 2212 summa,
467 2162 559 2218 nempe
570 2164 617 2220 eqo
630 2163 687 2198 tum
698 2143 747 2219 qui
758 2143 892 2196 traducor:
911 2153 1010 2209 taceat,
1027 2151 1053 2193 et
1063 2142 1185 2217 pendeat.
1200 2143 1239 2194 its

194 2219 318 2288 distinxi,
335 2235 360 2274 et
374 2223 412 2274 sic
427 2223 603 2294 interpretor;
619 2225 751 2296 Denique,
765 2223 787 2276 si
800 2221 1008 2293 reprehensione
1020 2221 1116 2292 dignus
1128 2239 1188 2273 sum
1202 2220 1238 2273 ob
1261 2217 1263 2220 ’

193 2300 248 2354 hoc
262 2299 412 2372 detegentis
425 2304 593 2374 scriptionis,
608 2303 736 2376 quidhoc
748 2302 781 2356 ed
795 2303 889 2355 illum?
900 2320 982 2375 quum
994 2321 1040 2376 epo
1051 2303 1113 2369 dm,
1128 2303 1174 2374 qui
1185 2314 1239 2354 tra-

194 2379 282 2443 ducor,
296 2399 349 2434 non
363 2379 422 2444 ille;
438 2401 520 2453 quum
530 2382 584 2454 hoc
597 2383 717 2455 periculo
730 2401 789 2436 meo
801 2383 863 2448 fiat,
878 2401 932 2435 non
942 2382 1028 2445 iliius3
1041 2383 1130 2454 itaque
1141 2379 1186 2433 iile
1199 2391 1239 2433 tu·

193 2474 262 2528 cest,
278 2474 372 2534 utpote
386 2465 414 2515 in
428 2482 457 2516 re
473 2482 530 2534 quer
544 2464 579 2517 sd
589 2479 654 2516 ¹eutn
667 2467 773 2517 minime
786 2466 934 2535 pertineat5
947 2474 973 2516 et
986 2463 1101 2538 qaudeat
1114 2481 1174 2514 meo
1190 2459 1240 2514 de-

195 2540 308 2611 decore,
322 2544 345 2596 si
360 2545 396 2594 ite
412 2541 482 2595 telis.
500 2545 549 2595 Hic
563 2556 603 2596 est
619 2563 711 2597 sensus
724 2543 805 2615 hujus
820 2544 881 2596 ioci.
896 2545 931 2594 In
943 2561 1045 2596 summa
1061 2555 1100 2594 est
1113 2540 1225 2612 denique
1229 2560 1240 2601 ‚·

194 2619 333 2688 Manilius,
347 2621 395 2687 lv,
411 2621 507 2675 situlis
521 2624 548 2674 in
562 2639 681 2689 summu,
695 2641 775 2693 quem
789 2640 878 2674 terum
889 2622 1001 2673 maxime
1015 2623 1099 2674 Roma
1110 2622 1240 2691 imposuit

195 2701 284 2765 terris,
300 2713 351 2751 otc.
361 2723 373 2747 ι
388 2698 546 2770 Calpurnius
560 2700 687 2766 Flaccus,
700 2698 817 2752 Decium.
832 2699 886 2766 x1‚
900 2717 928 2769 p.
946 2698 998 2752 805
1013 2698 1075 2752 edit.
1095 2701 1237 2750 Burmann.

199 2781 248 2831 sin
259 2796 377 2848 summe,
388 2779 535 2851 pernicies,
546 2779 587 2832 vel
598 2776 667 2831 velle
679 2776 765 2830 adme
778 2775 880 2843 redire,
891 2775 934 2828 vel
946 2776 1026 2831 nolle.
1038 2801 1049 2826 ι
1064 2776 1131 2829 Vide
1141 2778 1237 2831 dustin.

195 2857 320 2926 XXXVI,
338 2875 360 2910 ι.

231 3017 274 3086 37.
292 3017 343 3084 Es,
354 3017 376 3070 si
390 3016 497 3084 videtur,
515 3015 654 3070 docuntur
671 3017 711 3069 sin
723 3014 822 3083 minus,
835 3015 1056 3088 reprehendemur.
1072 3013 1169 3068 sensus
1183 3026 1238 3066 ests

196 3097 244 3161 Et,
258 3099 281 3150 si
290 3099 327 3149 ite
340 3096 390 3149 tihi
401 3097 536 3164 videbitur,
549 3096 688 3164 hacteuus,
705 3112 755 3147 nec
769 3094 853 3162 ultra,
867 3093 1020 3166 hujusmodi
1034 3096 1132 3166 scripte
1145 3092 1238 3146 edsmt

195 3175 235 3229 sin
246 3177 345 3246 minus,
358 3177 386 3229 id
397 3190 450 3244 est,
465 3175 612 3230 sivoiueris
623 3196 666 3229 me
676 3193 802 3249 pergere,
818 3175 1037 3246 reprehendamur
1050 3173 1103 3247 (its
1119 3175 1188 3228 enim
1199 3173 1240 3225 le-

195 3255 327 3326 gendum,
341 3276 397 3310 non
412 3257 653 3330 reprehendemur),
670 3275 726 3309 non
740 3275 790 3328 ego
801 3255 905 3309 invidos
921 3269 947 3308 et
960 3254 1105 3308 malevolos
1119 3252 1235 3316 cureh03

196 3335 406 3407 reprehendent,
421 3339 443 3391 si
453 3336 551 3402 velint3
565 3355 614 3409 ego
628 3355 745 3410 pergem.
756 3335 823 3389 Vide
834 3337 934 3390 Proefet.
946 3333 993 3388 lih.
1006 3335 1029 3386 il
1043 3333 1078 3388 sd
1091 3333 1178 3386 finem.
