2844 4484
190 301 254 368 588
349 301 485 368 NOTAE
509 301 559 363 IN
583 299 782 364 CARMEN
807 299 1071 366 SECUNDUM

372 425 459 486 Vulgus
468 422 642 487 Adyrmachidae
651 423 751 486 pariter,
762 439 819 484 gens
828 422 905 470 treola
915 425 979 482 Nili,

372 499 477 558 Corpora
486 496 516 542 ab
525 495 650 542 immodico
659 509 753 542 venans
762 497 876 558 nigrantia
886 496 989 554 Pboebo;

186 599 311 663 Ovidius,
324 598 380 648 Art.
393 598 451 649 Am.
465 599 491 663 l,
505 596 573 666 723,

372 703 488 750 Candidus
497 705 521 748 iu
531 714 603 750 nauta
611 703 686 765 turpis
695 700 772 748 color:
783 703 883 766 equoris
893 702 956 750 nuda

403 774 492 852 Debet,
504 787 527 820 et
535 789 549 820 a
558 773 628 820 radiis
637 773 731 832 sideris,
741 788 790 820 este
800 775 874 836 niger.

187 866 259 936 Quid
276 867 417 922 dicemus?
436 884 481 922 aut
496 888 550 941 quc
565 881 644 940 pacto
660 869 861 922 conciliabimus
881 869 939 922 brec
952 889 1013 923 cum
1027 889 1108 924 sensu
1121 885 1149 926 et
1161 894 1236 930 more

188 949 300 1003 aliorum
314 953 472 1002 auctorum?
490 951 635 1002 Parmensis
658 969 764 1022 quoque
786 963 866 1020 auget
886 950 1081 1022 depravationis
1099 955 1236 1025 suspiciu-

187 1048 264 1090 uem;
276 1027 321 1080 illa
333 1031 402 1081 enim
413 1048 462 1099 pro
472 1029 541 1100 fesso
553 1027 731 1100 bubetfesurs.
743 1029 880 1098 Conjicio,
896 1053 907 1077 a
918 1044 1086 1102 quantusque
1094 1047 1235 1086 vacantem

187 1107 324 1160 Fluctibus
345 1107 479 1176 occiduis,
500 1127 654 1181 cassamque
676 1110 828 1180 Hyperione
846 1107 950 1161 Thulen
968 1111 1115 1172 intrarit„
1136 1131 1234 1166 cosmae

186 1187 352 1258 Hyperione,
366 1187 392 1239 id
405 1201 459 1256 est,
473 1188 607 1240 viduatam
619 1186 687 1256 sole,
703 1190 756 1240 sine
767 1187 837 1255 soie,
852 1203 882 1240 ut
894 1188 964 1259 apud
975 1191 1047 1260 Vir-g.
1061 1191 1120 1242 AEn.
1130 1191 1169 1260 H,
1181 1191 1232 1246 85:

190 1284 280 1317 suune
290 1285 393 1330 cassum
408 1267 508 1320 lumine
523 1267 653 1339 lugent;·
672 1281 697 1320 et
709 1268 770 1320 alibi
782 1270 892 1339 passiva.
910 1269 987 1321 Potes
1001 1271 1081 1321 etiam
1094 1271 1233 1345 refugoque

186 1345 336 1418 Hyperione
349 1367 397 1418 pro
404 1348 488 1419 fesso,
502 1367 532 1400 ex
543 1346 604 1398 loco
615 1346 699 1400 Theb.
713 1349 754 1411 ll,
766 1346 833 1414 dar,
846 1347 908 1399 huic
919 1367 975 1400 non
984 1347 1114 1414 absimili,
1128 1373 1140 1395 ι
1149 1353 1233 1402 Bisto-

187 1443 250 1492 nas,
268 1438 315 1476 aut
332 1426 425 1497 refugo
445 1426 575 1498 pallentes
594 1426 649 1479 sole
669 1426 825 1492 Gelonos52
850 1426 897 1480 ubi
913 1426 1041 1498 pallentes
1059 1428 1151 1500 refugo
1163 1428 1232 1497 sole,

186 1522 262 1574 psene
278 1519 305 1556 ut
319 1503 363 1558 bie
377 1507 523 1582 nigrantem
532 1507 601 1579 fesso
614 1508 781 1579 Hyperione;
801 1507 863 1558 licet
878 1507 966 1580 aliqua
979 1506 1086 1578 quidem
1106 1511 1138 1560 sit
1152 1507 1232 1560 diffe-

186 1585 278 1635 rentia.
293 1588 322 1636 ln
332 1597 405 1639 tanta
415 1586 577 1640 obscuritate
589 1602 712 1658 praestare
723 1602 789 1659 puto
799 1587 889 1640 locum
901 1587 1047 1660 relinquero
1059 1588 1232 1659 quemadmo-

187 1661 249 1714 dum
261 1667 356 1718 inveni.
373 1666 498 1720 «Thulen
513 1669 582 1720 fesso
595 1669 782 1740 Hyperione,s
798 1681 829 1719 ut
846 1690 856 1714 ι
868 1667 963 1720 domus
977 1669 1050 1720 sanie
1064 1667 1231 1742 dapibusque

188 1745 304 1796 cruentis
315 1769 326 1792 ι
339 1745 464 1817 Virgilio,
476 1745 576 1799 AEneid.
588 1749 637 1816 ill,
649 1747 715 1810 618;
728 1758 753 1798 et
765 1745 858 1799 similia
869 1749 977 1817 passim.

223 1904 264 1958 58.
286 1907 345 1960 Tibi
361 1906 425 1961 teliu
438 1913 529 1981 pronis
539 1909 663 1976 Auribus,
681 1911 735 1964 brec
750 1921 848 1963 certent
863 1910 910 1962 tibi
925 1909 1066 1964 conciliare
1079 1912 1230 1984 propinqui.

186 1984 281 2039 Nullus
297 1988 325 2038 in
340 1987 381 2041 bis
398 2008 506 2052 sensus;
523 1991 581 2044 vide
598 1993 668 2042 enim
684 1993 927 2044 constructionem:
947 1993 1114 2062 «propinqui
1130 2003 1231 2043 certent

186 2066 329 2118 conciliare
344 2069 404 2122 talia
418 2071 466 2122 tibi
480 2074 571 2143 pronis
586 2073 728 2138 auribus,»
746 2085 847 2124 certent
862 2071 1004 2125 conciliare
1019 2073 1066 2124 tibi
1080 2072 1141 2126 brac.
1151 2072 1231 2124 Vides

188 2165 265 2216 quam
280 2147 391 2204 ridiculo
406 2155 433 2204 in
446 2153 547 2206 circulo
559 2153 614 2206 hac
626 2154 771 2207 volvantur.
784 2156 862 2206 Mitto
875 2155 948 2227 quod
961 2155 1106 2227 propinqui
1117 2157 1231 2226 Crispini

186 2223 363 2280 admonemur
374 2231 515 2284 conciliare
527 2232 566 2284 illi
576 2233 638 2284 talia
648 2234 738 2305 pronis
750 2233 859 2286 auribus.
873 2233 964 2300 Quid?
976 2252 1045 2286 anne
1059 2234 1153 2286 damus
1165 2253 1230 2306 prae-

186 2317 262 2375 cepta
278 2309 397 2362 auribus?
407 2329 496 2364 nonne
511 2330 554 2364 ore
570 2325 597 2364 et
611 2331 728 2367 sermone
739 2313 780 2365 vel
795 2313 913 2384 scriptis?
928 2331 1017 2366 nonne
1028 2313 1079 2365 boc
1092 2329 1130 2366 est
1142 2333 1231 2365 rerum

185 2383 272 2438 officia
292 2389 436 2458 invertere,
458 2405 483 2443 ct
504 2394 608 2444 auribus
628 2393 775 2466 loquentem
797 2393 981 2460 introducere,
1001 2411 1043 2446 ore
1061 2392 1230 2444 audientem?

184 2465 264 2537 Atqui
276 2469 390 2542 Crispini
400 2473 468 2539 luit,
482 2490 536 2524 non
549 2475 777 2545 propinquorum,
790 2473 880 2526 audire
891 2476 941 2525 ista
951 2474 1039 2546 pronis
1049 2473 1155 2524 auribus.
1168 2473 1229 2524 iam

184 2548 279 2600 veritas
291 2551 317 2601 in
331 2553 451 2622 proximo
462 2567 516 2620 est,
528 2555 601 2606 «bite
613 2553 675 2606 talia
687 2557 778 2626 pronis
787 2553 916 2617 Auribus;
928 2553 983 2605 brec
995 2565 1094 2604 certent
1104 2551 1152 2603 tibi
1164 2569 1229 2602 con·

184 2625 273 2680 ciliare
282 2633 427 2704 propinqui
436 2655 462 2685 :a
477 2633 556 2684 bibere
565 2633 668 2686 nuribus
677 2648 741 2686 uota
751 2633 868 2705 phrasis3
880 2635 972 2684 Horat.
983 2650 1064 2684 carm.
1075 2632 1111 2696 ll,
1125 2631 1228 2697 13,ba:

187 2726 198 2750 e
209 2708 326 2762 Densum
336 2711 451 2766 humoris
462 2714 523 2764 bibit
532 2731 594 2765 aure
603 2711 731 2783 rulgus3v
744 2714 851 2779 Noster,
860 2711 955 2764 achill.
965 2713 1004 2779 ll,
1019 2727 1080 2781 119,
1092 2709 1231 2782 eddspicit

184 2787 316 2842 intentum
324 2793 449 2864 vigilique
456 2793 513 2846 base
521 2813 583 2846 aure
593 2793 718 2846 bibentem
725 2815 734 2856 ;
742 2817 754 2841 ι
764 2793 818 2846 sid.
827 2792 915 2863 Apoll.
924 2793 996 2859 XVI,
1007 2791 1070 2856 126,
1080 2793 1229 2862 eExposite

184 2863 249 2936 legis
262 2868 331 2922 bibat
343 2871 449 2925 auribus
461 2885 491 2924 ut
502 2872 692 2934 medicinam·
706 2869 783 2924 Ovid.
793 2872 872 2922 Trict.
888 2871 936 2936 lli,
952 2869 986 2936 5,
1002 2869 1034 2922 13
1044 2883 1070 2920 et
1082 2887 1152 2941 seq,

368 2977 395 3021 Et
404 2976 509 3023 lacrimas
518 2992 615 3024 cernens
625 2977 649 3022 in
657 2975 747 3038 singula
756 2975 830 3021 verba
838 2975 946 3022 cadentes

400 3051 447 3094 Orc
456 3063 510 3094 meo
519 3046 637 3106 lacrimat,
648 3047 742 3093 auribus
751 3045 791 3091 illa
799 3047 848 3092 bibi
856 3063 863 3101 ;

183 3143 255 3195 unde
265 3145 320 3198 sitis
329 3145 452 3198 audiendi
462 3142 535 3216 apud
545 3144 701 3213 Quintilian.
713 3145 799 3196 instit.
807 3144 858 3210 Vl,
870 3144 900 3208 3,
915 3158 940 3195 et
953 3143 1019 3197 alios
1031 3165 1038 3208 3
1052 3142 1144 3197 bibuloe
1155 3163 1228 3197 aures

183 3223 287 3288 Persio,
306 3223 358 3276 Sat.
378 3227 421 3292 IV,
438 3224 486 3289 503
503 3237 529 3277 ct
544 3223 606 3276 hinc
622 3225 777 3295 intelligitur
793 3222 862 3274 istud
878 3225 993 3288 Horatii,
1009 3225 1093 3295 Epist.
1110 3224 1135 3292 l,
1151 3223 1180 3292 8,
1194 3224 1225 3276 6:

186 3301 369 3372 «Praeceptum
382 3304 505 3356 auriculis
517 3301 569 3356 hoc
581 3304 708 3357 instillare
717 3315 857 3356 memento.
870 3327 881 3350 ι
894 3301 1024 3355 Absolute
1035 3301 1140 3356 videtur
1152 3321 1228 3356 usur-

182 3398 260 3452 passe
270 3382 408 3453 Virgilius,
419 3383 521 3438 AEneid.
534 3387 561 3452 l,
574 3384 640 3454 752,
1253 3377 1259 3386 ’

368 3491 416 3535 Nee
425 3505 473 3535 nou
483 3501 506 3535 et
514 3491 579 3535 vario
588 3501 680 3536 noctem
692 3504 799 3537 sermone
808 3487 914 3536 trahebat

365 3559 449 3606 lnlelix
458 3560 532 3616 Dido,
542 3559 683 3624 longumque
692 3561 788 3608 bibebat
797 3576 899 3608 amorem
908 3576 914 3605 :

182 3652 295 3706 adbibere
303 3665 406 3727 pectore
415 3659 553 3727 Horatius,
565 3661 648 3731 Epist.
658 3661 685 3726 1,
698 3677 728 3727 a,
739 3659 788 3728 67,
798 3658 831 3712 ad
841 3659 935 3726 linem,
948 3681 960 3704 ι
970 3676 1041 3710 nunc
1051 3657 1147 3710 adbibe
1159 3675 1226 3729 puro

182 3736 289 3788 Pectore
298 3735 391 3804 verba,
401 3755 497 3808 puer.·
510 3741 572 3790 Herc
584 3753 610 3791 et
620 3739 704 3793 multo
713 3740 791 3813 plura
802 3739 921 3812 exempla
933 3739 1134 3806 adnotaveram,
1145 3758 1228 3811 quum

182 3817 209 3867 iu
224 3814 294 3868 banc
310 3815 429 3869 notulam
446 3819 545 3870 Heinsii
560 3819 658 3886 incidi,
674 3817 709 3871 ad
720 3821 806 3874 Veler.
819 3821 943 3873 Flaccum
952 3821 1000 3887 ,V,
1014 3820 1075 3890 247,
1091 3819 1156 3872 Hoec
1167 3820 1226 3884 tibi,

176 3896 295 3966 solonem
302 3897 407 3970 genitor
414 3895 496 3950 tutela
505 3917 622 3950 meorum
632 3901 801 3954 Omnituens:
814 3900 885 3952 atrei
896 3899 964 3955 milri
972 3898 1069 3951 Aldus:
1080 3897 1156 3950 locus
1168 3915 1225 3949 cor·

181 3990 291 4048 ruptus:
302 3991 435 4050 putarem,
445 3979 496 4032 Eia
505 3997 568 4051 age,
578 3981 628 4033 uisi
638 3979 742 4052 lougius
752 3979 836 4034 abiret
846 3999 861 4032 a
870 3979 976 4051 vulgata
985 3981 1132 4050 scriptura:
1143 3977 1225 4039 forte,
