2784 4484
403 287 733 392 aadnrrronrs
755 327 996 396 narratus.
1165 315 1240 409 xiij'
1301 339 1304 342 ·

164 447 274 545 quale
289 453 327 516 in
342 446 520 517 scribendo
534 451 708 541 ingenium
720 455 930 543 praesentire,
949 478 1013 522 nec
1027 453 1145 524 inutile
1159 460 1221 541 sit,
1270 539 1273 550 Ι

164 567 494 663 nec1injucundum,
510 595 620 663 pauca
632 569 686 639 hic
701 570 743 639 de
760 575 858 665 genio
870 553 1037 659 ¹Statiano,
1052 577 1221 669 inprimis·

166 713 237 782 que
250 689 296 756 de
311 687 428 772 Silvis,
444 705 639 782 comparata
653 687 758 757 lector
771 688 864 757 haud
877 689 1016 759 moleste
1031 693 1126 760 feret.

203 852 332 922 ‚Dubia
345 874 486 945 prorsus
501 868 536 919 et
549 875 688 944 anceps,
706 852 760 920 vel
776 853 868 946 apud
880 854 1043 950 aequales,
1059 856 1162 927 firisse
1177 849 1223 928 viss

171 971 274 1040 detur
291 972 386 1041 fama
403 973 533 1065 Papinii
550 975 674 1058 nostri;
696 975 742 1042 ita
762 989 801 1042 ut
819 975 955 1044 eosdem
973 1000 1090 1052 ¹uersus
1110 980 1164 1047 alii
1187 983 1222 1048 in

171 1089 310 1160 laudem
326 1089 434 1174 illius,
454 1093 491 1160 in
506 1094 711 1184 vituperium
727 1091 783 1160 alii
801 1111 835 1161 et
855 1119 1035 1163 censuram
1052 1114 1223 1166 converte-

170 1214 251 1284 rint
271 1215 369 1284 Vera
379 1213 470 1280 enirn
488 1227 523 1280 et
540 1237 582 1280 ex
599 1215 714 1280 animo
729 1212 852 1283 dixisse
869 1213 1069 1283 iuvenalem
1084 1216 1225 1309 quidam·

170 1329 404 1412 contendunt,
420 1334 486 1400 Sat.
500 1353 565 1410 vn,
580 1355 630 1400 vs.
645 1333 707 1414 82,

318 1468 437 1520 Cur-fitur
449 1467 484 1521 ad
494 1487 589 1526 vocem
597 1470 759 1540 jucundam,
772 1485 798 1530 ct
810 1491 917 1524 emman
930 1475 1020 1524 amioae

319 1565 485 1636 Thebaidos,
496 1569 582 1620 laetam
593 1569 656 1621 fecit
668 1588 750 1640 quum
761 1569 858 1622 Statius
870 1569 964 1620 urbem
975 1581 1025 1620 eta.

174 1689 268 1756 Dum
282 1697 414 1773 εἰρωνικῶς
429 1685 505 1772 alii,
523 1703 557 1754 et
572 1688 707 1754 satirico
728 1709 823 1753 more
839 1684 967 1753 dictum
984 1687 1175 1752 existimant
1191 1703 1236 1754 et„

177 1808 450 1898 interpretantur.
469 1807 707 1898 Hypereriticus
718 1828 799 1873 vero
810 1802 955 1896 Scaliger
965 1806 1068 1890 (Poet.
1084 1804 1124 1873 V
1117 1807 1140 1868 I
1145 1808 1156 1890 )
1169 1802 1224 1872 he

179 1927 352 1993 roioorurn
362 1941 556 2019 poetarum,
575 1942 647 1992 tum
657 1929 874 2009 Latinorum,
895 1941 968 1994 tum
980 1928 1082 1992 etiam
1092 1927 1221 1992 Graeco·

178 2067 272 2124 runa,
283 2041 378 2110 facile
391 2046 581 2137 principem
593 2041 748 2111 affirmat.
764 2074 777 2102 α
789 2049 874 2111 Nam
887 2059 920 2110 et
931 2043 1085 2128 meliores,
1096 2046 1222 2140 inquit,

179 2185 283 2228 versas
293 2165 400 2254 flacit,
419 2187 523 2259 quam
538 2168 748 2231 Homerus.»
776 2165 918 2256 Utrique
938 2162 1059 2230 modus
1081 2162 1220 2244 excidit,

177 2306 241 2356 nec
253 2285 421 2352 immerito
433 2289 554 2354 Noster
566 2307 644 2352 cum
654 2283 768 2378 puella
778 2287 959 2352 Raciniana
970 2281 1188 2352 exclamaret:

673 2442 685 2466 ι
698 2457 705 2471 .
719 2461 725 2472 .
738 2459 744 2472 .
758 2457 764 2471 .
772 2425 800 2491 je
812 2421 866 2474 n’ai
876 2421 967 2474 mdritri

327 2541 338 2568 ι
352 2521 386 2573 tsi
396 2533 438 2572 cat
449 2522 526 2573 excas
537 2517 697 2584 d’honnear,
710 2520 738 2570 ni
749 2531 818 2570 cette
828 2518 956 2587 indignit&
966 2522 971 2568 l
983 2541 994 2564 ι

718 2619 903 2682 Barrrnrucus,
914 2630 965 2669 aot.
978 2617 1017 2680 11,
1029 2635 1066 2669 so.
1078 2617 1104 2699 35

175 2743 248 2806 Nec
259 2739 423 2832 aequiores
432 2736 485 2805 vel
498 2734 731 2828 prudentiores
743 2733 835 2825 apud
847 2756 908 2800 nos
920 2734 1139 2800 aestimatores
1152 2733 1222 2799 Sta·

175 2864 246 2934 tius
263 2859 399 2925 invenit
415 2863 516 2925 Hunc
528 2856 664 2950 quidem
685 2855 826 2922 Voltoire
837 2857 946 2946 tangit
957 2852 1080 2936 obiter,
1097 2868 1131 2919 et
1146 2874 1221 2917 auc·
1301 2914 1307 2936 ,

175 2981 314 3047 toritate
325 3000 385 3044 sua
396 2975 559 3060 declarat,
573 3007 586 3036 a
599 3001 645 3044 un
655 2991 858 3043 monstrueux
867 2976 1037 3040 imitateur
1046 2971 1088 3037 de
1097 2967 1223 3036 l'lliade

179 3131 194 3160 ι
207 3115 243 3166 et
259 3097 303 3166 de
321 3087 508 3166 l'llne'ide.»
533 3095 646 3185 (Essai
662 3122 719 3163 sar
737 3096 768 3161 la
786 3097 896 3162 Podsie
916 3095 1043 3186 dpique,
1064 3090 1117 3163 alr,
1136 3091 1223 3177 IV.)

175 3216 323 3312 &torpe
333 3233 447 3288 autem
462 3221 585 3312 (quem
598 3240 660 3309 ego
674 3215 871 3306 Quintiliani
883 3211 1002 3279 Gallici
1011 3214 1149 3280 nomine
1164 3236 1222 3304 ap-

173 3335 303 3430 pellare
320 3334 412 3405 haud
431 3333 600 3419 dubitem,
622 3334 724 3401 modo
740 3358 812 3401 non
830 3334 866 3398 in
884 3321 997 3400 literas
1016 3332 1221 3426 antiquiores

173 3455 309 3550 longius
326 3459 502 3539 excurrat)
521 3452 746 3522 inconsultam
762 3453 865 3536 adeo,
884 3476 927 3520 ne
946 3451 1056 3523 dicam
1073 3453 1221 3544 ineptam

175 3579 268 3645 Statii
286 3581 497 3648 mentionem
517 3575 614 3658 fecit,
636 3589 675 3641 ut
694 3575 856 3658 Martiali,
880 3595 965 3667 quos
984 3571 1026 3639 de
1051 3565 1222 3638 Thebaide

176 3720 293 3783 ,versus
305 3697 411 3768 modo
426 3697 651 3776 adduximus,
669 3694 854 3789 adscriptos
873 3691 1032 3762 retulerit.
1056 3693 1170 3775 (Coars
1186 3690 1222 3754 de

179 3819 267 3888 titur.
279 3836 363 3917 part.
379 3825 419 3905 I,
434 3819 527 3914 clrap.
548 3845 604 3900 rr,
619 3831 688 3886 sect.
705 3821 755 3903 a.)

219 3973 385 4043 Caeterum
400 3966 740 4038 animadvertendum
757 3983 859 4060 puto,
880 3986 1014 4032 ornnem
1030 3961 1121 4028 hunc
1137 3956 1224 4022 criti-
