2850 4488
175 365 1210 392 ΜΜΜΜΜΜΜΜΜΝΜΜἪΜΜΜΛΝΜἈΜΜ

595 597 788 694 NOTAE

213 861 267 937 IN
285 855 506 936 CARMEN
524 855 781 958 QUINTUM
797 857 943 934 LIBRI
962 855 1170 959 QUARTI

569 1076 818 1142 srnvinnru.
902 1023 908 1038 ’

175 1673 188 1696 ·
203 1641 324 1728 Gerana
342 1673 474 1739 Lrstonrs,
492 1685 543 1725 ete.
560 1671 603 1723 Ad
621 1671 776 1743 Septimium
794 1669 917 1722 Severum
932 1668 1059 1743 Libycum
1077 1670 1165 1722 scribit
1182 1689 1213 1736 er

174 1751 276 1824 predio
287 1751 405 1816 Alban03
416 1752 585 1820 carmineque
596 1749 679 1822 lyrico
694 1749 719 1801 ei
730 1746 880 1800 blanditur:
895 1749 956 1800 na'rn
968 1739 995 1799 et
1005 1746 1049 1800 ille
1059 1747 1108 1798 boc
1119 1766 1213 1818 genere

175 1833 306 1903 poematis
321 1830 513 1896 oblectabatur,
527 1843 557 1882 nt
575 1831 603 1882 in
620 1829 672 1881 line
687 1840 778 1902 aperte
792 1827 890 1881 scribit.
909 1829 1024 1880 Primum
1040 1841 1127 1879 eutem
1140 1828 1214 1880 Veris

174 1909 318 1963 adventum
332 1910 467 1982 designat,
484 1921 510 1961 et
525 1911 608 1960 otium
620 1926 696 1960 auum
714 1926 767 1979 qno
778 1907 876 1958 fruitur
888 1909 915 1959 in
926 1906 1043 1968 Alban03
1056 1906 1213 1958 admiratur·

175 2007 229 2061 que
240 1989 408 2059 Septimium,
420 1987 490 2060 quod
499 1989 653 2060 peregrinus
662 2001 689 2041 et
699 1999 776 2039 natus
786 1987 813 2038 in
823 1984 918 2059 Libye,
928 2000 982 2038 tam
993 1988 1111 2039 Romane
1121 1983 1214 2055 loqua-

176 2081 258 2120 tnret
271 2065 374 2120 scribet
394 2068 491 2120 Donrr.

215 2226 255 2277 18.
274 2227 330 2278 Nec
344 2244 420 2278 vacco
433 2225 505 2277 dulei
519 2229 602 2297 muyit
612 2224 738 2277 adultero.
751 2226 873 2276 Heinsius
885 2224 919 2276 ad
930 2223 1007 2278 Ovid.
1020 2224 1089 2275 Fast.
1103 2224 1136 2288 V,
1148 2222 1213 2291 400,

175 2327 189 2351 s·
200 2302 325 2373 Adgemit
337 2302 457 2369 Alcides,
468 2303 672 2373 llaemoniusque
683 2320 758 2374 puer,
767 2325 779 2349 ι
793 2301 849 2354 vult
859 2300 903 2354 lric
917 2318 1025 2373 quoque
1035 2301 1087 2374 legi
1097 2300 1216 2376 admuqit

171 2382 293 2437 adultero
298 2405 307 2445 ;
319 2396 350 2436 nt
361 2383 424 2437 alibi
433 2382 506 2455 apud
514 2386 641 2438 Nostrum
652 2383 803 2450 adstridere,
816 2383 963 2454 adstrepere,
975 2381 1122 2446 adsibilare,
1134 2381 1216 2434 adtre-

173 2480 259 2529 mere,
271 2463 422 2528 adcantare,
436 2475 486 2514 etc.
499 2481 560 2515 cuns
571 2481 634 2516 casu
646 2459 744 2514 danto.
757 2463 789 2513 Et
801 2461 908 2533 quidem
920 2463 1018 2532 optime
1030 2461 1066 2510 ite
1077 2459 1156 2511 scribi
1166 2477 1215 2530 po-

173 2545 272 2609 tuisse,
283 2557 310 2595 et
320 2542 452 2595 licentiam
463 2542 532 2594 banc
542 2561 647 2595 cesurae
656 2544 776 2594 excusari
786 2543 905 2613 potuisse
915 2559 993 2593 nemo
1004 2552 1095 2611 neget,
1106 2552 1216 2611 propter

172 2621 247 2676 istud
257 2624 374 2686 Horatii,
387 2623 472 2675 Carm.
485 2623 523 2688 11,
537 2639 582 2690 ra,
599 2625 690 2675 snum
703 2621 842 2692 flagrantia
853 2620 887 2674 de
903 2620 908 2692 Ι
923 2633 1030 2693 torquet
1040 2620 1074 2673 ad
1086 2619 1190 2682 osculs;
1201 2645 1212 2667 ι

172 2701 209 2753 de
225 2719 279 2772 qno
293 2698 352 2752 ride
368 2703 471 2771 egregie
485 2700 625 2753 docentem
638 2701 783 2754 Bentleium
791 2739 800 2767 ,
815 2699 849 2753 ad
860 2701 947 2752 Germ.
963 2702 1006 2766 lV,
1022 2701 1055 2766 8,
1069 2720 1093 2752 v.
1112 2717 1152 2770 ¹7·
1165 2699 1216 2752 Sed

171 2798 234 2834 non
245 2797 314 2851 opus
326 2793 367 2832 est
376 2778 431 2831 nlla
442 2782 602 2833 mutatione:
617 2783 700 2854 muqit
711 2782 780 2834 enim
792 2779 862 2832 idem
875 2793 915 2832 est
928 2778 1001 2852 qnod
1012 2780 1141 2853 admuqit,
1154 2782 1216 2832 sim-

171 2859 238 2932 plex
249 2877 300 2930 pro
312 2861 469 2930 composito.
483 2857 607 2924 Ovidius,
620 2860 678 2910 Art.
690 2859 748 2910 Am.
761 2860 810 2925 lll,
825 2855 894 2923 513,
911 2858 1099 2930 «Spectantem
1111 2871 1215 2930 speetu

171 2937 275 2993 ridenti
289 2937 378 2990 mollia
392 2937 463 2992 ride:
474 2963 487 2990 s
504 2937 579 3010 quod
589 2938 668 3010 plane
681 2952 719 2991 est
731 2939 828 2991 adride.
838 2941 1003 3010 Propertius,
1017 2941 1042 3005 l,
1057 2957 1101 3004 12,
1112 2957 1150 2990 va.
1169 2937 1215 3004 15,

175 3041 189 3064 a
198 3016 271 3070 Felix
287 3015 433 3090 qulpotnit
445 3018 568 3089 prasenti
582 3015 644 3070 flere
655 3014 764 3089 puellae!
775 3039 786 3063 s
803 3015 830 3068 id
841 3029 897 3082 eet,
908 3015 1018 3092 adflere5
1030 3016 1112 3082 idern,
1124 3015 1160 3080 ll,
1176 3031 1215 3080 rr,

362 3121 411 3167 Nec
420 3119 477 3166 milri
482 3121 531 3182 jam
540 3121 612 3168 fastus
620 3135 740 3184 opponere
749 3121 833 3185 qnmrit
840 3121 946 3184 iniquos,

393 3192 442 3238 Nec
450 3190 508 3238 mibi
515 3191 614 3254 ploranti
621 3191 683 3239 lenta
691 3191 773 3240 sedere
783 3203 861 3256 potest
867 3208 876 3248 ;

171 3289 204 3344 id
219 3303 274 3357 est,
287 3289 360 3343 lenta
377 3291 490 3344 adsidere
502 3290 567 3343 mihi
583 3290 714 3361 ploranti3
730 3293 774 3344 ita*
786 3289 884 3344 alicubi
902 3289 1051 3356 Thebaide,
1068 3291 1216 3363 gremioque

171 3369 332 3422 Palaemona
341 3372 431 3440 pressit
434 3393 445 3433 ,·
456 3389 505 3443 pro
518 3373 640 3442 adpressit
648 3372 756 3445 qrems'o.
769 3372 811 3424 Sic
824 3371 923 3425 lamnis
933 3389 982 3444 pro
993 3370 1127 3423 edicturm
1137 3369 1215 3424 Clau-

170 3447 285 3515 dianus,
295 3450 323 3500 in
334 3448 420 3502 Rufin.
430 3452 459 3517 1,
471 3451 522 3504 323
529 3490 539 3516 ,
551 3450 598 3503 ubi
606 3451 667 3503 vide
675 3453 826 3520 Heinsium,
839 3465 879 3520 et,
892 3451 981 3504 latiens
989 3469 1110 3524 prospera
1119 3460 1215 3502 catenoe

172 3547 228 3601 pro
243 3529 385 3600 adlausroe,
404 3528 437 3582 de
449 3533 485 3583 tv
500 3531 579 3585 Gons.
594 3534 695 3584 Honor.
708 3551 732 3584 v.
751 3551 809 3604 117,
823 3531 871 3584 ubi
883 3535 978 3585 itemsm
991 3530 1119 3584 videndus
1132 3531 1222 3583 lleinr

170 3613 241 3666 eins.
253 3609 396 3683 Apuleius,
410 3611 523 3683 Apolog.
539 3615 712 3665 smcminerat
722 3615 894 3666 Homerum...
909 3614 960 3665 vim
977 3629 1083 3664 omnem
1098 3609 1215 3662 medies-

151 3691 280 3820 .min;m
292 3709 348 3743 non
363 3692 440 3758 mari,
455 3692 502 3745 sed
513 3706 587 3745 terre
602 3693 745 3764 scripsisse.
757 3718 768 3742 s
786 3693 857 3765 uigil
870 3695 949 3763 igitur
965 3693 1052 3744 invitis
1067 3689 1140 3742 libris
1156 3707 1215 3742 mn·

171 3782 225 3821 1011
244 3785 298 3822 Ilm.

213 3927 258 3994 ²4·
278 3929 389 3984 Caesarso
401 3933 530 3984 decoravit
541 3951 612 3986 astro.
627 3934 752 3986 Venimus
765 3932 799 3985 ad
811 3931 899 3986 locum
911 3931 1068 3996 notabilem,
1083 3941 1109 3980 et
1121 3931 1166 3998 qui
1178 3927 1216 3977 vi·

171 4023 223 4057 ros
238 4005 353 4060 eruditos
364 4009 501 4078 insigniter
512 4013 634 4061 exercuit.
647 4012 729 4061 Totus
741 4011 779 4062 sic
791 4009 887 4062 hebet:
