2776 4484
201 296 244 373 84
359 291 493 357 NOTAE
518 291 566 354 ln
590 289 789 354 CARMEN
812 287 1080 358 SECUNDUM

198 421 318 469 vittam·
335 415 396 467 Non
412 416 483 467 enim
499 412 590 479 rideo,
607 432 653 465 cnr
668 413 816 467 Concordia
831 431 884 466 non
904 417 989 486 possit
1002 414 1239 488 necterelcorones

198 515 244 549 seu
255 497 338 546 vittas.
351 494 402 544 Aut
411 489 551 563 legendnm
560 481 647 544 dextra
657 511 706 564 pro
718 495 782 544 toedo
789 531 799 558 ,
813 511 844 544 ex
852 491 981 546 Thebaid.
993 497 1031 562 ll,
1046 496 1104 550 288.
1117 497 1242 548 Geminat

197 581 214 630 i.
228 597 252 649 q.
262 576 363 646 jungit,
377 585 407 625 ut
417 575 466 639 111,
479 573 509 640 4,
522 571 568 639 54ς
582 585 642 625 auti
660 595 671 620 ι
683 575 814 646 insignem
826 576 934 643 gemmis
946 574 1097 629 Concordia
1109 577 1214 642 vittam,
1224 597 1237 624 a

198 668 227 708 ut
242 652 331 723 Virgil-
348 648 449 701 AEneid.
466 650 524 714 Vll,
542 649 576 718 75
582 670 589 712 ;
610 673 622 695 ι
632 668 758 702 eoronam
774 651 904 722 insignem
919 655 1060 722 gemmis·
1081 653 1241 726 suspicabar

197 735 291 786 etiam:
303 733 373 782 luno
384 738 410 779 et
419 727 530 800 intingit
537 727 654 799 penninos
665 729 789 781 concorde
800 742 902 781 catena.
913 731 991 783 conf.
1003 733 1107 805 Kcenig.
1118 731 1154 784 ad
1164 731 1240 784 Clau·

195 814 266 866 dian.
281 813 319 879 X,
335 811 393 863 203.
412 810 488 860 Lana.
505 837 539 848 —
555 811 585 860 ln
599 807 662 860 edit.
679 810 764 878 princ.
780 807 877 881 legitur
890 812 994 883 gestiat,
1015 813 1101 886 quod,
1115 827 1145 865 ut
1159 814 1239 867 refert

196 891 361 956 Parrhasius,
371 891 455 960 Epist.
464 887 511 957 57,
521 907 549 959 p.
564 905 626 957 119,
639 887 799 960 quibusdam
809 889 910 960 placuit
921 903 1057 964 tamquam
1068 911 1173 944 sacrum
1184 909 1240 945 ver·

194 975 259 1026 bam
271 973 306 1024 de
315 970 411 1044 geniali
421 968 519 1020 loedere
531 967 689 1032 sanciend03
701 969 774 1040 qoud
784 981 872 1022 tamen
884 970 918 1021 ab
930 988 981 1026 usn
993 971 1126 1026 abhorret.
1137 973 1238 1045 Vulga-

196 1055 230 1105 ris
240 1053 320 1105 lectio
330 1051 385 1102 lane
399 1061 453 1102 est:
467 1070 479 1094 ι
488 1049 583 1118 insigni
595 1049 712 1118 geminat
723 1047 873 1100 Concordia
884 1047 963 1116 teda,
974 1073 985 1097 s
1000 1069 1080 1122 quam
1091 1053 1137 1123 qui
1146 1051 1239 1105 deien-

195 1132 304 1198 derunt,
317 1142 347 1182 ut
358 1128 520 1193 Bernartius,
534 1126 615 1178 verbo
628 1127 762 1198 geminare
776 1144 869 1178 novam
883 1127 1102 1197 significationem
1117 1129 1239 1182 limandi

196 1213 411 1276 tribuerunt,nee
419 1219 514 1273 tamen,
522 1223 578 1277 quse
586 1205 694 1280 insignis
701 1196 982 1273 toedo'sit,docuerunt.
991 1209 1239 1283 Gronovius,qunm

194 1292 228 1344 de
237 1289 391 1345 Concordia
402 1285 467 1340 teda
478 1288 629 1357 geminante
638 1285 765 1358 loquitur,
775 1287 888 1339 Diatrilr.
898 1307 926 1359 p.
941 1289 989 1342 186
1000 1287 1097 1361 (105),
1110 1290 1174 1362 quid
1185 1291 1239 1344 sibi
1310 1329 1312 1338 .

195 1373 324 1437 voluerit,
338 1387 392 1421 non
410 1379 492 1438 patet.
509 1368 625 1438 Cuyetus
637 1367 718 1435 igitur
732 1385 793 1418 eum
807 1365 945 1420 Parrhasio
959 1381 985 1420 et
999 1369 1107 1422 Barthio
1121 1374 1239 1442 conjecit

198 1451 328 1522 sinsignis
342 1449 445 1519 gemine
458 1443 608 1498 Concordia
621 1445 717 1498 tedam
739 1446 790 1500 Sed
804 1460 976 1519 preterquam
990 1447 1063 1520 qnod
1076 1449 1237 1504 vocabulum

195 1531 303 1604 insignis
319 1528 443 1601 frigidum
460 1545 564 1580 sensum
581 1524 675 1593 hahet,
691 1542 785 1598 poeta,
802 1541 831 1580 ut
844 1528 926 1595 solet,
942 1532 1037 1602 cuique
1053 1533 1156 1584 numini
1173 1551 1239 1604 pro-

194 1615 282 1686 prium
294 1613 427 1683 negotium
440 1607 610 1678 adscripsisse
621 1606 735 1675 videtur,
747 1609 888 1680 Hymenaeo
898 1622 1020 1671 matum,
1031 1609 1131 1662 lunoni
1142 1615 1238 1683 conjn-

193 1691 262 1761 galia
270 1689 357 1743 vincla
364 1683 673 1752 offerendaConcortlioe
679 1683 751 1739 aliud
760 1686 892 1759 quiddam.
899 1690 988 1758 Quare
995 1687 1235 1760 Scaligliadenbr.

195 1773 223 1823 in
233 1773 302 1823 notis
310 1769 428 1833 ineditis,
436 1769 501 1821 etN.
510 1767 632 1818 Heinsius
642 1766 828 1839 corrigendum
839 1768 982 1821 censebant
996 1793 1007 1816 ι
1016 1771 1113 1841 insigni
1121 1771 1238 1843 geminat

194 1851 343 1905 Concordia
357 1849 464 1912 nodo;·
480 1865 594 1918 qnorum
607 1846 652 1899 laic
669 1849 697 1900 in
712 1847 811 1920 Syllog.
829 1863 893 1902 tom.
908 1853 942 1916 V,
954 1869 1014 1922 pag.
1030 1852 1098 1904 533:
1116 1850 1236 1917 anedur,

194 1935 291 2005 inquit,
304 1951 353 2006 pro
365 1927 478 1983 vinculo.
490 1928 531 1980 Sic
544 1926 631 1980 nodus
644 1929 762 1980 amicitia
775 1929 873 1982 attalia
885 1930 1032 2002 complura.
1043 1932 1133 1986 Nodos
1142 1931 1237 1984 Acida-

194 2013 244 2067 lius
257 2032 306 2085 pro
319 2024 391 2064 cesto
405 2012 458 2062 sive
472 2007 579 2079 cingulo
594 2011 704 2062 Veneris
719 2007 792 2082 apud
803 2011 982 2064 Martialem·
999 2013 1028 2062 ln
1041 2011 1149 2066 ineditis
1162 2031 1237 2065 com·

193 2105 269 2166 parat
283 2091 372 2144 locum
384 2091 417 2154 V,
435 2103 458 2151 ι,
472 2085 515 2153 45.
533 2088 621 2156 Quam
634 2089 662 2138 in
674 2091 831 2142 sententiam
846 2088 990 2157 deductus,
1005 2088 1236 2144 Drakenborchins

193 2171 307 2241 conjecit
322 2167 417 2240 insigni
432 2177 511 2232 cesto,
529 2179 555 2220 et
569 2167 734 2219 Burmannus
751 2166 785 2220 ad
798 2167 934 2221 Claudian.
949 2165 1037 2238 Epith.
1054 2170 1155 2222 Honor.
1169 2171 1237 2236 2⁰3,

178 2251 182 2256 ’
193 2251 240 2303 ubi
249 2246 396 2302 Marklandi
406 2248 597 2298 correctionem
608 2247 709 2318 optimo
717 2250 777 2316 jnre
787 2245 969 2324 reprehendit,
977 2265 1071 2299 ronam
1080 2249 1236 2320 virginalem

191 2340 323 2403 gemmato
340 2325 411 2380 nodo
428 2325 579 2396 insignitam
596 2325 761 2396 intelligens:
785 2337 833 2377 aet
847 2326 942 2396 insigni
956 2339 1072 2392 gemmet
1086 2327 1238 2380 Concordia

192 2407 273 2460 nodo.
286 2431 298 2455 s
315 2404 396 2474 Quod
411 2423 465 2456 non
484 2406 615 2457 immerito
634 2403 743 2456 habebit
759 2405 862 2456 risores.
881 2403 992 2474 Hopdas
1010 2407 1161 2474 suspicatus
1180 2419 1236 2460 est:

195 2488 325 2557 «insignit
337 2487 440 2558 gemina
455 2484 484 2536 C.
502 2483 607 2548 uada,·
626 2498 652 2536 et
666 2483 731 2534 alius
746 2481 854 2554 quidam
873 2484 1002 2554 «insignit
1014 2486 1131 2554 geminas
1144 2485 1174 2538 C.
1191 2499 1238 2538 tre-

192 2568 275 2634 das,·
292 2567 413 2619 nimirum
423 2566 494 2618 vittis
509 2579 536 2618 et
548 2562 663 2618 corollis.
679 2563 713 2613 At
724 2563 826 2634 optima
840 2576 865 2614 et
881 2577 989 2634 receptu
1001 2564 1083 2635 digna
1095 2564 1238 2618 videbatur

192 2647 342 2702 mendatio
364 2644 545 2699 aBoxlrornio
561 2648 590 2698 in
610 2646 692 2718 Epist.
712 2643 746 2695 ad
767 2645 883 2697 Gronov.
900 2665 927 2716 p.
940 2645 974 2698 63
996 2645 1062 2718 (84)
1081 2649 1238 2718 proposita,

193 2748 273 2802 quam
283 2726 454 2780 Marklandus
464 2745 517 2778 non
525 2720 598 2796 jdsto
606 2719 708 2794 judicio
722 2725 872 2793 estimavit,
885 2726 931 2778 sed
943 2726 1009 2779 falsa
1022 2729 1237 2800 interpretatione

191 2807 389 2860 Wernsdorfius
398 2808 523 2878 pervertit
533 2803 567 2857 ad
577 2807 649 2856 Poet.
661 2807 725 2857 min.
736 2819 802 2858 tom.
813 2808 858 2874 lv,
869 2825 930 2878 pag.
943 2807 1009 2874 486,
1019 2826 1102 2879 quum
1112 2807 1178 2860 duas
1187 2809 1237 2858 vir·

191 2888 267 2960 gulas
277 2889 444 2939 in'eoronam
455 2903 534 2938 nexas
545 2885 615 2937 taedae
626 2887 734 2939 nomine
744 2885 889 2959 appellatas
901 2885 986 2940 vellet.
998 2889 1085 2960 lpsurn
1096 2891 1165 2940 enim
1175 2905 1237 2938 con·

188 2971 291 3040 jngium
306 2967 478 3021 condendum
489 2979 589 3018 veteres
606 2965 659 3017 alio
674 2969 725 3019 ritu
741 2967 867 3040 singulari
884 2967 1066 3040 significabant
1081 2971 1107 3018 in
1123 2967 1237 3035 conjun-

190 3047 281 3119 gendis
291 3044 396 3101 duabus
405 3045 491 3108 nediu
503 3065 555 3119 quo
564 3046 636 3097 fecto
647 3049 843 3100 matrimonium
853 3061 961 3118 paetum
969 3046 1114 3099 videbatur.
1122 3047 1161 3097 lta
1170 3047 1236 3100 Stat.

190 3128 239 3190 111,
254 3125 285 3192 tl,
295 3125 343 3187 53;
355 3143 412 3198 quse
425 3125 592 3177 etiamsinon
605 3127 730 3196 primario
743 3143 820 3178 sensu
830 3125 959 3194 accipias,
972 3123 1051 3173 ritum
1063 3123 1192 3193 aliquem,
1207 3124 1236 3176 in

191 3223 246 3276 qno
253 3204 347 3256 harum
355 3205 461 3259 dicendi
468 3206 642 3258 formularum
651 3208 726 3276 origo
734 3223 838 3275 semper
845 3205 932 3274 posita
940 3215 991 3268 est,
1002 3201 1146 3274 legitimum
1154 3203 1236 3258 luisse

192 3284 343 3337 ostendunt.
362 3287 479 3361 insignes
495 3305 558 3339 vero
577 3298 648 3337 recte
664 3297 793 3336 vocantur
809 3282 878 3334 taeda
894 3280 1042 3353 nuptiales,
1063 3299 1119 3354 que
1136 3297 1234 3337 ornate

191 3375 267 3415 erant
279 3362 386 3417 corollis
398 3377 444 3416 aut
454 3365 535 3418 vittis.
554 3365 636 3416 usas.

226 3488 287 3555 ²4²·
304 3491 348 3544 Sic
358 3493 425 3544 vieta
433 3509 522 3562 sopore
531 3491 630 3544 doloso.
640 3488 716 3542 Orid.
728 3491 834 3542 Metam.
846 3489 890 3541 lib.
900 3487 949 3556 XI,
959 3509 983 3542 v.
994 3492 1058 3563 23⁸,
1068 3489 1102 3544 de
1107 3489 1231 3545 Thetide:

375 3587 424 3634 lllic
433 3599 456 3632 te
465 3585 561 3641 Peleus,
572 3598 598 3631 ut
606 3601 689 3636 sorano
698 3587 774 3632 vineta
780 3585 886 3645 jacebas,

377 3659 495 3719 occupatu

188 3747 223 3797 ite
238 3761 287 3816 pro
300 3746 368 3796 victe
381 3761 412 3795 ex
426 3743 496 3796 MSS.
512 3742 594 3794 edidit
607 3745 746 3809 Heinsius,
762 3747 807 3817 qni
820 3743 919 3798 ibidem
934 3745 1038 3800 allatius
1052 3746 1231 3820 exemplorum

190 3823 298 3876 adducit
307 3821 342 3874 ad
352 3820 536 3873 stabiliendam
545 3825 622 3876 istam
634 3825 782 3878 lectionem.
793 3827 851 3880 Hoc
862 3843 924 3879 vero
937 3827 998 3880 loco
1011 3829 1078 3881 victa
1089 3847 1178 3902 sopore
1186 3845 1231 3878 ve·

189 3921 250 3956 rum
262 3914 313 3961 ests
330 3899 429 3971 qnippe
441 3899 489 3954 llis
504 3919 558 3953 non
573 3905 661 3974 potuit
674 3921 729 3955 esse
741 3903 827 3957 vincto
839 3923 929 3979 sopore
941 3925 1023 3981 quum
1035 3925 1062 3960 se
1075 3907 1108 3959 ad
1123 3905 1231 3957 flurium

185 3981 325 4052 deposuit:
341 3977 394 4030 hoc
406 3978 456 4034 sibi
467 3983 518 4053 ipsi
530 3983 694 4039 contradicit.
709 3986 790 4040 Recte
802 3989 882 4060 igitur
895 3990 963 4042 vieta
977 4007 1078 4059 sopore,
1092 4001 1120 4039 nt
1131 3981 1229 4038 Tibull.
