2824 4488
359 357 490 420 LIBRI
514 357 684 422 TERTll
709 356 959 425 SlLVARUM.
1113 363 1176 456 357

139 479 257 534 additum
266 477 356 549 glorie
367 489 395 530 et
405 479 482 530 fame
494 479 657 532 Amazonum
668 491 724 546 est,
735 493 765 532 ut
779 480 885 534 Herculi
899 501 955 548 rex,
967 486 1011 536 cui
1022 485 1070 537 Xll
1082 487 1178 556 stipen-

137 559 180 612 dia
188 556 317 622 debebat,
327 559 405 628 quasi
414 557 590 628 impossibile,
602 560 783 629 imperaverit,
793 573 823 611 ut
832 579 902 614 arrua
913 561 1008 632 regino
1017 564 1176 618 Amazonum

138 638 187 691 sibi
201 637 319 689 afferret.
331 659 343 681 ι
357 635 535 704 Claudianus,
549 637 582 690 de
596 638 659 690 Bell.
672 639 730 690 Get.
745 658 771 690 v.
785 639 850 709 377:
870 642 981 708 “Qualis
993 645 1021 696 iu
1032 646 1177 712 Herculeo,

138 719 242 790 quoties
257 715 366 768 infanda
377 715 490 786 jubebat
503 716 681 788 Eurystheus,
697 716 746 770 luit
758 737 803 772 ore
814 719 923 773 dolor.»
938 721 1080 792 Martialis,
1094 725 1176 794 epigr.

138 797 190 864 IX,
203 797 255 862 66,
271 794 304 848 ad
318 796 476 863 Herculem,
491 795 524 849 de
539 798 631 851 Statua
646 799 812 850 Domitiani:
832 799 903 852 «Sed
923 815 953 852 tu
963 803 1085 870 jussisses
1096 805 1177 875 Eury-

138 875 221 928 sthea.
232 901 244 924 s
259 878 297 928 Ex
310 875 350 929 his
364 875 429 928 locis
445 895 499 928 non
511 887 603 948 pacta,
618 876 664 930 sed
674 880 745 950 jusso
758 877 919 952 Eurystheos
935 883 1064 953 agnoscis.
1079 885 1176 936 Totum

138 955 216 1026 igitur
227 954 317 1008 locum
330 957 367 1008 sic
379 955 454 1027 lege,

323 1073 350 1117 Et
359 1071 445 1132 (modo
455 1071 474 1117 si
483 1071 518 1117 l'as
527 1083 562 1118 cst
570 1087 662 1134 equare
668 1073 770 1134 jacentia
779 1075 887 1132 summit)

322 1141 418 1260 yyyyylit
426 1140 545 1206 Eurysthei
553 1141 689 1208 Tirynthius
698 1144 794 1191 horrida
802 1146 862 1206 regis

137 1321 208 1376 llihil
222 1337 311 1375 tamen
325 1324 352 1374 in
365 1335 491 1376 contextu
505 1335 596 1390 muto,
610 1337 720 1396 propter
732 1323 803 1376 istud
814 1325 889 1377 initio
900 1323 1068 1392 Thebaidos,
1082 1326 1176 1380 «Sido-

136 1405 194 1456 aios
209 1416 319 1472 raptus,
334 1414 360 1454 et
372 1401 532 1454 inexorabile
544 1415 652 1474 pactum
663 1404 740 1474 Legis
754 1405 898 1475 Agenoreae
908 1424 937 1464 ς»
952 1417 979 1456 et
989 1404 1075 1457 Valet.
1090 1406 1175 1459 Flacc.

136 1485 186 1549 vt,
201 1501 226 1534 v.
239 1483 270 1548 4ε
286 1483 425 1535 «Sternere
438 1483 459 1534 si
473 1483 591 1555 Minyas,
605 1499 755 1555 magnoque
767 1481 913 1553 rependere
925 1483 998 1535 luctu
1010 1485 1087 1554 Regis
1099 1501 1176 1557 pacta

137 1574 248 1633 queau-
260 1559 322 1614 licet
330 1560 368 1612 ibi
377 1561 484 1632 quidem
495 1563 601 1632 proprie
610 1572 717 1633 pactum
728 1575 809 1614 esset:
822 1581 876 1613 nou
886 1564 921 1614 ita
931 1564 957 1614 in
967 1561 1087 1614 Hercule.
1098 1567 1177 1616 Recte

136 1661 199 1696 vero
212 1643 404 1716 horridojussa,
416 1657 446 1693 ut
456 1639 517 1695 silv.
527 1645 571 1710 IV,
582 1661 612 1694 s:
629 1667 640 1691 ι
650 1642 691 1694 Sic
700 1645 786 1713 gravis
795 1642 901 1694 Alcides
913 1655 973 1713 post
984 1640 1093 1694 horrida
1102 1646 1178 1713 jussa

137 1741 269 1790 novercae,
280 1737 330 1775 etc.
342 1747 353 1770 r
365 1725 402 1775 ita
413 1721 554 1794 legendum
566 1741 623 1776 esse
634 1720 723 1774 locum
735 1721 854 1786 docebo;
867 1721 960 1793 vulgo,
975 1746 985 1768 ι
997 1736 1059 1794 post
1070 1721 1177 1776 horrida

133 1819 205 1871 yussa
219 1820 337 1854 reuerso.
353 1825 364 1850 ι

170 1974 212 2028 61.
235 1976 292 2046 Quo
312 1973 408 2046 Lydius
427 1975 508 2028 intrat
524 1973 654 2042 Bacchus,
673 1988 699 2027 et
716 1987 807 2027 curato
825 1974 907 2047 reficit
923 1993 968 2027 suo
986 1994 1084 2026 cornua
1103 1973 1174 2025 limo.

134 2051 269 2106 Diodorus
290 2051 348 2105 hcc
368 2052 483 2106 scribit:
509 2053 615 2120 rSunt,
635 2054 680 2125 qui
699 2054 872 2104 Hammonem
891 2052 1020 2104 affirment
1037 2066 1129 2105 natura
1149 2055 1175 2103 in

135 2145 248 2204 utroque
261 2143 379 2204 tempore
394 2151 473 2204 parva
489 2130 613 2184 habuisse
629 2149 744 2184 cornua:
761 2144 902 2204 propterea
914 2129 995 2182 lilium
1009 2131 1065 2199 ejus
1078 2131 1176 2204 Diony-

134 2212 204 2263 sium
224 2210 316 2263 eodem
332 2210 415 2262 fuisse
428 2224 552 2283 aspectu;
568 2213 733 2282 posterisque
749 2209 874 2262 traditum
889 2211 974 2262 Deum
990 2207 1061 2262 huuc
1075 2229 1174 2262 cornua

133 2301 284 2359 gestasse.»
304 2289 401 2340 Doarr.

169 2462 213 2516 68.
233 2461 285 2514 Hic
294 2466 371 2516 anuis
380 2464 466 2516 multo
475 2481 550 2536 stipes·
559 2464 648 2517 indole
659 2465 739 2516 victis.
750 2462 801 2516 Sed
812 2463 887 2535 quali
898 2459 1003 2515 indole?
1013 2460 1095 2514 multu
1104 2465 1174 2514 enim

134 2544 233 2598 indoles
246 2558 300 2596 tam
314 2543 477 2617 malequam
489 2547 556 2598 bosra
568 2565 624 2598 esse
639 2558 744 2617 potest:
761 2547 858 2617 quippe
870 2544 969 2596 indoles
980 2555 1019 2595 cst
1029 2545 1074 2596 reis
1082 2543 1174 2610 plur,

134 2635 204 2676 etex
219 2624 350 2695 adjunctis
361 2627 389 2677 in
401 2624 472 2677 hanc
486 2625 526 2678 vel
540 2623 611 2678 illam
623 2638 725 2696 partem
738 2623 943 2686 determinatur,
957 2621 1028 2675 uude
1041 2624 1121 2676 dubia
1132 2624 1175 2674 in-

132 2701 218 2768 doles,
228 2703 318 2756 Seaec.
329 2704 363 2757 de
373 2705 455 2758 Clean.
465 2707 490 2772 l,
501 2705 540 2771 14.
550 2707 634 2776 Lege,
646 2721 760 2774 «magua
771 2722 852 2775 super
861 2702 950 2754 indole
958 2704 1066 2764 victis„
1079 2701 1174 2754 Achill.

132 2785 159 2849 l,
177 2783 245 2853 ηδε
263 2785 363 2838 scruda
379 2785 485 2839 exordia
499 2805 599 2855 magua
614 2782 714 2836 Indolis
724 2805 753 2847 μ
770 2783 814 2836 Sil.
829 2783 886 2835 ltal.
900 2782 1036 2846 x1,308:
1052 2781 1174 2850 «Quam-

133 2881 214 2935 quam
227 2863 404 2935 imperfectis,
415 2885 516 2936 magnas
528 2879 615 2917 umen
627 2863 741 2930 indolis,
756 2864 842 2926 ausis;
854 2885 864 2910 ιι
878 2861 989 2926 Florus,
1003 2862 1047 2926 lV,
1060 2861 1091 2912 8:
1107 2863 1176 2913 «nisi

133 2941 206 3014 quod
223 2961 323 3015 magua
337 2944 435 2998 indolis
452 2949 555 3018 siguum
569 2958 609 2997 est
624 2961 731 3016 sperare
745 2961 879 3013 sempera
893 2938 1029 2992 Claudian.
1045 2941 1081 2990 lv
1094 2939 1174 2991 Cous.

132 3023 233 3075 lionor.
247 3044 272 3075 v.
288 3025 356 3094 373,
372 3028 502 3098 «vestigia
519 3043 618 3096 magna
632 3022 733 3076 lodolis
748 3041 895 3094 agnosco.»
915 3022 953 3072 lta
972 3029 1040 3070 recta
1060 3015 1174 3090 indoles,

131 3099 246 3168 Seneca,
260 3101 367 3173 Hippoi.
381 3123 405 3156 r.
419 3105 486 3171 453;
494 3103 582 3174 felir,
595 3100 694 3154 Troad.
708 3121 732 3152 r.
746 3099 1031 3171 70²³t¹²1¹⁶2ffl0¹¹=
1044 3094 1172 3148 Parental.

131 3177 168 3242 X;
182 3181 264 3245 bona,
279 3181 370 3234 Senec.
384 3182 468 3254 Epist.
481 3184 535 3245 ΧΗ
550 3184 647 3255 scynis,
659 3181 704 3234 Sil.
716 3180 773 3234 ltal.
789 3183 827 3248 11,
843 3180 905 3248 347,
917 3190 944 3229 et
957 3178 1092 3228 innumera
1105 3177 1175 3244 ejus-

131 3260 210 3314 modi.
224 3263 302 3315 Potes
314 3265 409 3330 edam,
423 3287 435 3311 ι
445 3263 558 3335 pulchra
570 3283 650 3335 super
662 3261 752 3314 indole
763 3262 846 3318 victis.
859 3284 870 3308 ι
885 3257 936 3311 Sed
949 3257 1012 3310 milri
1023 3257 1105 3326 magis
1115 3255 1174 3327 pla-

132 3353 172 3392 cet
185 3360 301 3414 moysa,
315 3357 427 3414 propter
442 3344 595 3416 frequentes
608 3347 679 3396 vices
694 3361 790 3395 vocum
806 3339 903 3394 mutua
920 3352 947 3392 et
966 3355 1080 3410 maquus.
1095 3335 1171 3390 Orid.

130 3421 218 3474 inor.
232 3423 262 3484 l,
279 3423 325 3488 15,
337 3443 403 3477 vers.
416 3423 482 3490 ult,
497 3443 633 3497 sparsque
645 3425 697 3476 mei
709 3423 792 3476 multa
805 3433 936 3493 superstes
949 3419 1035 3480 erit3»
1050 3416 1098 3468 ubi
1110 3436 1176 3473 nott·

130 3501 201 3554 nulla
214 3502 375 3574 exemplaria
390 3503 491 3558 habent
505 3525 616 3580 moyam
633 3504 692 3557 vide
708 3503 742 3556 cl.
757 3507 945 3556 Burmanuurn.
963 3499 1003 3551 lta
1018 3499 1126 3550 Metam.
1140 3501 1174 3562 V,

129 3581 172 3650 81,
184 3601 235 3654 pro
247 3582 338 3636 multoe
346 3603 448 3652 masroe,
458 3585 602 3639 Thuartcus
613 3584 695 3638 codex
705 3583 785 3636 habet
795 3601 904 3658 maquoe.
916 3578 1050 3644 Tibullus,
1062 3577 1135 3646 Eley.
1147 3579 1173 3644 1,

133 3677 154 3724 Ι,
165 3681 191 3713 r.
206 3681 235 3715 a:
252 3665 305 3716 «Et
317 3677 407 3718 teneat
416 3666 481 3718 culti
489 3671 582 3740 jugera
595 3667 676 3719 multa
689 3664 755 3726 soli;
769 3664 830 3716 libri
841 3665 948 3734 scripti,
958 3670 1084 3712 monente
1095 3658 1175 3710 Brou-

127 3737 240 3806 bhusio,
260 3742 316 3795 iere
335 3743 487 3797 habuerunt
503 3763 609 3820 mayoc.
626 3746 766 3809 Lucanos,
780 3744 832 3808 Ill,
849 3741 917 3808 448,
935 3742 997 3792 ratis
1013 3735 1171 3806 irreligiosa:

129 3843 141 3864 ι
152 3833 238 3874 serrat
250 3822 349 3876 multos
361 3825 469 3878 fortuna
480 3839 622 3892 nocentes,
632 3828 667 3878 Et
677 3837 779 3876 tantum
792 3823 893 3875 miseris
904 3823 980 3872 irasci
993 3819 1101 3870 nurnine
1112 3833 1172 3885 pos-

127 3915 227 3960 ⁸¹¹⁰lt=v
242 3919 336 3956 seusus
356 3908 465 3960 omuino
484 3907 600 3979 postulat
614 3923 722 3979 maqaos
735 3915 871 3963 nocentess
883 3912 958 3972 patet
971 3899 1023 3950 hoo
1038 3917 1069 3948 cx
1086 3912 1172 3964 oppo-

127 3982 177 4032 sito
189 3981 296 4034 muccis.
309 3985 391 4038 Irasci
399 3998 506 4058 possunt
517 4000 556 4039 ast
568 3988 725 4042 irascamurr
738 3995 769 4034 ut
779 3999 847 4052 saeps
857 3979 997 4050 Propertio
1011 3987 1038 4028 et
1048 3971 1172 4027 eruditio·

123 4059 198 4114 ribus
212 4063 309 4132 poetis.
