2804 4490
169 283 232 348 arti
327 282 460 348 NOTAE
485 283 532 346 ΙΝ
557 279 754 344 CARMEN
780 279 1050 344 SECUNDUM

167 414 205 462 lta
218 405 359 478 legendum
371 419 452 478 puto,
468 404 562 475 vulgo,
575 416 660 458 sueto:
677 402 749 476 quod
762 402 905 456 absurdum
919 416 976 456 eet:
994 403 1017 454 si
1028 405 1097 454 enim
1112 416 1211 457 certam

169 488 270 554 tiendo,
284 485 418 559 quomodo
431 484 484 537 dici
499 498 612 556 possunt
627 495 776 536 connectere
789 482 915 534 brachia?
930 481 989 534 talis
1003 485 1074 534 enim
1085 485 1210 536 connexio

168 587 246 620 omne
258 579 391 618 certamen
403 565 485 618 nandi
495 563 577 628 tollit;
588 575 671 636 spreto
683 565 762 634 igitur
773 563 930 628 certamine,
941 562 1046 628 omum,
1057 562 1210 633 posthabito.

205 712 246 764 26.
266 669 340 763 Miro¹
349 712 420 784 quies
431 707 528 782 pelopi.
546 709 622 778 Quies
632 706 735 782 pelopi,
750 719 776 758 et
786 723 844 777 quae
856 720 1017 776 sequuntur,
1030 719 1155 777 cponunt
1168 707 1211 760 hic

168 791 237 846 lassa
250 790 367 841 furorem
378 791 529 860 AEquora,=
544 785 613 838 idem
625 799 696 838 sunt.
714 787 797 856 Magis
811 787 946 856 poeticum
961 786 1057 850 facies,
1073 789 1095 840 si
1110 805 1212 840 mecum

168 871 254 940 legas,
271 871 359 920 «Mira
373 867 435 920 fides
448 867 551 938 pelagi5
561 889 573 912 ι
590 867 626 916 ita
639 864 700 918 silv.
712 864 762 929 ΙΙΙ,
775 882 798 930 1,
811 865 840 916 81
855 885 862 914 :
878 886 889 908 ι
900 862 1007 934 laesique
1019 863 1083 917 fides
1095 864 1211 918 reditura

170 950 292 1011 sereni„
309 949 381 1018 Virg.
399 946 500 998 AEneid.
515 946 564 1010 ΙΙΙ,
577 945 627 1014 69:
644 943 727 995 nlnde
742 943 789 995 obi
803 945 888 1015 prima
902 943 967 995 lidcs
984 943 1114 1013 pelago„
1131 944 1211 997 Clan-

169 1029 239 1082 dian.
253 1027 285 1080 de
299 1026 351 1080 net.
366 1026 473 1079 Gildnn.
486 1043 552 1077 vers.
566 1025 633 1094 499:
650 1048 661 1070 ι
671 1025 748 1077 Certa
760 1022 826 1076 fides
838 1023 927 1086 celin
941 1025 1081 1076 Petronius
1092 1024 1211 1091 Arbiter,

69 1137 75 1146 ·
169 1109 301 1180 satyrico:
318 1108 416 1158 amaris
432 1105 510 1157 iidem
525 1105 663 1174 inspicere.
674 1127 685 1149 ιι
703 1104 765 1154 Non
781 1107 844 1174 quin
857 1102 970 1174 probum
982 1105 1016 1156 sit
1027 1105 1099 1175 quies
1108 1105 1212 1177 pelagi,

170 1207 218 1239 sno
232 1179 292 1239 lo'co
306 1209 313 1238 ι
327 1187 425 1238 Lucan.
438 1188 471 1250 V,
484 1184 552 1250 441,
572 1207 583 1229 ι
593 1183 665 1235 Sava
681 1183 757 1253 quies
773 1183 890 1254 pelagi.»
906 1185 1041 1236 Praestaret
1055 1197 1144 1236 tamen
1159 1184 1211 1236 boc

169 1266 243 1318 Statii
259 1260 407 1335 locofides,
419 1265 441 1316 si
453 1261 538 1315 codex
552 1263 647 1333 aliquis
659 1260 801 1314 addiceret.
815 1265 852 1315 lta
863 1275 1057 1316 commntantur
1067 1262 1108 1316 be
1118 1283 1211 1328 voces,

169 1344 252 1398 Theb.
266 1345 304 1410 V,
318 1345 385 1398 320:
404 1368 415 1390 ι
424 1356 454 1396 ut
467 1342 526 1397 falsi
541 1342 656 1396 criminis
670 1355 729 1394 astu
743 1344 820 1395 Parta
835 1341 935 1406 fidem
952 1343 998 1394 nbi
1015 1345 1067 1397 MS.
1082 1345 1211 1397 Petrensis

170 1425 250 1480 habet
263 1425 343 1498 quiet.

206 1561 248 1612 30.
268 1560 345 1612 Arcen
354 1572 416 1613 sunt
426 1559 545 1632 scopuli,
554 1562 616 1629 juga
626 1579 632 1621 ;
646 1572 675 1610 ut
685 1557 756 1630 apud
765 1557 853 1610 Valer.
863 1559 998 1626 Flaccum,
1009 1560 1055 1626 ΙΙΙ,
1065 1577 1131 1612 vers.
1141 1559 1193 1612 565
1203 1583 1209 1612 :

174 1643 252 1691 «Jnm
271 1654 347 1711 pater
362 1639 493 1694 umbrosis
510 1638 661 1712 Tirynthius
678 1637 783 1690 arcibus
801 1657 880 1692 ornos
896 1639 1071 1713 Depulerat;n
1089 1638 1136 1692 ubi
1149 1639 1211 1692 ride

171 1733 335 1793 interpretes.

207 1852 249 1919 45.
270 1855 332 1906 Haec
349 1856 439 1906 domus
452 1865 520 1905 ortus
538 1853 649 1925 Aspicit,
666 1866 691 1905 et
709 1853 800 1906 Plroelri
818 1866 932 1906 tenerum
941 1855 1029 1921 jubar.
1045 1853 1212 1925 legendum,

174 1957 185 1978 ι
196 1945 269 1984 ortus
283 1934 427 2002 Prospicit,
448 1945 474 1984 et
492 1931 584 1985 Phoebi
599 1947 671 1984 etn-
697 1931 752 1985 brec
770 1951 831 2003 pars
846 1933 940 1985 domus
952 1944 1115 2005 prospectum
1132 1933 1213 1984 habet

173 2013 415 2071 versusOrientem3
426 2009 485 2076 illa,
496 2029 585 2062 versus
595 2009 777 2063 Occidentem.
785 2008 845 2061 Alia
855 2029 896 2062 res
904 2025 943 2062 est
952 2011 1095 2083 adspicere,¹
1104 2030 1214 2082 nempe,

172 2088 273 2160 aliquid
279 2090 359 2160 juxto
373 2091 463 2140 uidere.
479 2089 554 2142 Ovid.
570 2091 678 2140 Metam.
691 2091 727 2154 ΙΙ,
746 2089 808 2154 188,
822 2086 855 2140 de
869 2088 1047 2143 Phaethonte:
1066 2093 1215 2163 uProepicit

172 2187 317 2229 occasum·
332 2168 422 2220 Sidon.
436 2167 581 2238 Apollinar.
598 2169 681 2238 Epist.
695 2171 730 2234 ll,
742 2187 765 2217 v.
783 2183 830 2218 to:
849 2180 957 2219 «ortum
969 2172 1132 2240 prospiciw
1149 2169 1212 2220 Plin.

172 2249 254 2318 Epist.
269 2250 305 2314 ll,
323 2265 363 2316 17,
378 2251 404 2299 in
417 2246 593 2317 descriptione
605 2247 758 2298 Laurentini
771 2249 825 2298 sui:
845 2249 940 2319 «quasi
952 2250 1000 2298 tria
1013 2251 1094 2300 maria
1106 2268 1215 2320 prospe·

171 2340 259 2390 ctat;»
275 2325 357 2398 paulo
374 2328 460 2379 inira:
482 2325 577 2378 «villas
596 2328 757 2398 prospicit;=
774 2325 913 2377 Claudian.
929 2330 956 2378 in
976 2346 1017 2398 pr.
1037 2327 1116 2378 Cone.
1132 2328 1214 2381 Stilic.

172 2406 217 2458 lib.
233 2409 268 2473 ll,
284 2427 348 2458 vers.
365 2405 433 2460 255:
451 2407 653 2476 uProspicercm
668 2405 755 2457 dubiis
769 2420 908 2457 venturum
922 2407 1027 2458 Saxona
1040 2409 1160 2468 ventis;·
1178 2411 1217 2460 ita

172 2489 240 2540 bene
259 2488 340 2561 edidit
357 2489 478 2540 Heinsius
494 2507 543 2558 pro
558 2488 712 2558 Aspicerem.
725 2487 790 2539 Vide
807 2507 875 2540 eum.
893 2489 953 2539 Non
968 2487 1035 2540 male
1049 2489 1126 2539 etiarn
1142 2488 1216 2560 legas

175 2593 186 2614 ι
198 2583 270 2620 ortus
284 2571 385 2640 elci-ipit
397 2583 422 2622 et
435 2567 542 2634 Plroebi,
555 2581 605 2619 etc.
617 2591 627 2614 1
642 2588 672 2620 ex
685 2567 746 2619 loco
761 2567 878 2640 ejusdem
892 2569 968 2638 epist.
980 2567 1061 2620 Plin.:
1078 2569 1185 2638 rllujus
1200 2591 1213 2620 a

173 2648 233 2700 laeva
244 2651 380 2701 retractius
391 2648 472 2720 paulo
482 2647 635 2700 cubiculum
647 2661 687 2699 est
697 2647 828 2719 amplum:
842 2647 936 2699 deinde
947 2645 1017 2700 aliud
1029 2651 1130 2713 minus,
1142 2649 1215 2720 quod

173 2727 252 2781 altera
269 2730 383 2782 fenestra
395 2728 508 2780 admittit
522 2729 672 2793 Orientem,
686 2729 859 2781 Occidentem
871 2729 952 2780 altera
964 2729 1069 2780 retinet.
1081 2752 1091 2775 ι
1108 2729 1162 2796 Qui
1175 2730 1216 2782 lo·

172 2827 219 2861 cus
234 2808 295 2862 huic
309 2809 425 2862 Statiano
440 2807 585 2861 simillimus
601 2821 647 2861 est.
663 2807 715 2861 Sed
729 2809 792 2861 mihi
808 2811 889 2880 magis
903 2808 990 2880 placet
1003 2809 1143 2881 Prospicit,·
1158 2826 1215 2881 quae

174 2907 222 2938 vox
233 2888 259 2939 in
269 2887 339 2940 MSS.
350 2889 387 2938 ita
397 2886 532 2953 scribitur,
540 2886 634 2958 pspicit
644 2909 652 2938 .·
664 2885 747 2953 unde,
758 2890 853 2940 omissa
865 2891 949 2960 prima
961 2888 1048 2952 litera,
1059 2901 1151 2959 utpote
1164 2891 1216 2940 ini·

174 2968 210 3016 tio
222 2985 323 3029 versus,
334 2985 364 3017 ex
373 2966 447 3038 spicit
457 2967 576 3017 iecerunt
584 2965 689 3035 Aspicit.
699 2966 797 3016 Pariter
806 2979 1002 3018 commutantur
1009 2965 1048 3016 hae
1057 2985 1135 3020 voces
1142 2966 1216 3040 apud

173 3045 250 3097 Orid.
266 3049 333 3097 Past.
347 3047 390 3112 ΙΙΙ,
403 3063 441 3098 vs.
458 3063 516 3117 ²9⁰·
529 3045 596 3097 Vide
610 3045 643 3096 el.
659 3047 800 3097 burmann.
815 3045 848 3097 ad
860 3045 935 3098 Orid.
950 3045 1054 3098 Heroid.
1067 3047 1101 3112 V,
1112 3066 1150 3098 vs.
1166 3047 1216 3112 63,

174 3123 219 3174 ubi
232 3126 325 3194 probat
337 3122 363 3176 ri
374 3128 516 3198 prospicere
527 3146 584 3180 esse
595 3143 626 3176 ex
637 3124 691 3204 alto
703 3127 793 3178 uidere.
808 3129 874 3178 Hinc
886 3126 1027 3179 emendare
1037 3141 1113 3198 potes
1124 3129 1216 3180 Tibtd·

172 3200 241 3267 lum,
255 3203 325 3272 stag.
341 3206 388 3270 ΙΙΙ,
403 3205 433 3270 4,
449 3223 515 3258 vers.
534 3224 578 3258 ar:

357 3301 461 3347 Tandem
469 3317 544 3364 quum
553 3319 643 3351 tunimo
652 3303 753 3352 Phrebus
762 3305 880 3368 prospexit
888 3305 918 3350 ab
927 3315 992 3361 ortu,

389 3373 474 3418 Pressit
481 3373 610 3434 languentis
620 3373 709 3422 lumine
718 3391 767 3422 acra
777 3391 857 3437 sopor.

172 3452 296 3523 intelligit
306 3469 393 3506 ortum
401 3456 473 3510 solis.
481 3459 532 3510 Sed
542 3461 606 3530 quid
616 3475 655 3513 est
664 3482 780 3516 summus
789 3465 875 3517 ostiu?
884 3467 906 3516 si
916 3466 985 3516 enirn
995 3462 1068 3515 dicas
1077 3463 1148 3514 idem
1159 3483 1217 3516 esse.

173 3531 245 3605 quod
254 3533 354 3606 primus
363 3548 451 3602 ortus,
461 3537 557 3590 fulsum
567 3543 686 3593 continet
699 3563 706 3594 ε
718 3545 759 3594 sol
770 3547 839 3595 eninr
849 3563 904 3597 non
912 3545 1036 3620 prospicit
1044 3545 1131 3615 primo
1142 3559 1218 3610 111111,

173 3631 221 3665 nec
233 3627 373 3683 antequam
383 3617 409 3666 in
420 3615 583 3669 altitudinem
594 3619 709 3692 aliquam
720 3637 826 3676 evectus
836 3626 877 3674 sit.
887 3624 969 3692 Lege,
984 3647 995 3668 1
1005 3619 1121 3675 Tandem
1134 3642 1217 3693 quum

173 3711 274 3744 summo
284 3693 399 3748 Phoebus
408 3699 545 3768 prospexit
554 3698 587 3750 ab
600 3701 678 3752 OEta.
689 3725 700 3747 ι
717 3705 819 3775 llospes
829 3723 857 3754 es
866 3706 893 3754 in
905 3705 1073 3773 antiquorum
1086 3701 1216 3768 lectione,

171 3773 194 3823 si
205 3773 288 3824 nescis
297 3785 399 3826 veteres
408 3773 550 3828 credidisse
561 3791 605 3828 aut
616 3777 721 3832 linxisse
731 3781 812 3832 solem
822 3799 835 3832 a
845 3793 934 3831 monte
945 3783 1015 3832 OEtu
1024 3784 1094 3833 oriri.
1106 3783 1218 3834 Summo

171 3855 239 3905 osu
246 3889 255 3917 ,
262 3866 291 3905 ut
297 3865 402 3907 auratus
411 3855 496 3922 OEtu,
506 3859 577 3928 Virp.
586 3857 689 3920 Culice;
696 3859 796 3940 pelidus
805 3861 849 3910 OE
850 3872 889 3922 tn,
902 3859 971 3911 idem
981 3863 1041 3913 ciri.
1050 3861 1117 3913 Vide
1126 3863 1215 3913 lleins.

171 3931 206 3983 ed
221 3931 296 3986 Ovid.
315 3933 420 3987 Metam.
437 3935 486 4002 lX,
504 3936 565 4002 165,
581 3951 607 3990 et
621 3937 759 3992 Burmann.
777 3939 810 3990 ad
825 3941 886 3992 Mct.
903 3945 933 4003 V,
950 3940 1013 4002 352,
1029 3941 1120 3993 Senec.
1131 3943 1215 4012 ,llere
