2784 4484
211 377 230 455 4
463 371 698 438 srrsrour
724 373 758 435 r.
786 372 821 435 r.
847 370 1000 437 srtru

174 481 427 592 {congregatos
440 501 512 591 ipse
521 495 735 566 dimitterem.
749 495 838 583 Quid
850 499 979 564 eniml.
992 550 998 563 .
1011 549 1018 565 .
1030 549 1038 564 .
1052 521 1189 593 quoque
1198 523 1257 570 au·

209 611 360 678 ctoritate
383 607 538 674 editionis
561 608 714 688 onerari,
738 629 845 700 quum
868 603 980 673 adhuc
1001 631 1064 698 pro
1082 606 1256 678 Thebaide

208 745 284 788 mea
295 714 464 814 (quamvis
477 709 530 786 m'e
541 716 729 812 reliquerit)
739 719 863 786 timeo?
879 717 942 786 Sed
960 733 994 785 et
1009 718 1157 788 Culicem
1173 719 1255 814 legi·

206 855 301 914 mus,
322 847 355 897 et
375 825 787 920 Batrachomyomachiam
806 829 907 894 etiam
925 830 1164 919 agnoscimus:
1191 853 1256 897 nec

207 945 386 1037 quisquam
399 958 451 1008 est
463 939 645 1007 illustrium
657 955 851 1030 poetarum,
870 942 929 1033 qui
944 962 1014 1006 non
1031 937 1158 1032 aliquid
1173 964 1254 1032 ope·

156 1083 188 1119 10
206 1053 299 1121 ribus
319 1056 389 1120 suis
409 1051 484 1120 stilo
502 1052 693 1119 remissiore
712 1049 914 1142 praeluserit.
940 1049 1049 1137 Quid?
1070 1051 1162 1145 quod
1180 1050 1255 1120 haec

206 1188 320 1232 serum
332 1178 404 1231 erat
415 1164 602 1244 continere,
615 1185 721 1255 quum
733 1160 790 1228 illa
802 1184 860 1228 vos
873 1176 962 1228 certe
974 1183 1121 1256 quorum
1131 1160 1254 1230 honori

206 1274 284 1342 data
300 1289 397 1356 sunt,
415 1271 593 1341 haberetis.
615 1270 678 1339 Sed
693 1270 784 1365 apud
801 1290 929 1339 ceteros
945 1295 1083 1341 necesse
1099 1287 1150 1340 est
1165 1271 1252 1340 mul-

204 1401 279 1452 tum
293 1382 359 1451 illis
376 1399 494 1477 pereat
503 1407 544 1450 ex
556 1385 669 1465 venia,
687 1407 793 1478 quum
812 1384 1003 1466 amiserint,
1023 1407 1125 1476 quam
1144 1381 1253 1451 solam

203 1491 413 1579 hahuerunt,
431 1497 571 1588 gratiam
585 1493 763 1562 celeritatis
778 1520 785 1559 :
803 1493 937 1561 nullum
955 1496 1045 1561 enim
1061 1519 1101 1562 ex
1116 1493 1182 1562 illis
1200 1493 1252 1561 bi·

153 1621 185 1678 ιε
204 1606 271 1674 duo
282 1604 415 1698 longius
422 1604 749 1700 tractum3quaednm
757 1620 790 1674 et
799 1607 835 1674 in
842 1603 986 1698 singuhs
994 1603 1111 1673 diebus
1119 1604 1249 1672 effusa:

202 1777 287 1830 stituit
296 1776 452 1854 fluxerunt,
473 1779 546 1850 quod
563 1778 660 1849 legitur
676 1781 704 1830 in
786 1781 811 1832 8.
831 1777 1155 1852 Batrachomyomaelsiam
1171 1779 1250 1830 etium

103 1866 106 1876 '
202 1853 287 1908 codd.
305 1857 379 1907 Uret.
395 1856 473 1908 Paris.
494 1868 521 1909 et
534 1855 597 1908 edit.
617 1858 702 1929 princ.
749 1862 919 1932 aqnoter'mus.
932 1859 981 1914 Ed.
991 1863 1076 1933 princ.
1089 1860 1250 1912 banacoma-

201 1936 286 1985 Parm.
299 1935 401 1985 Vieent
412 1935 488 1986 Unus
499 1935 650 1986 Gronovius
665 1953 704 1987 se·
749 1937 846 1992 chiam.
856 1941 939 2012 Heyn.
950 1942 978 1991 in
987 1941 1117 2011 prooemio
1129 1938 1164 1990 ad
1176 1937 1250 1992 culi-

201 2024 279 2064 eutus
298 2024 345 2064 est
367 2013 441 2081 Stepe
458 2031 522 2063 vero
541 2015 704 2083 grammatici
749 2021 933 2084 cem‚neseio‚
944 2037 978 2070 an
987 2019 1022 2070 de
1031 2018 1175 2086 industria,
1187 2021 1251 2071 sori-

199 2103 339 2142 mutarunt
349 2090 498 2161 perfectum
510 2090 585 2160 quod
595 2092 648 2142 vim
659 2090 705 2144 ha·
747 2099 801 2169 psit
808 2097 988 2170 coqnoseimus.
997 2097 1127 2148 Misius.
1136 2098 1252 2166 conjecit

199 2167 248 2221 bet
256 2169 347 2220 aoristi
354 2168 447 2220 Greci.
457 2169 545 2220 Burm.
557 2169 636 2222 etiam
645 2188 704 2221 cors
747 2174 1048 2245 Batrachomyomaclrioe
1077 2173 1249 2248 iquoset'mus,·

199 2247 267 2299 rexit
274 2246 441 2324 effluxerant.
452 2245 494 2299 Sic
505 2246 594 2299 Hand.
607 2250 654 2319 qui
666 2268 703 2301 re·
748 2252 795 2305 ted
808 2271 951 2322 agnoscere
969 2251 1023 2304 hoe
1040 2251 1102 2303 loco
1119 2253 1250 2322 significat

201 2326 425 2401 cepitfluxerunt.
439 2324 645 2378 -Prodit'ssent
662 2329 703 2379 De
746 2331 874 2402 probare,
895 2349 951 2382 non
968 2329 1170 2402 reprehendere.
1186 2334 1250 2385 Bar-

198 2405 259 2457 sine
272 2421 328 2456 meo
345 2422 402 2476 pro.
411 2443 417 2454 .
426 2443 447 2456 ..
466 2418 648 2480 conqreyatm
665 2409 703 2459 ita
748 2409 817 2461 thius
827 2407 968 2461 inineditis
978 2410 1089 2476 notavit,
1099 2427 1158 2460 roc.
1168 2410 1248 2462 etiam

199 2486 299 2549 Parra„
313 2483 466 2554 suppletum
476 2485 504 2535 in
515 2487 633 2554 margine
643 2503 702 2558 pro-
745 2507 800 2540 non
806 2489 919 2541 luissein
926 2489 991 2540 Cod.
998 2487 1247 2558 Merseburgflsrtn.

199 2563 322 2616 diistent:
344 2575 370 2614 et
385 2581 463 2615 mors
483 2564 548 2635 quid
563 2565 632 2615 enim
636 2603 699 2616 .....
785 2583 824 2618 ιο.
840 2569 888 2638 Op.
898 2568 958 2619 mis.
968 2569 1037 2639 Lege
1050 2585 1091 2639 op.
1101 2565 1180 2619 seriis.

199 2661 304 2716 quoque
315 2643 482 2710 auctoritate,
495 2643 647 2715 suppletum
659 2662 701 2695 ea·
784 2662 825 2697 rr.
844 2647 931 2716 Quum
945 2645 994 2698 itta
1010 2664 1054 2699 vos
1069 2656 1143 2699 eerte.
1159 2643 1248 2699 Editio

199 2719 359 2773 demmanu:
369 2723 702 2795 oportetlrujusquoqueau·
745 2727 865 2778 Romana
880 2744 930 2797 pro
943 2746 1040 2798 quum,
1055 2725 1137 2778 habet
1151 2745 1247 2799 quom5

199 2799 324 2852 ctoritate.
341 2799 440 2852 Eadem
457 2800 551 2854 lacuna
566 2804 593 2853 iu
607 2803 698 2854 Vener.
746 2803 852 2878 reliquae
865 2825 934 2857 eum.
948 2807 1030 2856 lirun.

199 2879 277 2950 Vulg.
286 2879 357 2949 Quid
364 2881 434 2932 euim
445 2892 545 2952 oportet
553 2881 700 2954 tnjusquo-
785 2887 824 2938 13.
844 2883 935 2937 Solam
948 2883 1091 2936 habuerint.
1108 2882 1150 2934 Sio
1160 2881 1246 2934 fland.

198 2958 336 3029 qne-ln
348 2957 431 3011 Codd.
449 2959 566 3026 Uradsl„
578 2959 656 3011 Drah.
675 2975 702 3014 et
748 2966 793 3035 qui
811 2962 888 3016 haee:
908 2957 1012 3015 ¹restitui
1028 2962 1168 3014 lectionem
1187 2980 1246 3013 om-

197 3037 278 3088 Paris.
286 3037 380 3108 legitur
384 3037 635 3110 prodiissent,·Lind.
643 3045 701 3094 scri·
746 3044 819 3096 nium
830 3042 913 3096 Codd.
923 3056 948 3094 et
959 3039 1019 3092 edd.
1027 3040 1248 3109 auttGevartins,

198 3119 251 3188 psit
259 3118 409 3187 prodissent.
417 3118 503 3170 Verba
514 3131 615 3190 oportet
624 3119 701 3194 hujus
746 3141 801 3175 non
812 3122 939 3174 librorum
953 3120 1124 3184 auctoritate,
1137 3118 1184 3171 sed
1198 3138 1247 3172 sua

197 3193 322 3263 leguntur
339 3197 366 3245 in
383 3194 467 3249 Codd.
483 3200 557 3250 Urat.
575 3197 655 3250 Dralr.
675 3215 701 3252 et
745 3212 840 3270 sponte
857 3197 939 3250 edidit
953 3196 1113 3262 tabuerunt,
1133 3196 1206 3266 quod
1218 3199 1247 3250 in

197 3274 292 3337 Poris,
310 3285 336 3323 et
352 3274 378 3322 in
394 3273 435 3324 ed.
452 3277 554 3329 Vicent.
571 3297 628 3349 quse
646 3299 700 3330 non
745 3279 860 3331 Gronov.
871 3290 897 3329 et
909 3275 1002 3327 Markl.
1018 3277 1127 3327 transiit.
1138 3279 1246 3328 Utrum-

198 3363 318 3402 correcta
334 3365 373 3404 est
390 3351 423 3403 ad
441 3355 588 3426 exemplum
603 3359 701 3409 Roma·
746 3373 810 3426 que,
832 3357 853 3405 si
874 3353 906 3404 ad
925 3355 1095 3425 grammatica
1113 3366 1246 3424 praeeepta

196 3447 269 3480 num.
279 3429 320 3481 Sic
328 3429 514 3504 Handius‚qui
523 3448 548 3485 et
555 3437 610 3505 ipse
618 3433 700 3486 habet
745 3435 926 3501 revocaveris,
948 3431 1090 3504 probatum
1114 3435 1244 3505 accipies:

197 3519 295 3580 oportet
307 3510 505 3584 hujusquoque‚
515 3513 630 3565 etevid.
642 3528 697 3566 noe
745 3516 784 3564 sin
797 3532 902 3565 sensum
918 3512 1056 3584 etreliqua
1069 3511 1148 3563 verba
1162 3532 1248 3587 respe-

232 3588 257 3640 6.
280 3589 364 3659 Quum
376 3592 470 3643 adhuc.
479 3592 554 3662 Quod
561 3593 654 3644 adhue.
662 3622 699 3632 —
743 3593 824 3655 zetis,
835 3593 1032 3660 conjunctivum
1043 3591 1176 3663 praeferes.

199 3669 274 3738 Quod
282 3669 383 3733 adhuc;
393 3673 428 3722 ita
438 3669 503 3723 Cod.
516 3671 595 3722 Paris.
609 3684 634 3722 ot
644 3690 698 3722 om·
781 3669 820 3721 15.
828 3669 864 3719 Et
870 3667 978 3741 sinqulr's
986 3670 1079 3721 diebus.
1085 3672 1243 3725 Parm.Ven.

196 3765 243 3799 nes
251 3747 311 3800 edd.
320 3749 382 3800 inde
392 3750 426 3800 ab
436 3752 561 3801 Romana.
572 3749 623 3801 Sed
630 3751 695 3803 Cod.
743 3760 770 3798 et
780 3748 855 3798 Iiom.
868 3759 893 3799 et
906 3747 933 3798 in
944 3745 1069 3820 sinqulr's,·
1084 3753 1244 3802 reete—In

196 3829 270 3880 Uret.
284 3845 308 3881 et
324 3829 365 3881 ed.
382 3832 466 3901 prino.
477 3847 544 3900 quo,
562 3830 634 3899 quod
649 3828 697 3882 de·
741 3825 850 3899 sinqulr's
860 3826 955 3897 legitur
964 3829 991 3878 in
998 3828 1122 3882 omnibus
1130 3831 1244 3901 antiquis

195 3907 269 3959 feudi
283 3926 338 3958 non
354 3919 450 3977 potest.
469 3909 550 3958 litun.
569 3937 605 3948 -
623 3909 697 3982 Quod
742 3905 824 3960 libris.
839 3906 937 3959 Aldina
948 3911 1160 3980 praepositionem
1174 3909 1244 3959 omi-

196 3985 282 4036 adhue
304 3985 398 4055 legitur
418 3984 446 4035 in
471 3983 587 4040 editione
608 3986 695 4042 Hand.
742 3989 788 4055 sit,
802 4000 900 4060 etpost
913 4007 971 4042 eam
985 4007 1090 4054 omnes;
1104 3989 1242 4040 restituen-

146 4123 149 4132 .
196 4060 263 4112 Vide
277 4073 366 4114 notam
380 4061 410 4130 5,
420 4079 480 4133 pag.
493 4079 517 4134 7.
742 4065 1240 4136 darntamencensuimus,lland.duce.
