2782 4486
204 306 270 372 660
383 307 518 372 NOTAE
543 310 588 370 tn
615 309 809 372 CARMEN
834 309 1064 375 TERTIUM

200 456 297 512 genera
310 437 462 488 carminum.
475 458 485 480 ι
501 431 551 486 Sctl
563 431 666 504 decepit
679 452 724 484 eos
736 451 786 485 vox
798 433 930 499 Versibus,
943 454 994 506 pro
1005 453 1058 508 qua
1071 437 1145 489 clare
1157 439 1243 512 legers-

200 522 263 573 dum
277 517 387 572 Vocibus
401 539 408 566 :
424 513 496 586 quod
509 513 552 565 ille
565 513 630 566 senis
642 513 750 586 pedibus
763 512 889 582 (carmine
908 513 1031 588 heroico)
1044 518 1198 588 scribebat,
1216 535 1243 572 tu

199 599 288 653 solutis
298 597 398 650 vocibus
408 593 520 666 (prosa)
528 593 666 666 equabus,
674 605 700 645 et
706 594 822 664 passibus
827 595 904 666 oeqssis
913 595 1098 664 comitabar-is,
1108 617 1158 651 uec
1167 619 1243 670 prosa

201 697 245 734 tua
260 679 423 748 majestatem
437 675 560 726 carminis
570 675 702 725 Homerici
716 671 863 726 minuebss.
875 675 983 746 Optime
992 673 1048 728 hec
1057 677 1242 749 explicatllui·

201 763 283 826 linus,
297 757 411 810 carmine
423 754 456 805 de
468 753 667 824 Compositione
682 766 708 804 et
717 755 807 806 Mettis
819 755 977 822 Oratorum,
992 775 1030 808 vs.
1045 773 1080 825 9,

384 858 491 923 Optimus
500 860 585 904 Orator
592 859 698 921 sequitur
705 861 794 906 ratione
803 872 895 922 poetss.

384 935 500 994 Cognatas
508 932 591 976 virtute
600 946 652 984 sua;
664 941 811 993 metrumque
821 947 930 979 recussus

385 1003 426 1047 llic
435 1016 529 1063 quoque
540 999 587 1046 vult
596 1000 697 1046 numeris
706 1014 776 1046 voces
785 999 883 1047 irseusre
894 1013 1013 1062 vagantes:

200 1123 270 1158 voees
285 1109 406 1173 oupontes
417 1110 477 1148 sunt
489 1115 555 1167 quas
567 1097 663 1148 Noster
676 1094 771 1147 solutos
785 1095 902 1168 appellat
912 1119 919 1158 ;
929 1115 1024 1167 supra,
1036 1117 1075 1149 vs.
1092 1117 1138 1151 ros
1150 1137 1159 1166 ‚
1172 1104 1244 1153 «sire

198 1203 259 1236 orsa
272 1180 372 1233 libebat
386 1179 476 1230 Aoniis
488 1179 587 1230 vincire
601 1174 701 1240 modis,
717 1193 763 1226 seu
776 1193 841 1228 voce
854 1176 941 1228 soluta
954 1175 1096 1248 Spargere,
1113 1202 1124 1224 ι
1144 1182 1181 1233 ita
1192 1181 1245 1234 Ge·

198 1263 270 1317 neth.
283 1261 397 1325 Lucani,
408 1275 446 1310 vs.
459 1273 507 1323 22,
522 1258 575 1309 «Es
586 1258 677 1307 vinctas
690 1254 758 1326 pede
769 1257 859 1324 vocis,
871 1270 898 1308 et
910 1255 1010 1309 solute.
1022 1281 1033 1304 s
1048 1259 1095 1310 llis
1105 1263 1244 1313 contrarias

198 1361 268 1396 voces
280 1341 307 1393 in
319 1339 417 1392 nodum
431 1337 570 1402 adstricta,
584 1333 655 1407 apud
672 1347 807 1386 auctorem
819 1335 916 1404 Paneg.
931 1333 965 1387 ad
980 1336 1121 1403 Pisonem,
1140 1358 1180 1392 vs.
1193 1343 1245 1409 59,

201 1448 212 1471 ι
226 1425 277 1476 Seu
288 1423 364 1492 juvat
377 1417 515 1474 adstrictas
529 1417 556 1467 in
571 1415 670 1466 nodum
690 1431 786 1484 cogere
800 1431 911 1466 voces.»
928 1417 992 1467 Rem
1005 1419 1105 1487 optime
1124 1423 1246 1491 exprimit

198 1507 314 1568 Seneca,
325 1496 432 1552 Consol.
447 1496 480 1550 ad
495 1495 646 1567 Polybium,
659 1512 682 1545 c.
695 1494 731 1546 30
744 1515 750 1543 :
769 1492 909 1564 adgedum
925 1493 968 1545 ills
982 1513 1039 1565 quse
1050 1494 1136 1547 multo
1147 1500 1246 1570 ingenii

198 1588 237 1636 tui
246 1582 339 1636 labore
349 1579 482 1632 celebrata
492 1591 568 1642 sunt,
580 1577 606 1626 iu
620 1592 714 1626 manus
724 1591 810 1639 sume,
823 1573 976 1626 utriuslibet
985 1576 1101 1626 auctoris
1113 1581 1246 1642 carnion

199 1681 258 1735 quc
265 1673 293 1713 tu
303 1663 339 1713 ita
349 1657 494 1724 resolvisti,
502 1669 532 1706 ut
545 1656 663 1727 quamvis
674 1665 802 1706 structura
812 1650 920 1704 illorum
929 1655 1080 1719 recesserit,
1090 1671 1245 1726 permanent

197 1757 285 1796 umen
298 1739 392 1812 gratia.
405 1737 447 1790 Sic
461 1739 530 1788 euim
543 1735 586 1788 illa
599 1753 631 1786 ex
640 1731 691 1784 alia
702 1732 791 1804 lingua
800 1734 828 1782 in
838 1731 915 1783 absus
929 1731 1098 1798 mouisti,
1111 1746 1141 1786 ut
1155 1735 1246 1808 (quod

198 1821 382 1875 difficillimum
395 1817 467 1887 erat)
478 1835 569 1868 omnes
579 1817 687 1866 virtutes
697 1815 724 1865 iu
736 1812 848 1864 alienam
860 1825 886 1863 te
901 1813 1043 1863 oraticnem
1056 1826 1152 1865 secut:
1161 1815 1222 1867 sint.
1231 1839 1242 1861 ι

197 1903 263 1955 Vide
277 1900 312 1954 ad
330 1901 414 1972 Lyric.
436 1894 469 1948 ad
484 1897 569 1948 Seuer.
590 1912 626 1946 vs.
649 1892 700 1962 67,
715 1891 763 1943 ubi
779 1891 864 1944 fusius
881 1889 943 1942 dixi.
962 1893 1039 1942 Potes
1059 1893 1136 1942 etiam
1156 1892 1244 1962 legere

198 1981 289 2033 solutis
299 1979 438 2032 -Gressibsts

236 2140 293 2192 163.
313 2139 409 2210 Juqera
422 2135 519 2186 Dauni.
536 2132 647 2185 Rutulos
661 2131 798 2201 inteiligit,
811 2131 857 2202 qui
869 2129 982 2182 Ardeam
995 2143 1152 2194 tenuerunt;
1166 2146 1192 2184 et
1203 2133 1243 2185 si-

197 2223 246 2274 lius
257 2218 363 2272 italicus
375 2233 421 2268 eos
432 2215 547 2286 appellat
555 2215 688 2265 Dauniam
697 2215 791 2286 pubem
803 2234 809 2261 :
821 2231 881 2264 uam
888 2213 1000 2264 Daunus
1008 2211 1243 2283 luitpater'l'urni,

199 2305 244 2375 qui
258 2300 361 2354 Rutulis
373 2297 518 2369 imperarit.
533 2295 658 2366 Sequenti
668 2311 760 2359 versu,
776 2293 869 2346 Veneri
879 2292 982 2363 plorata
995 2293 1091 2345 domus.
1106 2295 1243 2347 besinium

197 2381 335 2454 intelligit,
351 2378 397 2430 ubi
413 2389 490 2429 eraut
503 2375 570 2428 tedes
585 2374 698 2426 Veneris
711 2373 973 2425 communis-nomini
983 2373 1092 2437 ¹Latino,
1107 2386 1138 2424 ut
1152 2376 1244 2427 scribit

198 2462 310 2523 Strabo,
326 2475 417 2528 magna
433 2455 594 2529 populorum
609 2453 762 2505 celebritate
776 2451 886 2522 plorate
900 2473 905 2500 :
921 2469 983 2502 nam
997 2451 1132 2502 Numisius
1146 2452 1244 2506 dusius

198 2545 333 2613 proximus
348 2552 403 2604 est,
417 2539 445 2588 in
460 2555 513 2608 quo
529 2535 622 2586 AEneas
637 2533 705 2586 filius
719 2545 758 2584 est
773 2530 933 2582 submersus.
951 2531 1047 2582 Dosstr.

239 2735 294 2787 ¹7¹·
314 2715 350 2767 Et
360 2725 448 2786 opertu
462 2713 550 2765 domos
562 2711 681 2763 incendia
694 2719 801 2762 servunt.
819 2706 975 2773 Miraberis,
992 2707 1086 2774 lcctor,
1099 2725 1152 2780 quc
1165 2727 1245 2762 sensu

200 2795 319 2848 incendia
333 2795 385 2846 dici
398 2807 510 2866 possunt
522 2809 620 2844 seruarc
638 2791 727 2842 donsos
743 2813 751 2841 .-
768 2790 851 2859 msgis
871 2787 938 2838 iorte
952 2787 1089 2840 miraberis
1106 2787 1175 2840 banc
1192 2789 1246 2841 lec-

200 2877 298 2926 tionem
311 2873 447 2925 delensam
463 2883 519 2923 esse
534 2869 639 2921 duobus
652 2871 753 2937 magnis
766 2865 973 2918 visisGrouosic
989 2867 1162 2925 etGevtsrti03
1178 2885 1247 2938 quo-

199 2972 257 3005 rum
270 2953 314 3004 ille
326 2953 362 3004 ita
377 2951 483 3014 scribit,
497 2950 580 3002 Diutr.
596 2967 619 2998 c.
636 2949 669 3001 35
683 2969 689 2997 z
706 2947 848 2999 «incendio
860 2959 914 2996 usn
926 2946 1033 3016 proprie
1044 2957 1148 2998 servant
1157 2947 1247 3000 domes

200 3047 245 3087 aut
259 3035 360 3087 iaciunt
380 3047 408 3084 nt
422 3013 470 3082 illae
484 3029 568 3082 illese
583 3040 721 3092 maneant;
736 3027 784 3079 scd
796 3025 995 3078 interiacendia
1009 3028 1137 3078 continua
1149 3025 1246 3080 domus

199 3115 287 3167 illese
299 3127 406 3166 manent
419 3125 445 3165 et
459 3123 598 3164 servantur
611 3132 617 3160 :
630 3107 690 3161 ideo
703 3107 827 3160 incendiis
840 3105 966 3160 adscribit
979 3119 1061 3177 poeta
1075 3105 1150 3177 quod
1160 3109 1247 3162 existit

198 3215 252 3247 ssno
264 3210 290 3248 et
304 3197 474 3264 conjunctum
491 3203 530 3242 est
544 3207 605 3242 cum
621 3189 760 3252 incendiis,
776 3188 899 3238 nimirum
913 3187 1079 3239 durationem
1092 3199 1120 3238 et
1135 3207 1246 3240 cousen-

199 3275 331 3325 vationem
338 3271 434 3324 sedium
443 3291 450 3334 ;
459 3285 530 3320 more
539 3267 741 3320 familiarissimo
750 3267 837 3336 poetis
850 3264 966 3337 fingendi
974 3262 1046 3318 uisset
1057 3263 1085 3318 si
1092 3264 1127 3330 ssi
1139 3265 1220 3320 sistes.
1232 3293 1243 3314 ι

199 3353 307 3404 Erudite
320 3369 397 3414 sane;
414 3351 488 3402 etita
501 3363 569 3420 sepe
583 3347 682 3399 factum
698 3346 785 3418 poetis
798 3346 889 3416 negari
904 3363 958 3396 non
970 3355 1066 3416 potest.
1079 3345 1147 3398 Vide
1156 3361 1247 3399 tamen

200 3443 300 3502 quanto
313 3443 435 3502 prestet,
453 3441 500 3480 set
514 3441 606 3499 operta
622 3429 725 3480 animos
740 3424 863 3478 incendia
876 3436 997 3487 servaut3
1010 3447 1021 3470 ι
1036 3442 1089 3496 qua
1105 3425 1171 3500 ignis
1183 3429 1248 3480 sirit

199 3511 242 3563 suls
256 3511 340 3576 terris,
354 3523 379 3561 et
391 3506 529 3572 incendia,
541 3505 603 3559 licet
617 3515 719 3577 operta,
733 3517 819 3556 tamen
833 3505 921 3577 cipent
933 3518 959 3558 et
970 3503 1072 3557 ammos
1081 3518 1192 3558 servant.
1208 3509 1246 3559 lta

198 3588 334 3660 scripsisse
352 3587 463 3639 Statium
479 3585 576 3636 evincit
588 3601 638 3634 vox
656 3593 760 3653 opertu,
782 3601 841 3654 qutc
855 3581 1010 3635 miraculum
1030 3596 1125 3653 eugen
1145 3587 1247 3656 qnippe

198 3678 285 3739 operta
299 3664 422 3719 incendia
436 3663 566 3736 exstinqus'
579 3662 678 3725 solent;
692 3661 736 3714 hic
750 3681 828 3728 vero,
840 3663 923 3729 Baiis,
936 3681 1087 3735 quanquam
1100 3675 1189 3736 operto
1196 3703 1207 3730 ,
1220 3677 1247 3717 et

199 3750 247 3801 sub
261 3747 348 3821 aquis,
362 3747 439 3817 cquis
452 3746 596 3815 permixta,
610 3754 697 3794 tamen
711 3757 816 3795 servant
826 3743 927 3796 animos
939 3757 965 3795 et
976 3746 1043 3796 vires
1057 3760 1126 3795 suus.
1142 3743 1169 3795 Si
1185 3747 1246 3796 reti-

198 3847 262 3880 neas
271 3827 373 3891 dcmor,
384 3842 435 3876 vox
447 3833 533 3895 operta
544 3822 650 3873 minime
661 3824 809 3876 necessasia
823 3835 876 3884 est;
890 3823 969 3874 immo
980 3823 1146 3895 propositum
1158 3837 1246 3895 poetae

198 3905 324 3968 destruit,
350 3899 421 3958 etri
441 3897 584 3966 Θινμιπόν
602 3901 707 3972 penitus
727 3899 809 3964 tollit;
824 3900 889 3972 quid
906 3904 975 3954 enirn
993 3904 1105 3968 mirum,
1117 3906 1140 3953 si
1153 3903 1246 3955 densus

197 3997 330 4038 serventur
343 4001 423 4056 quum
436 3979 556 4034 incendia
570 3989 657 4051 operta
670 3981 741 4032 sint?
754 3979 862 4052 Scripsit
876 3998 937 4050 ergo
947 3982 1056 4033 unimus.
1069 3979 1152 4032 Simili
1165 3997 1245 4034 sensu
