2782 4486
174 287 183 300 ·
261 246 374 399 Q*
407 309 538 374 nrurr
562 309 737 390 Qururr
762 307 1013 373 sinvannu.
1054 370 1060 381 .
1165 305 1228 394 697
1270 295 1275 306 ’

194 454 234 491 est
244 439 498 512 AEpyptiejuventus
513 457 520 484 .·
539 436 576 487 sic
586 436 664 506 pubes
675 434 788 499 Achiua,
806 434 857 485 isto
868 432 956 487 Ovidii
968 431 1044 496 loco;
1063 432 1170 484 Graiam
1184 453 1233 506 pu-

194 519 248 570 bem
256 557 265 583 ‚
280 515 335 569 Val.
350 517 459 568 Flaccus
467 555 476 583 ,
491 518 541 580 Vl,
555 513 587 579 5,
601 514 646 565 ubi
660 516 758 586 pariter
771 527 827 565 erat
837 515 948 586 puppim
956 535 964 573 ,·
979 512 1089 576 Cicero,
1102 511 1135 564 de
1148 512 1232 564 Finib.

192 602 231 665 il,
248 599 280 663 6,
295 611 377 663 «aut,
396 599 418 650 si
434 599 517 668 magis
533 594 649 666 placeret
666 613 715 648 suo
733 611 805 648 ruore
821 594 911 665 loqui,
926 611 1005 664 quum
1022 595 1116 646 Omnes
1128 593 1217 644 Danai
1225 631 1233 657 ,

193 682 371 750 Mycenenses,
387 679 475 730 Attica
487 677 579 752 pubes,
596 675 743 748 reliquique
759 677 857 742 Greci,
874 676 921 746 qni
935 674 988 726 boc
1004 687 1136 746 anapesto
1153 675 1233 725 citan-

194 773 273 811 sur:-
297 760 334 810 ita
352 756 509 828 legendum
529 755 625 825 vulgo,
648 774 767 827 squam,
786 766 816 808 ut
826 757 926 810 Omnes
945 756 1049 821 Densi,
1063 766 1135 806 etc.»
1155 771 1234 824 quam

195 858 230 891 sc.
244 839 419 909 voluptatem
432 835 491 889 vide
503 836 685 908 praecedentia.
699 837 830 888 Genuam
840 837 921 908 pubes
931 837 1050 901 Persius,
1062 834 1114 887 Sat.
1127 835 1176 899 vl,
1188 835 1235 900 443

195 933 220 970 et
229 916 323 970 similia
331 916 404 988 apud
413 933 513 968 omues.
525 917 575 967 Pro
585 915 712 982 Delicias,
722 919 788 968 Vsu.
799 915 855 968 Esle
865 926 934 976 tuas,·
944 916 1029 968 Perm.
1041 926 1067 964 et
1074 916 1149 966 Rom.
1160 912 1237 963 AE'di-

193 1009 267 1060 tuas‚·
284 995 357 1068 quod
374 996 487 1068 explicat
505 996 634 1048 Domitius
651 1019 657 1047 :
678 995 818 1048 «AEdituas
831 997 904 1066 picas
920 994 1049 1066 appellet,
1069 995 1194 1065 qnoniam
1209 993 1236 1044 in

193 1076 472 1148 laaniotemplornm
487 1077 637 1146 frequenter
652 1074 766 1127 insidere
779 1074 884 1138 soleut;
897 1075 1000 1126 AE'ditui
1012 1087 1101 1125 antem
1113 1071 1237 1124 dicuutur

194 1154 354 1226 templorum
367 1155 499 1208 custodes.
510 1175 521 1202 s
536 1155 684 1208 Ridiculum
693 1153 763 1207 banc
772 1157 1014 1226 interpretationem
1025 1152 1125 1204 dudum
1137 1155 1238 1204 notarit

193 1235 345 1302 Quarum,
363 1237 454 1306 Papiu.
472 1237 544 1288 lect.
557 1238 594 1302 V,
607 1252 641 1304 9,
655 1235 703 1286 ubi
717 1234 835 1287 defendit
851 1246 877 1286 et
893 1234 1007 1306 explicat
1022 1233 1151 1294 Delicius,·
1165 1230 1237 1304 qnod

194 1315 331 1366 confirmat
343 1314 537 1381 Quintilianus,
551 1316 633 1366 instit.
651 1316 678 1379 l,
697 1333 729 1377 a,
744 1335 755 1360 ι
769 1313 872 1380 Verba,
884 1333 917 1366 ue
933 1313 1116 1366 Alexandrinis
1130 1309 1236 1383 quidem

194 1393 369 1464 permittenda
381 1391 494 1460 deliciis,
510 1396 564 1446 risu
579 1407 606 1445 et
622 1393 714 1447 osculo
727 1395 870 1466 excipimus
878 1414 908 1456 t·
923 1393 969 1446 nbi
980 1392 1079 1447 delicie
1091 1404 1152 1444 sunt
1162 1389 1238 1464 pueri

195 1469 308 1523 delicati.
324 1473 363 1523 Ds
375 1471 415 1524 bis
427 1471 565 1538 Martialis,
577 1473 666 1542 Epigr.
678 1473 723 1538 lv,
737 1486 806 1538 surr,
821 1488 831 1521 ι
847 1487 873 1524 et
884 1490 941 1544 sqq.

381 1569 403 1613 Si
413 1569 465 1630 quis
474 1567 534 1613 inste
544 1565 601 1613 mibi
610 1579 688 1628 posset
696 1579 805 1629 prestare
814 1569 916 1628 roganti,

410 1637 486 1695 Audi,
496 1653 567 1701 quem
576 1654 689 1701 puerum,
700 1638 793 1694 Flecte,
803 1653 885 1700 rogare
895 1639 974 1686 velim:

381 1709 474 1756 Niliacis
482 1711 583 1772 primum
592 1725 652 1772 puer
661 1711 680 1757 is
688 1722 796 1756 nascatsu
805 1712 829 1757 iu
839 1711 900 1766 oris;

411 1781 531 1845 Nequitias
541 1779 608 1828 tellus
617 1782 660 1828 seit
667 1780 724 1826 dure
733 1779 794 1827 nulla
805 1782 885 1843 maqis.

196 1869 234 1920 Ex
244 1888 297 1940 quc
307 1869 368 1922 loco
378 1889 451 1942 sequa
463 1870 530 1922 bene
539 1870 626 1942 legere
635 1887 728 1942 posses
737 1873 764 1923 in
774 1871 871 1937 Statio,
884 1870 1002 1943 loquaces
1009 1869 1156 1942 Nequitias,
1166 1866 1239 1938 qnod

197 1968 211 2001 a
223 1949 257 2014 τῷ
266 1949 385 2003 AEditrms
395 1967 450 2002 non
463 1949 567 2021 longius
580 1951 654 2003 abest
665 1969 744 2024 qnam
755 1948 782 2002 ri
794 1951 916 2003 Delicias.
929 1954 979 2002 Pro
990 1950 1125 2002 &cuiusve
1132 1987 1140 2014 ,
1153 1950 1237 1998 Parm.

197 2042 223 2080 et
239 2029 313 2080 Rom.
331 2029 498 2102 doctumque,·
516 2031 589 2103 quod
607 2033 715 2083 omnino
731 2049 822 2084 serum
839 2043 887 2082 est.
907 2029 1022 2083 Vulnera
1035 2041 1126 2081 nostre
1139 2043 1237 2090 causes,

196 2129 272 2164 versu
286 2108 461 2180 precedenti,
476 2125 538 2165 sunt
554 2122 640 2164 nostra
659 2111 779 2178 vulnera,
799 2114 821 2164 si
839 2109 913 2164 locus
930 2124 1001 2162 recte
1016 2107 1114 2161 babeat
1129 2128 1135 2158 ι
1153 2115 1240 2158 nostra

197 2209 274 2242 eausa
285 2208 335 2260 pro
347 2210 407 2254 aas,
422 2205 450 2243 ut
461 2210 537 2244 casua
548 2193 642 2244 veneni
656 2210 706 2263 pro
723 2209 853 2244 venenum
870 2191 941 2260 apud
956 2188 1035 2244 Ouid.
1051 2191 1116 2242 Met.
1128 2189 1176 2255 Ν,
1192 2202 1239 2255 ¹9,

197 2281 224 2318 et
238 2269 376 2322 innumera
389 2271 446 2339 ejus
456 2269 556 2323 iormae.
570 2270 622 2324 Sed
633 2270 666 2322 de
679 2272 730 2323 loci
741 2273 854 2324 sanitate
865 2269 967 2322 dubito.

233 2411 274 2464 68.
294 2412 444 2484 Infantem,
461 2411 603 2486 linquaque
618 2414 714 2481 simul,
730 2413 872 2485 salibusque
888 2423 1043 2485 protervum.
1065 2410 1096 2460 ln
1113 2403 1184 2457 MSS·
1202 2417 1240 2456 tsi

198 2488 291 2562 linqua
300 2491 406 2542 simium
412 2513 422 2552 ;
432 2505 457 2543 et
467 2493 504 2543 ita
515 2492 589 2544 editt.
600 2494 685 2542 Parm.
694 2505 720 2542 et
729 2493 821 2551 Rom.;
830 2492 897 2541 Ven.
911 2488 1002 2561 linqua
1012 2503 1151 2540 summum.
1160 2483 1240 2550 Quod

199 2587 281 2638 quum
293 2587 347 2620 uon
360 2571 551 2638 intellexerint,
565 2573 685 2622 iecerunt
702 2572 788 2642 primo
807 2567 896 2644 linqua
907 2567 987 2620 simul
992 2589 1001 2629 ,·
1016 2565 1112 2620 deinde
1127 2564 1161 2617 ad
1177 2581 1241 2636 sup-

198 2644 324 2716 plendum
333 2665 436 2698 versum
449 2645 608 2698 addiderunt
617 2667 687 2720 que.-
701 2647 842 2720 linquaque
853 2646 949 2700 simul:
962 2645 1035 2719 quod
1047 2658 1072 2697 et
1084 2644 1141 2696 aliis
1153 2655 1241 2694 ancto-

198 2724 270 2776 ribus
283 2743 352 2796 saepe
364 2727 464 2777 iactum
475 2740 523 2777 est.
534 2727 666 2779 Domitius
678 2727 783 2798 legebat
794 2727 920 2792 Simiam,
933 2740 958 2778 et
970 2723 1133 2796 intelligebat
1144 2720 1241 2773 animal

199 2803 268 2856 istud
281 2805 355 2876 quod
367 2803 451 2858 Graeci
464 2805 557 2860 elisus
569 2819 683 2858 vocant:
702 2808 795 2878 «Ego,
808 2807 908 2880 iuquit,
919 2822 975 2857 non
987 2803 1118 2858 habebam
1130 2819 1242 2875 puerum

199 2895 316 2954 emptum
328 2903 359 2935 ex
371 2902 449 2954 grege
462 2897 488 2936 et
500 2897 600 2938 catasta
609 2886 807 2959 Emptiorum
819 2889 863 2957 qui
876 2905 890 2936 a
903 2903 1033 2956 mangone
1045 2883 1138 2936 eruditi
1150 2879 1243 2951 loqua-

199 2983 242 3016 ces
254 2979 316 3016 sunt
327 2977 452 3038 tauquam
464 2967 544 3037 picae,
557 2980 603 3019 aut
612 2966 730 3038 gestibus
738 2967 841 3020 simiam
850 2967 988 3018 imitantur
997 2988 1004 3029 ς
1014 2965 1059 3018 sed
1070 2977 1158 3016 natum
1170 2960 1242 3034 apud

199 3063 240 3096 me
255 3042 412 3114 adoptavi·
427 3047 514 3116 Euge,
531 3047 601 3100 bone
619 3049 763 3118 interpres,
783 3045 819 3099 ad
835 3045 934 3098 Phaedri
952 3045 1065 3098 Fabulae
1075 3041 1241 3113 ableganda,

200 3123 245 3174 ubi
261 3123 391 3176 «arbores
407 3123 567 3196 loquuntur,
582 3145 636 3179 nou
651 3141 754 3179 tautum
768 3129 838 3179 feru.
852 3151 863 3174 ι
884 3128 915 3178 Τ.
928 3127 1095 3192 Demeterus,
1111 3122 1144 3176 ad
1159 3121 1203 3174 lib.
1218 3125 1242 3172 V

198 3205 289 3257 llosini
299 3207 454 3276 Antiquitat.
464 3207 562 3277 probat
571 3211 808 3279 conjecturamsiri
814 3207 887 3260 docti
895 3207 1004 3278 legentis
1012 3204 1103 3280 linqua
1109 3204 1242 3267 Samium,

200 3283 272 3356 quod
280 3287 382 3356 accepit
389 3303 438 3356 pro
445 3298 535 3353 acuto,
544 3305 575 3338 ex
588 3289 676 3339 Nonio
686 3287 820 3340 Marcello.
832 3286 883 3340 Sed
891 3285 964 3338 buno
974 3287 1072 3338 refutat
1078 3285 1240 3347 Gronovius,

199 3365 281 3415 Dian.
295 3383 318 3416 c.
329 3365 378 3431 61,
390 3379 416 3418 et
427 3365 490 3437 legit
503 3365 595 3442 linqua
604 3368 685 3420 simili
691 3391 701 3430 ,·
716 3380 741 3419 et
756 3370 814 3420 fuse
829 3381 854 3419 et
869 3366 971 3420 erudite
985 3365 1099 3438 explicat
1109 3360 1144 3413 de
1157 3379 1241 3433 puero

200 3447 377 3514 pantomimo,
389 3465 485 3517 quem,
497 3449 595 3520 inquit,
605 3459 754 3520 protervum
767 3447 857 3522 linqua
870 3447 951 3500 simili
962 3446 1041 3512 dicit,
1055 3463 1107 3518 qua
1119 3445 1244 3495 nimirum

201 3540 293 3575 seusus
305 3543 506 3598 sermonemque
518 3527 629 3580 aliorum
641 3529 786 3581 comoediae
798 3529 886 3580 refert.
898 3529 1005 3598 Optime
1017 3544 1095 3589 sane;
1108 3527 1158 3577 nisi
1171 3520 1242 3593 quod

200 3604 311 3672 propius
324 3617 362 3656 est
374 3608 510 3678 scripture
520 3606 665 3674 Codicum,
677 3627 730 3659 una
741 3619 845 3659 tautum
856 3607 931 3658 litera
943 3619 1059 3672 mutata,
1077 3605 1243 3664 «Infantem,

200 3680 291 3750 lingua
304 3685 430 3752 mutium,
445 3685 599 3758 salibusque
609 3701 777 3758 protervum:
790 3711 801 3735 s
816 3687 928 3738 nimium
940 3685 1048 3760 linqua,
1063 3685 1098 3737 ob
1111 3683 1183 3755 quod
1198 3701 1242 3734 su·

201 3781 247 3832 pru
260 3777 337 3816 vocat
349 3765 468 3837 loquaces
479 3767 611 3821 Delicias:
630 3770 721 3820 Horat.
736 3770 821 3820 Casm.
836 3771 876 3832 ll,
893 3785 921 3818 ra
932 3806 940 3834 ,
953 3767 984 3834 5,
1001 3770 1078 3820 sNec
1094 3783 1176 3817 suros
1192 3766 1243 3815 La-

202 3842 303 3912 pithas,
320 3858 344 3897 et
363 3847 472 3900 nimium
489 3867 563 3900 rnero
581 3848 705 3920 Hylaeum.
717 3872 727 3895 s
749 3849 791 3900 Sic
805 3848 948 3900 immodice
960 3867 1029 3900 mero
1042 3849 1103 3898 rire
1114 3847 1199 3897 carm.
1216 3845 1243 3908 l,

206 3925 251 3982 133
265 3925 431 3978 immodicum
443 3927 518 3980 dictis
528 3929 649 3980 laxnttcu
661 3925 717 3981 val.
727 3929 854 3993 Flaccus,
866 3929 903 3994 V,
913 3926 978 3998 597,
990 3926 1036 3978 ubi
1048 3923 1108 3976 vide
1119 3927 1243 3976 Burman·

202 4021 279 4070 num,
291 4007 336 4076 qui
349 4023 379 4056 es
391 4007 482 4059 Tacito
495 4006 583 4058 lacum
596 4006 704 4066 adducit
715 4010 781 4059 Hist.
794 4011 820 4072 l,
834 4007 884 4073 35,
898 4031 909 4055 ι
921 4006 1106 4076 Ignarissiruus
1116 4006 1242 4074 quisquc,
