2804 4490
355 299 484 362 trent
508 301 715 365 securint
740 303 989 372 stuvsnuu.
1106 271 1189 404 w193

148 439 190 481 0⁸1
199 426 233 478 de
245 432 348 477 morum
359 421 459 483 dicere;
472 439 535 490 ergo
547 421 681 476 Melioris?
692 427 766 495 atqui
777 443 829 477 vox
841 428 887 479 tibi
899 447 955 499 quse
968 433 1047 486 modo
1059 448 1191 507 praecessis

148 505 185 560 sd
193 505 331 573 Glauciam
343 503 471 572 pertinet,
482 516 512 552 ut
521 499 589 554 bene
599 501 696 572 probat
705 503 862 558 Gronovius.
873 509 985 564 Pessime
994 515 1073 584 igitur
1083 533 1108 571 et
1117 539 1193 576 more

148 588 256 638 minim
271 600 320 635 suo
334 582 399 634 fecit
411 582 523 646 Statius,
536 583 649 633 sivones
663 582 712 634 tibi
722 597 748 634 et
760 594 805 635 tuo
818 585 928 638 dirersis
940 597 1060 659 personis
1074 601 1191 671 assigna-

147 667 231 732 terit,
245 661 349 734 ubsque
363 660 417 713 ulla
428 661 588 712 transitionis
600 673 679 713 note:
693 675 719 713 et
733 659 795 714 hine
806 667 916 716 maxime
928 671 1098 726 confirmetur
1107 685 1193 752 suspfi.

150 748 194 798 cio
206 762 266 796 mea
277 760 369 794 rocem
380 739 478 793 Melior
488 739 569 791 latere
581 739 630 791 sub
642 744 692 793 ista
705 740 807 803 hilarin-
821 763 870 796 nec
882 744 1010 801 abludunt
1022 748 1108 808 literae.

186 903 230 956 9⁰·
251 883 401 938 Nectenior
408 880 507 933 Peleus.
522 882 583 932 Non
592 881 664 936 aliud
674 882 782 935 verbum
793 889 955 941 comminisci
966 906 1057 963 potes,
1070 898 1144 968 quod
1156 921 1195 953 ar.

151 964 346 1036 gumentationi
362 975 388 1013 et
404 961 538 1014 sententie
551 963 633 1031 magis
648 961 736 1014 obstet
753 982 832 1033 quam
847 967 918 1019 istud
929 971 1020 1024 senior.
1036 974 1195 1034 probaturus

153 1061 192 1098 est
203 1045 304 1097 Statius
314 1051 433 1114 parentes
443 1043 471 1091 in
483 1059 574 1092 amore
585 1060 647 1113 erga
656 1055 734 1096 natos
744 1063 812 1116 stupe
822 1045 856 1097 ab
865 1046 992 1102 cluniset
1004 1059 1131 1126 sanguine
1140 1079 1195 1114 non

151 1127 250 1194 junctis
263 1124 395 1196 superari:
407 1123 446 1173 its
458 1121 551 1172 Peleus
565 1139 579 1172 s
594 1121 708 1175 Chirone
721 1137 747 1176 et
757 1123 893 1190 Pboenice;
907 1131 1021 1202 quippe,
1034 1136 1134 1208 inquit,
1148 1144 1202 1194 Pe.-

154 1204 210 1258 lens
222 1205 309 1258 senior
317 1201 400 1254 lilium
414 1199 543 1253 Achillem
557 1219 611 1254 non
625 1202 802 1255 comitabatur
814 1205 848 1257 nsl
860 1205 960 1259 bellum
974 1212 1135 1286 Trojanum,
1149 1221 1197 1273 ssd

155 1283 271 1338 Phoenix.
282 1283 314 1334 Et
325 1279 389 1354 quid
398 1283 493 1333 mirum
503 1281 525 1332 si
535 1281 627 1335 Peleus
636 1283 721 1334 senior
728 1301 783 1336 non
793 1285 985 1340 comitabatur?
994 1293 1074 1345 immo
1085 1295 1121 1348 ob
1128 1297 1198 1352 hanc

155 1365 239 1435 ipsam
248 1362 380 1416 rationem
392 1378 446 1411 non
458 1359 634 1412 comitabatur
643 1363 769 1433 quoniam
780 1377 836 1416 erat
846 1368 945 1429 senior;
957 1366 1009 1421 hoc
1021 1388 1060 1425 est
1072 1393 1198 1430 excusare

155 1443 218 1495 dnm
231 1454 352 1495 accuset.
369 1439 510 1492 Achilleid.
524 1443 550 1508 l,
564 1441 630 1507 438,
644 1441 690 1494 ubi
703 1456 757 1493 tota
769 1443 869 1496 Grecis
881 1448 1072 1517 profectionem
1087 1454 1123 1508 sd
1133 1459 1199 1510 Trn-

154 1526 205 1590 jam
219 1533 311 1593 porat,
323 1522 360 1574 ait
371 1519 483 1585 Statius,

341 1617 389 1664 llos
398 1617 459 1662 inter
468 1629 544 1663 motus
552 1619 642 1678 pigram
651 1619 722 1680 gemit
731 1634 771 1664 ors
782 1621 884 1683 quietem

341 1685 468 1740 Thessalis,
478 1699 501 1732 et
510 1687 606 1748 geminis
616 1686 706 1732 incussi
713 1686 761 1734 lats
771 1689 882 1750 querelis,
907 1749 910 1754 Ι

341 1755 410 1817 Quod
419 1757 495 1802 unior
503 1755 597 1814 Peleus,
608 1771 652 1804 uec
661 1756 737 1804 adhue
747 1771 850 1808 maturus
858 1759 965 1810 Achiles.

158 1851 234 1904 Vides
244 1855 330 1923 ipsum
341 1847 411 1900 banc
423 1864 480 1900 esse
492 1847 636 1911 rationem,
651 1844 724 1918 quod
738 1845 772 1898 etl
786 1847 883 1901 bellum
898 1851 1029 1923 proficisci
1043 1875 1098 1909 non
1111 1867 1200 1931 potuit

159 1930 262 2000 Peleus,
275 1931 338 2002 quis
348 1941 405 1980 eret
412 1927 510 1988 sertim,-
523 1927 643 1996 apposite
653 1941 679 1977 et
689 1929 763 1996 qnasi
773 1925 862 1981 dedita
874 1947 955 1999 opera
967 1931 1041 1985 locus
1052 1935 1102 1990 iste
1110 1940 1200 1994 Achil.

159 2011 240 2066 leidos
254 2011 397 2062 lectionem
412 2005 481 2058 benc
496 2005 599 2058 refellit.
616 2009 684 2076 Lege
696 2025 774 2074 vero,
791 2031 802 2053 ι
813 2007 869 2060 Nec
883 2014 988 2082 genitor
1000 2015 1091 2069 Peleus
1106 2035 1199 2074 natum

160 2095 310 2156 comitatus,
325 2101 376 2141 etc.
389 2110 399 2132 ι
422 2086 482 2137 Jsm
498 2097 617 2138 servatur
632 2099 823 2156 argumentum.
838 2089 945 2157 Peleus,
961 2113 1112 2167 quanquam
1125 2112 1202 2174 pater

160 2171 282 2236 Achillis,
298 2167 373 2221 illum
389 2185 445 2218 non
461 2163 651 2232 comitabatur,
666 2163 711 2217 sed
727 2164 835 2220 Phoenix
852 2169 954 2222 alienus
970 2187 995 2224 et
1009 2186 1135 2232 externus.
1153 2181 1199 2232 112

161 2269 224 2304 vero
232 2267 308 2302 voces
317 2247 454 2321 peniteret
465 2247 551 2296 senior
559 2244 692 2296 interdum
702 2259 907 2314 commutantur,
919 2265 949 2302 ut
958 2251 1017 2304 Silr.
1030 2256 1078 2322 ΙΙΙ,
1090 2259 1120 2326 3,
1134 2261 1200 2326 208,

159 2349 210 2401 pro
222 2329 323 2405 penitet·
334 2326 466 2379 mitissime
477 2335 598 2396 patrum,
612 2322 702 2376 Codex
715 2324 830 2377 Florent.
848 2341 920 2380 recte
933 2329 1013 2384 hebet
1027 2336 1126 2398 renim,-
1140 2339 1200 2392 vide

158 2408 239 2460 Gron.
255 2406 289 2460 sd
300 2409 392 2460 senec.
406 2405 483 2456 Herc.
496 2405 556 2455 Fur.
570 2422 593 2454 r.
604 2403 647 2454 32.
661 2405 699 2454 lta
713 2405 821 2457 luerim.
836 2407 975 2460 Etrusci.
990 2428 1033 2480 77,
1046 2432 1096 2484 pro
1107 2419 1199 2485 senior,

161 2489 242 2542 Perm.
256 2487 319 2540 edit.
334 2484 417 2538 babet
429 2484 539 2558 qenitur.
1050 2500 1053 2512 ·

196 2637 238 2705 9⁵·
256 2634 421 2706 fluctivuqus
435 2632 566 2684 volucrem
581 2636 699 2694 comebat
709 2634 801 2686 Persea
815 2635 912 2705 Dictys.
929 2637 999 2688 Nota
1012 2637 1123 2692 historia
1137 2642 1199 2694 Per-

163 2731 237 2780 seos,
246 2731 390 2785 quemnam
400 2725 483 2764 matre
491 2711 584 2763 Danae
593 2713 711 2764 Acrisius
720 2714 747 2763 in
757 2728 829 2762 mare
838 2715 935 2783 projici
944 2714 1097 2784 imperabat.
1108 2719 1200 2792 Dictys

163 2809 226 2844 rere
233 2795 346 2863 piscator
354 2789 487 2862 Seriphius
497 2787 597 2841 retibus
607 2791 677 2859 cepit
687 2806 774 2840 arcem
784 2788 811 2838 in
822 2806 874 2858 qna
885 2788 969 2842 clsnsi
977 2806 1066 2858 erent,
1078 2793 1200 2846 domum·

160 2891 217 2946 que
227 2871 328 2938 retulit,
342 2883 367 2924 et
377 2871 498 2924 ducavit
509 2872 611 2923 Persea.
627 2870 695 2922 Hinc
707 2867 779 2921 rides
794 2887 874 2940 quam
887 2888 982 2940 parum
996 2875 1083 2924 sensui
1096 2875 1200 2926 satisfe-

157 2953 197 3006 cit
211 2972 261 3005 vox
276 2953 405 3017 comebat,
423 2969 481 3023 quse
496 2948 562 3002 nibil
577 2949 705 3020 significat
717 2961 811 3020 preter
824 2950 941 3002 emebat.
959 2951 1041 3022 Atqui
1054 2969 1149 3022 parum
1162 2969 1201 3007 est

157 3053 250 3087 emere
261 3033 376 3104 aliquem
384 3051 512 3104 puerum,
523 3032 574 3082 nisi
584 3029 741 3082 institutioni
750 3027 792 3080 rel
803 3028 952 3083 educationi
963 3048 1053 3082 curum
1065 3031 1143 3085 simul
1151 3036 1201 3087 im·

155 3115 272 3186 pendam
285 3129 311 3166 et
322 3114 375 3166 boc
384 3131 477 3166 sensus
486 3111 540 3164 loci
549 3111 667 3182 postulat
676 3124 702 3162 et
715 3113 892 3180 conspersum
905 3109 1002 3164 dixisse
1014 3110 1120 3181 debuit,
1135 3136 1201 3171 nro.

156 3191 256 3245 luerem
266 3191 381 3245 curabat
389 3191 483 3242 Perses
491 3189 614 3260 Dictys3·
626 3186 679 3240 boc
689 3191 759 3239 enim
769 3200 853 3239 tetum
863 3189 983 3258 exprimit
992 3203 1019 3242 et
1027 3194 1202 3264 comprehen-

155 3273 202 3326 dit.
214 3272 395 3335 Claudianus,
409 3269 443 3322 de
454 3270 534 3322 Cone.
547 3269 620 3322 Mill.
632 3288 656 3320 v.
673 3268 737 3334 142:
756 3269 928 3321 «Humanum
941 3287 1032 3322 curare
1045 3290 1129 3342 genus
1143 3281 1202 3348 quis

155 3355 282 3406 terminus
289 3367 408 3422 unquam
418 3349 614 3420 Prtescripsitia
625 3347 711 3415 Idem,
719 3346 801 3399 Laud.
810 3347 865 3400 Stil.
874 3351 909 3414 ll,
918 3347 966 3414 53,
974 3353 1094 3420 apposite
1104 3357 1186 3426 magis
1192 3396 1201 3422 ,

591 3483 611 3493 ..
623 3483 628 3493 .
639 3463 697 3494 .nee
706 3449 804 3510 pignora
814 3463 880 3493 curse

341 3519 395 3565 Plus
404 3530 443 3564 tus
452 3551 459 3572 ‚
471 3533 539 3580 quam
548 3530 615 3564 nutes
623 3519 719 3566 dederat
728 3533 787 3580 quos
797 3517 835 3564 ille
845 3519 974 3566 monendos

343 3589 510 3652 Tutandosque
520 3589 569 3635 tibi.

152 3675 204 3729 sed
214 3677 281 3728 mibi
292 3678 377 3748 magis
390 3673 477 3727 adbuc
489 3675 577 3746 planet
589 3673 670 3727 altera
680 3691 744 3726 vox:
759 3693 789 3726 ea
802 3689 855 3739 est,
870 3674 1057 3747 «Fluctivngus
1069 3677 1203 3734 volucrem

151 3757 269 3811 tollebat
282 3757 379 3809 Persea
394 3756 500 3829 Dict5e;
512 3780 523 3802 ι
538 3757 592 3807 sive
606 3753 640 3805 de
656 3753 800 3808 sublatione
812 3756 922 3808 Perseos
936 3773 967 3808 ex
982 3774 1044 3809 arcs
1058 3757 1203 3832 intelliges,

151 3837 250 3891 sende
268 3837 438 3897 educatione,-
455 3839 561 3910 utrique
577 3839 647 3889 enim
663 3834 859 3888 accommodari
873 3849 974 3906 potest;
994 3837 1041 3890 sed
1054 3837 1091 3890 illi
1103 3843 1203 3910 potius.

150 3917 315 3992 Apollodor.
333 3920 375 3985 ll,
392 3920 425 3986 4,
439 3921 467 3970 iu
482 3917 532 3971 bac
549 3917 660 3970 historia
674 3939 680 3968 t
695 3915 879 3984 nptnrsxin‘rrs
893 3915 919 3970 di
932 3917 971 3971 ris
985 3915 1094 3983 scipturis
1108 3919 1207 3990 Enipei,

151 3995 356 4058 nlms'eeex,
376 3992 484 4066 tiridpsdr
498 3995 594 4050 eoiret:
613 4013 696 4048 «erce
711 4013 772 4046 reru
792 3996 818 4045 in
838 3992 978 4064 Seriphum
997 3992 1099 4058 deletu,
1118 3997 1212 4070 Dictps
1310 4053 1313 4060 ¹

249 4086 281 4151 1,
1026 4081 1064 4144 13
