2776 4484
170 280 210 346 72
325 255 460 320 NOTAE
485 257 532 320 IN
557 259 754 323 CARMEN
779 261 1045 330 SECUNDUM

165 381 210 432 dio
220 381 347 452 positam,
357 378 427 430 unde
437 397 521 446 novus
531 379 717 432 instituebatur
725 401 826 436 cursus.
837 386 897 436 fleo
907 404 969 436 vero
978 385 1051 439 nullo
1061 401 1140 458 pacto
1151 389 1202 440 ima

166 471 234 512 meta
244 462 333 512 vocari
344 474 446 531 potest,
459 478 516 530 quse
529 474 585 511 erat
596 462 623 511 in
635 459 687 513 fine
699 463 835 528 curriculi,
851 482 1010 537 quamquam
1022 466 1099 519 Ovid.
1114 471 1202 520 Amor.

165 541 212 605 lll,
225 537 269 605 15,
282 557 310 604 a,
321 541 370 590 ait:
385 561 396 585 ι
407 537 508 590 raditur
516 537 560 590 hic
571 539 650 610 elegis
661 541 750 594 ultima
761 557 829 594 meta
840 547 917 610 meis,
929 570 939 592 ι
951 546 997 597 uhi
1006 547 1160 618 intelligitur
1167 548 1206 600 ul·

166 619 245 670 timus
257 637 362 685 cursus,
377 637 454 692 quem
469 619 611 670 instituunt
623 619 656 671 ab
671 622 723 672 ima
735 635 803 673 meta
819 625 920 676 reversi.
936 628 965 677 ln
980 628 1031 677 ima
1043 640 1113 679 meta
1128 645 1204 680 nemo

166 697 259 769 palluit
271 698 303 750 de
314 701 422 750 victoria
435 697 522 750 adhuc
537 700 645 751 incerta.
658 701 723 767 Quae
735 720 815 773 quum
828 706 864 754 ita
877 708 941 772 sint,
953 705 1050 758 Statius
1063 708 1166 778 scripsit
1178 707 1205 757 in

166 780 221 848 ipsa
233 792 315 844 meta,
330 797 379 850 pro
392 781 418 830 in
430 780 489 850 ipso
503 797 595 844 cursu,
608 792 655 831 aut
666 793 740 832 motae
752 781 829 834 lleau.
842 783 910 834 Nam
921 783 973 835 hoc
986 804 1065 839 sensu
1077 799 1206 856 usurpant

165 857 236 911 illam
249 878 342 911 rocem
357 859 432 911 multi
443 862 597 930 scriptores,
614 873 640 911 et
652 863 762 914 maxime
775 878 859 935 poete
872 868 1044 932 recentiores,
1058 879 1087 918 ut
1098 868 1155 937 ipse
1167 867 1206 918 Si-

167 937 262 991 donius
272 941 298 990 in
311 940 395 992 rerhis
407 957 486 1011 supra
498 938 592 991 allatis.
613 941 694 992 llann.

206 1107 262 1144 too.
282 1091 362 1142 Haud
377 1102 489 1142 extrema
507 1089 615 1142 revolvit
629 1088 745 1142 vulnera.
759 1091 839 1142 Editt.
859 1091 958 1144 habent
973 1093 1095 1146 hestema.
1113 1093 1205 1158 Quiris

166 1169 253 1223 rideat
264 1171 314 1240 legi
326 1169 422 1222 debere
430 1187 540 1240 suaque,
554 1169 625 1220 haud
634 1183 760 1233 extrema,
773 1170 882 1223 revolvit
894 1171 1015 1223 vulnera:
1029 1183 1117 1222 cantat
1128 1170 1206 1224 Stella

162 1254 289 1320 juranum
302 1267 417 1315 amores,
428 1263 455 1301 et
466 1267 524 1319 quse
536 1249 592 1317 ipse
604 1265 696 1319 passus
711 1262 751 1302 est
762 1250 885 1312 vulnera,
900 1269 954 1301 non
967 1253 1085 1315 minima,
1101 1269 1149 1302 nec
1161 1269 1205 1301 ex·

136 4022 149 4050 Γ

168 1343 251 1381 nemo
263 1329 322 1380 loco
333 1325 465 1399 ponenda.
477 1325 670 1377 Adumbratum
684 1346 714 1378 ex
724 1331 794 1398 virg.
808 1329 856 1393 XI,
870 1346 928 1398 70⁰·
940 1333 1020 1382 Vetus
1030 1333 1108 1382 etism
1121 1330 1205 1382 codex

166 1407 259 1460 habuit
274 1420 322 1460 aut
330 1418 451 1459 exnema.
462 1410 597 1475 Perpetuos
607 1423 668 1456 vero
679 1409 748 1458 vices
758 1425 853 1459 vocum
865 1419 989 1462 extremus
999 1424 1024 1462 et
1036 1422 1154 1462 externus
1164 1409 1205 1460 vel

169 1491 305 1542 hesternus.
317 1492 356 1541 lta
367 1485 437 1559 apud
449 1484 539 1538 Silium
551 1484 684 1552 Italicum,
695 1486 739 1538 lib.
749 1491 780 1554 V,
793 1503 859 1540 vers.
871 1491 935 1557 273:

352 1578 462 1638 Degustat
470 1574 546 1634 cuspis
556 1589 693 1634 generosum
703 1587 797 1621 externa
806 1591 925 1632 cruorem,

168 1661 195 1709 in
206 1659 305 1728 optima
313 1653 521 1707 Drakenborchii
528 1650 642 1704 editione
649 1654 765 1704 invenies
773 1666 898 1716 extrem,-
912 1675 991 1726 φιιιιιι
1004 1669 1091 1708 tamen
1103 1673 1153 1707 rox
1164 1674 1207 1710 ex·

170 1747 251 1788 trema
260 1736 340 1789 modo
351 1735 519 1805 precesserit.
532 1731 753 1803 «Necquidquam
765 1748 884 1786 extrema
893 1734 1052 1808 longinquus
1062 1735 1148 1787 cultor
1158 1753 1209 1788 are·

170 1836 244 1881 nse;·
259 1831 285 1870 et
297 1834 386 1868 sensus
400 1815 507 1864 omnino
520 1811 634 1884 postulet
645 1825 764 1878 externa,
776 1828 806 1865 ut
815 1816 871 1866 Val.
884 1815 1006 1882 Flaccus,
1016 1819 1076 1884 Vll,
1087 1817 1136 1884 4²²
1148 1838 1154 1867 ι

355 1903 391 1946 An
396 1901 459 1960 jacet
467 1911 559 1945 externa
569 1897 632 1960 qnod
642 1914 704 1944 nunc
713 1899 769 1944 mihi
778 1901 874 1963 cuspide
883 1903 1000 1950 Canthus?

170 1981 304 2035 Editiones
316 1979 464 2032 Parmensis
477 1991 502 2030 et
514 1979 632 2030 hemana
643 1975 743 2032 habent
753 1999 848 2052 suaque
859 1993 905 2032 aut
914 1995 1019 2034 externa
1032 1982 1146 2035 revolvit.

210 2123 268 2177 105.
289 2120 371 2176 Vultu
384 2140 436 2174 non
448 2133 583 2191 aspernata
596 2123 686 2198 rogari.
702 2123 785 2174 Nimis
800 2140 856 2174 sera
873 2121 942 2187 hec,
958 2141 1007 2174 nec
1021 2137 1092 2175 recte
1107 2137 1210 2194 tempo·

171 2205 282 2278 poribus
297 2203 394 2265 divisa,
409 2219 425 2251 o
442 2202 523 2267 Stati,
538 2203 559 2253 si
576 2201 652 2254 nobis
670 2221 759 2254 narres
773 2203 902 2253 Venerem
917 2222 971 2254 non
986 2217 1150 2273 aspernatam
1166 2222 1209 2254 ro-

171 2286 242 2358 gari,
252 2303 333 2355 quum
343 2285 396 2352 jaro
407 2295 523 2352 rogasset
530 2279 611 2332 lilius:
622 2280 717 2332 dixisse
726 2280 778 2333 hoc
789 2279 904 2332 debuisti
914 2295 1054 2352 antequam
1064 2296 1209 2350 rogaretur,

172 2363 214 2419 vel
231 2383 312 2435 quum
325 2361 429 2432 Cupido
446 2363 558 2431 primum
574 2363 653 2431 coepit
670 2380 770 2432 rogare.
788 2363 870 2430 Lege,
890 2360 985 2413 «vultu
1002 2380 1055 2412 non
1069 2375 1209 2431 aspernata

173 2457 319 2514 rogantem.
330 2466 342 2489 ι
357 2445 414 2493 Jam
426 2440 477 2493 alia
490 2461 532 2493 res
544 2455 592 2494 est.
607 2443 683 2493 Hanc
697 2441 760 2493 mihi
772 2441 981 2494 emendationem
996 2442 1119 2512 suggessit
1131 2440 1211 2491 Clau-

174 2524 245 2578 dian.
256 2523 289 2575 de
298 2525 376 2575 Cons.
387 2520 459 2574 Mali.
471 2520 573 2574 Theod.
587 2539 623 2572 vs.
638 2538 702 2592 292,
714 2520 759 2573 ubi
769 2521 851 2573 verba
859 2522 933 2574 Statii
942 2540 991 2575 suo
1001 2540 1072 2574 more
1083 2519 1208 2592 sublegit:

639 2609 692 2655 Non
701 2623 821 2672 aspernata
831 2621 950 2672 rogantem

360 2678 549 2742 Amphitheatrali
558 2680 636 2726 faveat
645 2681 740 2727 Latonia
749 2697 848 2744 pompe.

176 2763 267 2835 Virgil.
278 2763 372 2831 Georg.
385 2760 431 2811 lib.
442 2761 490 2825 lll,
501 2779 567 2812 vers.
579 2761 645 2833 39²²

360 2851 420 2904 Pan,
430 2848 486 2895 deus
495 2849 611 2907 Arcadiae,
621 2863 712 2912 captam
720 2863 756 2910 te,
766 2852 845 2908 huna,
855 2849 938 2898 lelellit

360 2923 387 2967 ln
396 2936 492 2968 nemora
500 2920 544 2966 alta
554 2937 652 2978 roccum
663 2937 707 2968 nec
717 2933 743 2968 tu
752 2935 874 2986 aspernata
882 2934 1012 2972 rorantem.

176 3002 342 3074 Propertius,
354 2999 399 3052 lib.
410 3001 445 3065 ll,
455 2999 520 3071 eleg.
530 3003 567 3066 X,
577 3019 644 3052 vers.
655 2999 685 3065 41
698 3021 704 3050 ι

361 3089 516 3134 intersecare
526 3089 556 3134 tis
566 3103 608 3134 nos
617 3097 736 3149 aspernata
746 3085 857 3146 sepultos.

177 3166 307 3236 Scriptum
318 3179 372 3216 erat
388 3178 488 3236 rogate,
503 3169 619 3233 omissis,
634 3179 662 3216 ut
674 3165 754 3230 solet,
766 3164 846 3215 literis
860 3181 876 3212 n
889 3174 915 3212 et
926 3179 966 3225 m,
979 3178 1036 3230 quse
1047 3158 1153 3229 virgulis
1165 3177 1213 3229 ap-

177 3242 355 3316 pingebantur
367 3261 446 3313 supra
461 3246 565 3298 vocales
580 3245 675 3297 durtis.
691 3246 729 3295 Ex
745 3253 847 3316 rogate,
861 3239 934 3312 quod
951 3257 1004 3289 non
1019 3237 1213 3310 intelligebant,

177 3323 255 3376 facile
268 3334 323 3374 erat
340 3337 473 3374 recurrere
487 3323 521 3376 ad
537 3326 629 3397 rogari.
644 3323 763 3373 —Ferri
778 3320 883 3391 vulgata
899 3331 1020 3390 possunt.
1032 3316 1111 3370 Vultu
1126 3316 1214 3370 decla·

178 3419 248 3468 rsns,
259 3419 286 3452 se
296 3418 337 3468 ea,
346 3419 403 3474 quse
413 3401 524 3472 rogabat
533 3406 624 3470 Amor,
634 3421 688 3454 non
699 3401 853 3452 detrectare.
861 3403 961 3451 Tamen
973 3396 1119 3448 Marklandi
1129 3417 1215 3450 emen-

178 3482 250 3534 datio
261 3479 403 3532 admodum
413 3482 567 3553 probabilis.
585 3485 661 3534 Lm.
673 3511 708 3520 —
716 3482 846 3532 Domitius
858 3481 910 3531 ita:
926 3480 1060 3529 sinnuens
1071 3495 1098 3528 sc
1110 3495 1163 3527 non
1176 3479 1214 3528 in·

177 3563 258 3613 vitem
275 3561 405 3614 audivisse
419 3581 542 3633 preces·
559 3565 614 3614 Nec
630 3561 705 3612 male.
720 3562 814 3611 Utrum
828 3579 891 3610 vero
905 3555 998 3628 legeris
1014 3568 1163 3629 rogantem,
1180 3574 1214 3608 an

179 3642 276 3714 rogari,
289 3639 323 3692 ad
333 3643 457 3713 temporis
467 3645 592 3694 rationem
605 3639 674 3693 idem
683 3638 760 3691 valet.
771 3640 839 3690 Nam
849 3639 991 3690 infinitivus
1002 3639 1135 3708 praesentis
1146 3655 1215 3707 supe

181 3719 260 3772 habet
271 3723 322 3773 rim
334 3723 424 3773 aoristi
434 3721 524 3773 Greci.
543 3721 624 3771 thn.

220 3865 277 3918 106.
298 3827 401 3917 branse
410 3862 515 3935 quidem
527 3881 665 3935 rarumque
680 3863 746 3915 uitis.
762 3863 800 3913 lta
815 3865 965 3934 Propempt.
983 3861 1046 3912 Met.
1062 3857 1116 3910 cet.
1128 3877 1164 3910 vs.
1182 3855 1214 3910 ⁵:

185 3965 196 3986 a
205 3941 309 3996 Grande
320 3957 367 3996 tuo
380 3960 519 4014 raramque
532 3941 638 4010 damus,
651 3945 788 4016 Neptune,
799 3940 934 4014 profundo
946 3941 1132 4012 Depositum.-
