2850 4488
167 223 232 306 456
416 225 450 286 P.
478 225 517 286 P:
536 221 689 286 STATII
714 221 954 286 SILVARUM

213 349 340 442 Alpheo
352 346 538 442 permulcet
549 370 670 441 equos,
684 364 717 414 et
728 362 841 414 nostra
852 345 973 412 latiscit

212 465 427 552 Laxaturque
438 456 551 551 chelys
565 485 572 524 :
585 461 672 525 vires
684 459 836 549 instigat,
849 454 974 549 alitque

212 570 425 662 Tempestiva
437 569 550 662 quies,
564 563 671 658 major
681 582 759 658 post
769 567 837 632 otia
848 566 963 630 virtus.

213 678 304 745 Talis
316 694 448 745 cantata
460 677 606 745 Briseide
619 680 709 745 venit
720 674 862 743 Achilles

213 791 342 869 Acrior,
355 805 389 855 et
399 790 516 879 positis
529 789 640 880 erupit
650 791 685 854 in
698 791 840 856 Hectora
852 783 997 878 plectris.

213 903 263 966 Te
275 921 410 991 quoque
421 895 607 964 flammabit
617 900 715 964 tacite
727 898 867 988 repetita
877 916 1059 989 parumper

215 1009 366 1091 Desidia,
380 1024 414 1076 et
424 1007 539 1077 solitos
552 1031 659 1076 novus
670 1007 852 1076 exsultabis
864 1009 899 1074 in
911 1023 1015 1074 nctus.

214 1123 311 1187 Certe
318 1117 389 1211 jam
403 1119 503 1186 Latiae
514 1141 583 1184 non
595 1122 737 1186 miscent
745 1117 857 1210 jurgio
868 1115 975 1209 leges,

215 1235 258 1297 Et
268 1253 385 1320 pacem
396 1231 490 1321 piger
501 1251 611 1296 annus
623 1226 944 1321 habet3messesque
955 1249 1097 1293 reversae
1174 1238 1208 1303 lo

215 1345 378 1410 Dimisere
389 1341 500 1409 forum
514 1368 521 1408 :
535 1365 598 1410 nec
605 1365 677 1435 Jam
688 1341 748 1408 tibi
763 1341 861 1407 turba
872 1365 1007 1409 reorum

216 1453 406 1535 vestibulo,
419 1453 592 1547 querulive
603 1467 722 1545 rogant
733 1454 824 1519 exire
836 1449 988 1520 clientes:

215 1569 330 1633 Cessat
340 1566 479 1632 Centeni
489 1562 691 1631 moderatrix
703 1561 829 1631 Judicis
841 1561 954 1644 hasta,

217 1678 290 1758 Qua
302 1671 362 1740 tibi
373 1671 509 1741 sublimi
517 1673 588 1765 jam
600 1695 691 1740 nunc
702 1669 917 1739 celeberrima
929 1670 1018 1738 fama

218 1785 369 1862 Eminet,
381 1798 415 1848 et
422 1780 564 1873 juvenes
575 1782 731 1851 facundia
742 1784 1017 1872 praeteritannos.
1179 1797 1212 1864 45

270 1911 286 1950 α’
297 1889 386 1958 Felix
400 1899 574 1960 curarum!
586 1893 641 1958 cui
653 1914 722 1958 non
737 1889 908 1957 Heliconia
919 1891 1012 1958 cordi

174 2077 241 2132 libus
253 2078 335 2146 actis,
347 2095 396 2134 etc.
408 2105 419 2128 n
432 2079 483 2133 Sed
494 2084 567 2153 prius
581 2099 671 2134 verum
716 2095 739 2132 c.
758 2079 806 2146 14,
822 2079 950 2133 nBibulns
961 2093 1088 2134 tamem...
1102 2099 1212 2154 proces·

174 2171 221 2209 est.
232 2159 316 2210 Tacit.
326 2158 422 2211 Annal.
436 2160 486 2224 ΙΙΙ,
500 2182 512 2204 κ
522 2160 671 2230 fessamque
716 2161 750 2210 sit
770 2157 804 2210 ad
825 2157 903 2210 solita
921 2171 947 2210 et
966 2158 1073 2230 publica
1091 2161 1209 2212 officia.-

174 2250 276 2291 aetatem
291 2251 317 2290 et
328 2253 401 2291 actos
413 2237 517 2290 labores
529 2238 673 2310 praetende·
715 2237 811 2290 Solitos
821 2233 871 2288 hos
879 2251 953 2291 setus
960 2237 1090 2291 ossillum
1099 2238 1211 2291 laborem

174 2328 244 2367 ret·
261 2319 310 2369 Pro
322 2316 438 2388 Alpheo,
451 2318 535 2369 Parm.
547 2315 671 2390 Alpheos.
717 2335 796 2389 supra
821 2319 932 2368 vocavit.
958 2319 1061 2370 Gratius
1087 2318 1211 2388 Cyneget.

174 2427 210 2436 -
221 2396 286 2450 Cod.
299 2398 356 2449 Par.
370 2396 411 2449 ed.
427 2416 466 2467 pr.
479 2397 540 2451 eleis
554 2418 579 2450 a.
595 2397 613 2450 Ι.
625 2416 671 2451 ac·
716 2414 740 2445 v.
753 2393 820 2460 286,
835 2396 898 2446 «Do
909 2396 1022 2466 requiem
1034 2395 1160 2466 gravide,
1172 2415 1214 2447 so·

173 2487 219 2529 tos.
233 2477 293 2527 llaec
306 2489 331 2526 et
342 2475 385 2527 ille
396 2475 507 2547 Alpheo.
526 2478 557 2527 A.
716 2474 832 2544 litesque
844 2475 947 2525 remitte
959 2473 1095 2536 laborem
1107 2476 1214 2541 Noster,

210 2554 253 2607 36.
278 2555 326 2604 Pro
350 2555 476 2620 Hectores,
501 2555 563 2608 edit.
587 2559 670 2630 princ.
717 2551 778 2603 Silv.
787 2553 901 2617 V,2,v.
914 2551 979 2619 160,
994 2553 1062 2604 unet
1075 2552 1155 2605 mihi!
1169 2552 1216 2606 sed

174 2653 293 2706 sepum,-
312 2636 350 2686 ita
370 2636 449 2686 etiarn
466 2634 526 2688 cod.
546 2640 625 2689 Paris.
644 2639 672 2688 in
717 2644 801 2684 coetus
810 2628 903 2684 solitos
912 2632 935 2682 si
944 2633 1012 2683 forte
1021 2632 1106 2684 ciebo.
1116 2657 1127 2680 ι
1138 2636 1217 2688 Corn·

175 2725 262 2778 textu,
276 2713 323 2784 qui
334 2711 367 2764 nd
379 2731 460 2784 marg.
473 2715 595 2768 Hectora.
612 2716 645 2767 A.
718 2725 855 2765 mutentur
865 2710 905 2763 hae
916 2730 994 2765 voces
1012 2713 1038 2764 in
1053 2716 1157 2786 scriptis
1170 2734 1216 2766 co·

210 2792 253 2862 37.
274 2791 311 2844 Te
324 2792 586 2869 quoqueflammalst't
598 2797 675 2848 tacite
717 2791 836 2854 dicibus;
850 2791 886 2842 ita
897 2789 1010 2856 Seneca,
1020 2789 1129 2856 Medea,
1139 2811 1162 2844 v.
1171 2809 1217 2861 97,

175 2871 282 2943 repetitu
294 2889 436 2943 parumper
447 2872 566 2940 Desidia,
578 2885 604 2924 et
613 2874 674 2927 soli·
718 2887 768 2940 pro
786 2869 891 2922 solitum
905 2871 1005 2936 orbem,
1026 2872 1140 2941 optimus
1153 2869 1216 2921 Flo-

173 2950 220 3002 ‹los
231 2967 311 3003 noctu
323 2949 459 3004 exsultabis
473 2952 500 3003 in
513 2964 591 3005 amru.
606 2955 675 3005 Fieri
718 2951 836 3000 reatinus
856 2946 937 2999 habet
955 2946 1075 3000 solidum.
1095 2944 1161 2999 Vide
1180 2946 1217 2999 ad

173 3039 275 3096 potest,
285 3040 312 3079 ut
320 3029 357 3079 ita
364 3032 498 3100 scripserit
505 3031 672 3093 Statius5non
718 3026 796 3080 Ovid.
810 3029 881 3079 Fast.
900 3029 951 3092 ΙΙΙ,
966 3026 1034 3096 442,
1051 3040 1077 3078 et
1090 3027 1171 3079 Trist.
1191 3031 1218 3094 l,

175 3116 264 3156 tamen
277 3104 370 3170 video,
389 3109 465 3176 cujus
479 3126 542 3162 usus
556 3112 589 3161 sit
605 3108 673 3160 istud
719 3124 752 3171 s,
764 3127 788 3158 r,
801 3106 844 3172 54.
858 3105 998 3159 Gerartins
1009 3124 1116 3178 quoqne
1129 3108 1219 3175 conje-

175 3183 265 3248 tace,
282 3196 309 3234 et
323 3183 401 3238 valde
415 3189 536 3258 suspicor
551 3186 674 3239 Marcelli
718 3200 792 3237 cerat
802 3184 897 3239 solitos.
911 3189 961 3238 Pro
973 3205 1067 3252 nouus,
1079 3188 1163 3238 l'srm.
1176 3203 1220 3238 vo·

175 3279 272 3313 nornen
285 3261 364 3315 latere
374 3264 489 3318 subistis
500 3263 607 3338 syllabis
618 3284 675 3318 ma·
717 3265 775 3316 mis.
785 3295 821 3304 -
829 3263 895 3318 Cod.
908 3266 990 3316 Paris.
1001 3282 1017 3316 a
1027 3282 1109 3317 menn
1119 3265 1220 3336 prima,

175 3341 213 3392 bit
225 3342 301 3392 tacite
311 3359 353 3394 re:
367 3345 425 3395 «Te
437 3362 543 3416 quoque
556 3343 674 3395 flamnis-
718 3341 828 3406 solidos,·
840 3361 855 3394 s
867 3342 998 3407 secunde,
1009 3342 1105 3396 solitos.
1116 3341 1163 3395 nt.
1176 3361 1218 3415 pr.

175 3419 233 3483 bit,
259 3420 401 3488 Marcelle,
426 3423 509 3494 petita
531 3439 674 3495 parumper
718 3421 819 3474 solidos.
834 3425 895 3474 llaec
907 3435 934 3474 et
944 3420 1105 3490 ille,novus.
1123 3424 1156 3474 A.

174 3499 317 3562 Desidia„
334 3515 364 3555 at
376 3503 462 3570 infra,
479 3521 502 3554 v.
521 3503 570 3571 78,
588 3514 613 3552 et
628 3517 670 3570 99.
755 3502 797 3568 41.
818 3501 884 3553 Tibi.
897 3503 940 3555 Sic
955 3501 997 3554 ed.
1014 3503 1099 3574 princ.
1115 3513 1140 3554 et
1157 3499 1219 3553 cod.

174 3577 226 3632 Sed
237 3577 305 3648 hoc,
320 3593 413 3652 utpote
427 3582 605 3652 suspicionem
618 3593 673 3631 tan·
719 3580 797 3631 Paris.
815 3582 860 3650 qni
874 3581 908 3632 sd
920 3599 1002 3650 marg.
1016 3583 1121 3652 reponit
1135 3593 1168 3632 te.
1187 3581 1219 3630 Α.

174 3674 247 3727 tum,
259 3659 376 3720 dimitto;
393 3659 427 3710 de
439 3659 484 3711 illo
499 3670 599 3725 certus,
615 3661 673 3713 Ste—
752 3660 797 3726 ilo.
816 3659 918 3731 Vulgo,
930 3661 1097 3734 quemlique,·
1110 3661 1182 3732 quod
1194 3673 1218 3712 et

174 3741 239 3790 tium
250 3739 383 3808 scripsisse
392 3737 480 3789 solitos
489 3739 608 3806 inactus,
619 3757 672 3790 non
718 3739 818 3792 liabent
830 3740 890 3792 cod.
903 3744 961 3791 Par.
974 3739 1017 3792 ed.
1030 3760 1071 3811 pr.
1091 3741 1121 3790 A.

172 3814 282 3874 celidon
291 3812 673 3869 novruaccedesadsolitarnu-
754 3819 797 3890 45.
817 3820 867 3870 Pro
872 3823 981 3893 juvenes
985 3862 994 3887 ,
1010 3819 1070 3872 cod.
1083 3819 1163 3870 Paris.
1177 3817 1218 3869 ed.

175 3897 226 3946 nin.
241 3895 352 3956 Seneca,
365 3892 471 3948 Consol.
486 3895 520 3947 ad
532 3897 673 3962 Marciam,
719 3919 758 3970 pr.
765 3899 879 3970 jttvcm's.
899 3901 929 3950 A.
