2844 4484
204 259 266 325 552
394 254 533 322 NOTAE
557 255 606 318 IN
630 253 826 316 CARMEN
850 253 1050 319 PRIMUM

202 385 256 435 hec
267 401 316 435 vox
325 381 458 447 scribitur,
469 397 551 432 riorus
560 391 585 430 et
592 395 705 452 quacun
717 375 788 428 unde
798 378 899 428 restitui
908 390 998 448 potest
1009 377 1075 432 alter
1086 377 1163 432 locus
1175 385 1248 453 ejus.

203 461 264 514 dem
276 461 346 527 Silii,
358 461 409 526 III,
423 459 487 528 ²39²

388 558 428 604 llis
436 569 514 604 rector
523 555 612 617 litigent
624 567 688 602 ostro
697 570 767 617 super
776 553 844 601 altior
853 571 933 603 omnes

387 629 515 674 Germanus
525 628 583 674 nitet
592 625 739 684 Hannibalis,
749 641 870 688 gnevoque
880 625 981 672 tumultu

388 701 459 760 Mago
468 699 542 761 quatit
550 713 643 754 curren,
654 710 679 746 ct
686 697 782 770 Irstrerp
789 698 863 760 spirat
870 700 895 744 ln
904 700 987 745 musis:

202 800 283 872 vulgo
298 799 396 870 legitur
409 808 535 873 pratoque
549 794 681 862 tumultu,
698 795 771 868 quod
786 794 905 848 defendit
921 794 983 849 clar,
996 796 1247 862 Drakenborchin53
1289 781 1292 786 Δ

88 882 93 897 ’
203 883 325 934 Heinsius
344 883 495 950 conjecerat
510 879 646 950 patrioque
664 875 799 928 tumultu:
815 895 903 948 quevo
920 876 961 929 rel
979 895 1047 929 navo
1064 880 1150 932 verius
1168 891 1246 951 puto.

203 959 376 1014 Restituenda
387 959 442 1012 haec
454 977 504 1010 vox
517 971 543 1012 et
554 957 660 1024 oc'dio,
671 959 740 1009 Fast.
747 959 780 1024 V,
792 956 858 1022 401:

387 1066 439 1128 Ipse
448 1079 525 1112 tamen
534 1064 603 1111 lectas
611 1064 722 1125 Peqasaeis
731 1062 828 1110 collibus
836 1061 920 1111 herbas

418 1139 554 1200 Temperat,
565 1149 588 1182 et
597 1152 657 1182 nave
665 1133 760 1183 vulnere
769 1135 856 1182 mulcet
863 1153 909 1199 ope
918 1153 925 1192 ;

203 1235 296 1306 vulgo,
310 1253 377 1288 uuna
389 1233 430 1286 vel
442 1236 528 1295 carim
541 1232 641 1286 etVell.
652 1233 806 1301 Paterculo,
818 1235 900 1300 forte,
912 1235 978 1286 llist.
987 1229 1027 1302 II,
1041 1236 1089 1302 24,
1101 1233 1135 1287 dc
1147 1235 1245 1289 Cinna:

207 1339 218 1364 a
228 1313 262 1370 de
274 1334 328 1388 quo
339 1333 401 1367 vere
412 1313 465 1367 dici
475 1327 580 1386 potest,
592 1331 684 1366 ausum
697 1333 756 1365 eum
770 1333 828 1384 quse
839 1333 917 1366 nemo
930 1313 1039 1369 auderet
1050 1315 1154 1382 bonus,
1164 1317 1249 1386 perie-

205 1396 272 1446 cisse
286 1412 344 1464 quse
358 1412 373 1444 a
387 1392 461 1444 nullo
476 1395 527 1445 nisi
540 1392 683 1444 fortissimo
697 1390 789 1463 perfici
800 1404 926 1464 posseut;
939 1406 966 1445 et
975 1395 1056 1446 fuisse
1069 1395 1169 1446 eumin
1181 1411 1247 1445 con-

206 1469 331 1524 sultando
350 1472 535 1538 temerarium,
554 1473 583 1523 in
602 1469 769 1543 exsequendo
790 1491 929 1524 novumn
951 1473 986 1524 ita
1003 1472 1146 1545 legendum
1165 1485 1246 1543 puto,

205 1551 299 1621 vulgo,
310 1552 337 1602 in
347 1549 505 1622 exsequendo
515 1551 599 1601 virum
605 1570 614 1611 ,·
625 1567 679 1620 quo
689 1563 769 1620 pacto
779 1567 834 1599 non
846 1551 908 1603 sotis
919 1564 1036 1603 servatur
1046 1552 1181 1623 oppositio
1191 1567 1248 1623 quse

206 1629 356 1703 postulatur
367 1630 435 1681 inter
447 1629 610 1680 temerarium
623 1641 649 1678 et
660 1646 767 1680 uocum.
778 1630 867 1680 Utitur
878 1628 930 1681 lrac
939 1649 1004 1682 voce
1011 1629 1141 1696 Velleius,
1153 1648 1177 1680 c.
1190 1645 1247 1694 ino,

208 1732 220 1755 ι
230 1728 298 1761 nave
309 1707 428 1778 virilique
440 1725 555 1779 opertu»
570 1706 741 1778 Calpurnius,
753 1705 843 1776 Eclog.
852 1707 884 1772 V,
897 1724 938 1774 ιι,
953 1709 1030 1760 «Jam
1040 1727 1090 1780 pro
1099 1726 1142 1758 me
1154 1725 1247 1759 ιιιιυιιιιι

207 1801 285 1860 potes
297 1805 417 1840 exercere
424 1791 569 1859 juventam.
581 1809 591 1833 ι

245 1957 287 2010 77.
302 1939 486 2012 Succinctaque
492 1948 597 2012 pectora
605 1938 679 1989 curis.
690 1936 720 1988 Id
731 1948 783 2003 est,
795 1947 889 2007 parato
894 1976 904 2004 ,
916 1947 993 2008 opta,·
1005 1934 1160 1988 translatum
1173 1935 1207 1987 ab
1218 1937 1248 1988 iis

209 2018 254 2090 qui
265 2030 349 2069 vestes
361 2018 527 2092 succinyunt,
541 2035 609 2086 opus
620 2016 729 2087 aliquod
741 2019 895 2088 aggressuri.
910 2016 987 2069 Silius
999 2016 1122 2082 Italicus,
1135 2017 1177 2082 X,
1188 2031 1249 2085 190,

212 2095 415 2167 :Succinctique
426 2094 510 2160 dolis,
521 2095 642 2164 fugerent
654 2113 702 2146 ceu
715 2097 812 2146 Punica
824 2107 926 2162 castra,
937 2093 1099 2146 Dedidereut
1108 2093 1225 2156 dentem
1235 2117 1247 2140 ι

209 2175 361 2240 Petronius,
380 2198 392 2222 ι
402 2174 447 2226 llis
460 2177 576 2226 animum
588 2175 707 2249 uoednqe
717 2174 834 2238 honis„
848 2173 943 2239 idest,
956 2176 1068 2238 instruef
1083 2175 1161 2229 ovid.
1174 2172 1249 2226 Trist.

208 2255 236 2320 l,
255 2269 296 2318 ιι,
313 2251 503 2318 3¹,1Barbsra
518 2271 579 2325 pars
595 2252 659 2305 laeve
674 2267 729 2320 est,
746 2254 826 2306 avide
841 2254 970 2307 succincta
984 2257 1096 2326 rapine:
1106 2277 1118 2301 ι
1132 2255 1170 2304 its
1181 2252 1251 2305 bene

209 2331 291 2385 edidit
303 2334 474 2386 Burmannus.
489 2333 580 2385 Paullo
593 2332 736 2386 eruditiore
750 2347 776 2386 et
788 2335 941 2387 obscuriore
955 2353 1034 2389 sensu
1047 2351 1153 2388 sevoco
1168 2334 1253 2384 utitur

210 2413 356 2480 Ausonius,
365 2414 437 2466 Grst.
448 2414 508 2465 Act.
518 2433 579 2485 pag.
590 2431 654 2484 709,
667 2413 708 2466 ed.
716 2413 784 2466 Toll.
798 2427 848 2465 ιιιι
858 2427 940 2480 esset,
954 2434 1031 2486 quem
1043 2429 1070 2466 ιιι
1082 2425 1183 2464 matura
1193 2413 1251 2480 jem

209 2503 284 2546 oetete
294 2493 464 2562 seboinetum,
476 2512 526 2566 per
538 2513 629 2546 omnes
640 2493 774 2546 honorum
784 2492 882 2564 gradus
893 2495 1017 2548 festinate
1026 2493 1141 2546 bonitate
1153 2513 1252 2564 prove·

210 2571 297 2625 heres:
308 2597 318 2621 ι
331 2573 377 2637 uhi
389 2575 547 2626 sttbcinctum
560 2587 600 2626 est
611 2575 778 2640 instructum,
791 2587 821 2624 ut
833 2573 906 2645 upnd
918 2574 1071 2626 eruditionis
1081 2574 1179 2626 Latine
1190 2592 1252 2646 pro-

209 2671 281 2704 mum
294 2651 452 2725 Apuleium,
469 2653 554 2707 Miles.
566 2657 599 2722 V,
612 2671 674 2725 pap.
689 2655 737 2724 98,
755 2653 851 2706 uTnue
865 2653 1039 2720 adulescens,
1053 2653 1134 2708 modo
1148 2655 1253 2706 florenti

209 2733 333 2804 lanugine
342 2733 451 2786 herbum
460 2736 599 2795 iustumne,-
609 2755 621 2780 s
633 2733 685 2785 hoe
695 2746 748 2800 est,
759 2734 921 2807 subcinqens:
935 2751 990 2805 quo
1003 2752 1084 2787 sensu
1096 2735 1252 2789 sumendum

209 2812 277 2865 istttd
290 2814 417 2880 Ausonii,
428 2813 551 2886 Epitaph.
563 2813 689 2866 Glauciae:

394 2923 453 2967 leta
463 2921 499 2966 bis
508 2931 594 2966 octono
603 2921 645 2965 tihi
652 2922 700 2982 jem
710 2921 753 2966 sub
764 2919 864 2966 Consule
875 2920 948 2981 pubes

425 2991 537 3053 Cingebct
546 3004 649 3049 teneres,
660 2990 754 3037 Glaucia
764 2991 853 3047 adulte,
864 3006 942 3053 genes.

212 3089 340 3161 Apuleius
349 3089 455 3143 dixisset
464 3092 603 3142 instrsoebet
609 3109 697 3163 penos
708 3089 777 3140 etita
785 3087 848 3141 alibi
856 3086 926 3140 idem
933 3089 1034 3140 Ausou.
1041 3090 1148 3140 Parent.
1155 3087 1253 3153 XXIII,

215 3169 261 3232 16,
284 3169 430 3221 «Nondum
447 3187 594 3241 purpureus
613 3171 722 3235 cinctio,
742 3167 858 3237 ephebe,
875 3171 992 3237 genasls
1009 3168 1070 3219 Non
1088 3168 1169 3236 igitur
1185 3183 1252 3237 opus

209 3261 240 3300 ιιι
253 3247 369 3318 legamus
382 3249 506 3320 pinqebet
515 3267 608 3324 penas,
623 3244 695 3317 quod
709 3265 759 3318 ego
773 3245 836 3298 alibi
848 3248 947 3317 putavi.
967 3244 1019 3299 Sed
1033 3245 1087 3298 haee
1103 3245 1253 3297 eruditiorIs

209 3340 273 3379 sunt
284 3325 483 3398 disquisitionis.
497 3329 632 3380 Accinctus
642 3325 736 3378 eodem
748 3345 828 3379 sensu
841 3325 1052 3397 frequentissime
1065 3328 1190 3378 occurrit.

246 3478 287 3530 83.
307 3476 359 3530 Ille
371 3480 480 3533 subactis
493 3477 592 3530 Molem
607 3480 759 3532 immensam
775 3477 901 3542 humeris,
914 3489 964 3529 ete.
980 3477 1040 3528 Htec
1052 3489 1092 3528 est
1102 3474 1181 3527 lectio
1194 3493 1253 3526 om·

210 3557 282 3608 nium
295 3559 445 3629 sequiorum
460 3558 620 3620 editionum
638 3571 664 3608 et
678 3577 754 3624 vera,
769 3571 800 3609 ut
816 3575 877 3608 ruox
894 3556 1019 3608 dicemus.
1037 3553 1117 3606 Ilditt.
1130 3555 1216 3605 Parin.
1229 3566 1255 3608 et

208 3637 284 3688 Rom
296 3635 396 3688 liabent
400 3638 501 3709 jubetis
513 3636 637 3702 humeris,
651 3637 684 3688 etl
696 3654 754 3707 quse
766 3636 820 3689 haec
832 3649 908 3688 notat
920 3638 1065 3689 Domitius:
1081 3658 1092 3681 ι
1098 3634 1195 3705 iubatis
1208 3633 1254 3686 ltu-

209 3717 293 3780 meris,
306 3717 468 3776 fortissimis;
481 3735 495 3766 n
499 3715 597 3787 jubetis
609 3716 726 3769 [cortibus
737 3716 886 3788 epitheton;
899 3735 962 3768 narn
974 3714 1079 3768 leonum
1092 3719 1254 3784 generositas

206 3797 268 3867 juba
284 3806 427 3864 spectetur,
445 3806 474 3842 ut
490 3796 526 3844 sit
542 3794 671 3846 Plinius·
692 3795 758 3849 Satis
776 3795 900 3858 ridicule;
920 3811 946 3847 et
965 3807 1054 3847 temen
1074 3793 1128 3845 hnc
1145 3793 1254 3846 Domitii

209 3873 349 3944 explicatio
360 3870 462 3923 induxit
470 3873 648 3941 Bernartium,
658 3889 687 3926 ιιι
697 3875 735 3926 illi
745 3894 798 3927 non
809 3875 961 3946 displiceret
969 3875 996 3926 ri
999 3875 1108 3948 jubetis.
1118 3871 1168 3926 Sed
1178 3875 1254 3942 pejus

210 3953 297 4004 adhuc
313 3950 470 4016 Politinnus,
486 3952 569 4024 Epist.
580 3955 630 4014 vl,
646 3971 668 4020 t,
684 3953 731 4005 ubi
747 3973 883 4006 censorem
900 3954 1011 4023 hujusce
1028 3951 1252 4022 interpretationis
