2844 4484
181 327 663 352 mmmmm
667 327 1220 350 mmmmm

609 541 800 640 NOTAE

241 788 296 862 ru
322 784 543 864 cinnatu
571 787 763 864 Nouum
788 787 936 862 arnul
963 784 1164 887 QUARTI

577 1004 827 1075 savinum.

183 1513 193 1538 ⁸
208 1481 300 1569 Risus
310 1516 524 1592 siruurnnns,
539 1532 589 1573 etc.
602 1522 632 1571 ln
645 1519 828 1574 Saturnalibus
840 1521 926 1572 Xenis
937 1517 1108 1572 mittebantur
1121 1531 1147 1571 et
1159 1537 1224 1590 apo-

182 1593 303 1668 phoreta.
314 1597 437 1669 Pupiuius
447 1601 527 1670 igitur
538 1599 624 1652 Plotio
637 1599 722 1652 surico
734 1598 854 1650 libellum
864 1599 973 1650 miseret
984 1615 1034 1669 pro
1047 1598 1133 1650 Xenio
1145 1619 1151 1648 ε
1167 1599 1225 1652 Plo·

183 1675 234 1726 tius
244 1676 337 1746 jocans
352 1679 375 1730 ei
389 1678 501 1732 altarum
512 1676 610 1731 librum
624 1679 724 1730 remisit
736 1679 862 1749 scripturn
874 1676 907 1729 de
919 1676 1090 1748 philosophia
1102 1697 1118 1729 a
1128 1679 1224 1744 Bruto,

183 1753 275 1808 codice
293 1769 396 1810 vetusto
417 1770 443 1810 et
462 1776 582 1811 corroso.
603 1757 727 1828 Papinius
747 1754 895 1810 cavillando
914 1758 1034 1826 jocatur,
1055 1770 1226 1828 recensetque

182 1833 347 1906 apophoreta
366 1838 545 1905 saturnalitia,
566 1855 624 1909 quse
643 1836 687 1890 ills
705 1837 808 1890 mittere
828 1835 963 1890 debuisset
980 1854 1061 1910 quum
1082 1837 1226 1908 accepisset

183 1914 308 1968 lienium.
318 1916 386 1969 Mihi
395 1937 457 1972 saue
467 1916 569 1970 videtur
578 1916 709 1968 tumulatio
719 1915 881 1980 Catulliana3
893 1936 954 1970 naut
966 1930 992 1972 st
1001 1916 1120 1972 Catullus
1131 1915 1225 1973 eotlstn

182 2009 337 2066 argumento
351 1999 380 2050 in
391 1996 502 2050 Calvum
517 1998 698 2067 conqueritur,
716 1996 790 2068 quod
804 1996 854 2052 sibi
868 1996 966 2053 librum
981 1999 1081 2050 miserit
1096 2000 1123 2048 in
1138 1995 1226 2048 Satur·

182 2069 287 2125 nulibus
299 2093 350 2146 pro
362 2094 482 2138 munem
498 2094 579 2130 cartu.
591 2076 662 2142 XIV,
676 2091 705 2128 ra
718 2097 724 2124 ι

366 2183 396 2228 lli
404 2183 495 2246 mspuil
504 2181 640 2229 horribilem
649 2191 673 2228 ct
681 2195 772 2229 sacrum
782 2179 898 2238 libellum,

366 2255 440 2315 Quem
449 2266 476 2301 tu
484 2253 572 2302 scilicet
579 2253 610 2302 sd
617 2264 685 2302 tuum
694 2251 809 2300 Catullum

365 2326 429 2372 Mitti
438 2329 562 2381 continuo,
572 2337 599 2372 ut
607 2325 646 2373 die
655 2325 744 2388 periret

365 2396 524 2444 Saturnalibus
534 2395 622 2459 optimo
631 2396 730 2444 dicrum.

1010 2458 1100 2504 notris.

182 2577 217 2590 -··
228 2551 276 2603 llic
293 2551 396 2608 Plotius
414 2553 536 2628 Gryphsss
551 2552 617 2626 (seu
634 2555 763 2628 Grippus,
783 2567 829 2603 seu
842 2549 971 2621 Griphus,
991 2568 1038 2606 seu
1057 2569 1225 2624 quocumque

182 2633 341 2700 eoguunim
356 2631 470 2705 guadet)
483 2636 527 2686 rix
539 2632 608 2686 idern
620 2651 678 2686 esse
688 2644 794 2702 potest,
809 2632 855 2701 qui
869 2629 941 2701 apud
951 2631 1085 2696 Tsciturn,
1099 2633 1165 2683 Hist.
1175 2632 1226 2699 ill,

183 2719 211 2759 et
222 2709 267 2775 lV,
277 2714 409 2763 occurrit:
423 2711 521 2784 quippe
535 2715 583 2766 iste
593 2711 718 2784 Gryphus
731 2710 848 2762 honores
863 2709 913 2762 sub
923 2711 1086 2781 Vespasiano
1098 2723 1224 2782 gesseratr

182 2784 227 2836 hic
241 2805 301 2839 rero
307 2791 415 2861 juvenis
430 2805 500 2855 erat,
512 2789 619 2861 quaudo
631 2785 872 2859 hendecasyllabos
885 2805 944 2839 cum
957 2788 1040 2840 Statio
1053 2790 1118 2840 risit.
1130 2790 1226 2842 Noster

182 2864 253 2918 forte
265 2879 321 2920 erut
332 2867 400 2921 lilius
409 2870 501 2930 istius;
513 2871 585 2922 etita
598 2869 695 2922 sentire
704 2870 761 2937 juna
770 2863 847 2917 rideo
859 2865 1040 2932 Dodwellum,
1052 2867 1147 2920 duusl.
1160 2868 1223 2920 Stat.

182 2962 242 3017 cap.
259 2945 300 3012 54.
320 2947 471 3000 litaturo.

218 3106 296 3158 Vnt.
309 3119 337 3175 9.
355 3075 479 3162 Beatois.
491 3105 695 3178 Assipondiurn,
711 3100 892 3178 dupondium,
907 3104 1010 3170 tressis,
1023 3106 1177 3177 quatreseis,
1190 3107 1227 3160 its

184 3199 269 3256 usque
283 3185 319 3239 etl
333 3185 440 3256 decem,
458 3186 531 3259 quod
548 3185 646 3238 dicitur
660 3183 780 3250 decussis,
797 3181 851 3236 hoc
867 3195 919 3249 est,
935 3181 1027 3235 decen
1040 3182 1179 3250 librarum,
1197 3198 1227 3237 nt

183 3273 224 3314 ott
235 3263 270 3320 ttl
281 3277 400 3332 semum,
413 3268 550 3320 centussis.
563 3267 683 3330 Persius,
695 3273 743 3317 est.
753 3264 788 3331 t,
802 3279 840 3316 rs.
857 3279 902 3332 ¹9¹
916 3285 922 3316 :
938 3264 991 3316 *Et
1003 3277 1110 3316 centurn
1121 3263 1225 3318 Grecos

183 3355 261 3396 curto
275 3355 398 3398 centusse
409 3344 515 3398 licetur.
527 3369 538 3392 ι
558 3346 660 3398 Dour.

222 3502 263 3556 13.
281 3503 337 3557 Aut
348 3505 518 3579 Byzantiacos
530 3503 619 3558 solunt
635 3504 750 3559 lacertos.
763 3501 907 3573 Quomodo
920 3502 1005 3556 libelli
1014 3503 1056 3556 rel
1067 3502 1162 3557 clrertoe
1172 3505 1225 3558 dici

184 3595 297 3652 possm
309 3582 392 3639 sobre
409 3586 576 3658 Byzantiacos
593 3583 722 3638 lsoertosl
740 3584 869 3636 Domitius
886 3595 974 3648 notat,
993 3581 1097 3649 colunt,
1118 3597 1226 3659 νομῆες

184 3677 239 3714 uon
251 3660 387 3735 intelligo,
397 3666 448 3717 uisi
458 3664 543 3718 voluit
557 3675 646 3738 teporat
650 3686 660 3726 ,·
673 3663 747 3735 quod
760 3681 834 3735 eque
844 3680 935 3716 rerum
949 3673 1000 3728 est,
1015 3661 1067 3714 boc
1083 3676 1137 3728 est,
1151 3680 1225 3735 esque

183 3736 289 3793 tetrum.
308 3739 392 3815 Lefle,
413 3742 488 3795 usur
505 3744 675 3815 &acaustoe
694 3742 765 3795 olent
782 3741 932 3804 lacertos;·
949 3739 1049 3794 clerum
1067 3739 1119 3793 hoc
1138 3741 1224 3814 primo

185 3817 289 3872 iutuitu,
301 3822 392 3875 llorat.
404 3821 486 3894 Epist.
500 3823 538 3889 ll,
549 3839 574 3890 r,
586 3822 621 3874 sd
632 3820 677 3874 fin.

371 3931 429 3976 Gurn
438 3931 550 3994 scriptore
559 3947 612 3978 meo
621 3945 690 3994 capsa
698 3942 819 3994 porrectus
827 3928 906 3992 aperis

370 3997 468 4047 litterar
476 3999 501 4046 in
509 4001 586 4048 sicum
594 3997 733 4048 vendentem
742 4012 791 4056 tus,
801 4014 824 4048 et
833 3999 931 4056 odores,
