<?xml version="1.0" encoding="UTF-8"?>
<!DOCTYPE html PUBLIC "-//W3C//DTD XHTML 1.0 Transitional//EN"
    "http://www.w3.org/TR/xhtml1/DTD/xhtml1-transitional.dtd">
<html xmlns="http://www.w3.org/1999/xhtml" xml:lang="en" lang="en">
 <head>
  <title>
</title>
<meta http-equiv="Content-Type" content="text/html;charset=utf-8" />
  <meta name='ocr-system' content='tesseract 3.04.00' />
  <meta name='ocr-capabilities' content='ocr_page ocr_carea ocr_par ocr_line ocrx_word'/>
</head>
<body>
  <div class='ocr_page' id='page_1' title='image "./quexstantomniao03lemagoog_0071.png"; bbox 0 0 2784 4484; ppageno 0'>
   <div class='ocr_carea' id='block_1_1' title="bbox 375 313 1181 410">
    <p class='ocr_par' dir='ltr' id='par_1_1' title="bbox 375 313 1181 410">
     <span class='ocr_line' id='line_1_1' title="bbox 375 313 1181 410; baseline 0.035 -34"><span class='ocrx_word' id='word_1_1' title='bbox 375 313 507 378; x_wconf 85' lang='lat' dir='ltr'>LlBRl</span> <span class='ocrx_word' id='word_1_2' title='bbox 531 314 672 382; x_wconf 85' lang='lat' dir='ltr'>PRIMl</span> <span class='ocrx_word' id='word_1_3' title='bbox 698 318 950 398; x_wconf 72' lang='lat' dir='ltr'>ssuvsttUM.</span> <span class='ocrx_word' id='word_1_4' title='bbox 1140 343 1181 410; x_wconf 83' lang='lat'>33</span> 
     </span>
    </p>
   </div>
   <div class='ocr_carea' id='block_1_2' title="bbox 135 439 1184 690">
    <p class='ocr_par' dir='ltr' id='par_1_2' title="bbox 135 439 1184 690">
     <span class='ocr_line' id='line_1_2' title="bbox 135 439 1184 538; baseline 0.028 -44"><span class='ocrx_word' id='word_1_5' title='bbox 135 455 203 506; x_wconf 84' lang='lat' dir='ltr'>sem,</span> <span class='ocrx_word' id='word_1_6' title='bbox 214 457 249 492; x_wconf 88' lang='lat' dir='ltr'>an</span> <span class='ocrx_word' id='word_1_7' title='bbox 258 439 324 491; x_wconf 86' lang='lat' dir='ltr'>satis</span> <span class='ocrx_word' id='word_1_8' title='bbox 336 439 513 510; x_wconf 73' lang='lat' dir='ltr'>probabiliter</span> <span class='ocrx_word' id='word_1_9' title='bbox 523 440 605 513; x_wconf 75' lang='lat' dir='ltr'>linget</span> <span class='ocrx_word' id='word_1_10' title='bbox 615 445 750 516; x_wconf 85' lang='lat' dir='ltr'>Papinius,</span> <span class='ocrx_word' id='word_1_11' title='bbox 762 449 883 505; x_wconf 84' lang='lat' dir='ltr'>Curtium</span> <span class='ocrx_word' id='word_1_12' title='bbox 890 457 1075 527; x_wconf 58' lang='lat' dir='ltr'>caput‘eflerre</span> <span class='ocrx_word' id='word_1_13' title='bbox 1084 485 1100 519; x_wconf 88' lang='lat' dir='ltr'>e</span> <span class='ocrx_word' id='word_1_14' title='bbox 1110 467 1184 538; x_wconf 83' lang='lat' dir='ltr'>lacu,</span> 
     </span>
     <span class='ocr_line' id='line_1_3' title="bbox 136 517 1184 617; baseline 0.024 -47"><span class='ocrx_word' id='word_1_15' title='bbox 136 537 219 590; x_wconf 85' lang='lat' dir='ltr'>qunsn</span> <span class='ocrx_word' id='word_1_16' title='bbox 231 530 340 572; x_wconf 85' lang='lat' dir='ltr'>constet</span> <span class='ocrx_word' id='word_1_17' title='bbox 349 517 440 570; x_wconf 88' lang='lat' dir='ltr'>lacum</span> <span class='ocrx_word' id='word_1_18' title='bbox 453 533 515 572; x_wconf 89' lang='lat' dir='ltr'>tunc</span> <span class='ocrx_word' id='word_1_19' title='bbox 527 525 655 594; x_wconf 88' lang='lat' dir='ltr'>temporis</span> <span class='ocrx_word' id='word_1_20' title='bbox 666 543 721 578; x_wconf 90' lang='lat' dir='ltr'>non</span> <span class='ocrx_word' id='word_1_21' title='bbox 733 530 875 600; x_wconf 77' lang='lat' dir='ltr'>exstitisse,</span> <span class='ocrx_word' id='word_1_22' title='bbox 888 533 934 588; x_wconf 86' lang='lat' dir='ltr'>sed</span> <span class='ocrx_word' id='word_1_23' title='bbox 944 535 1032 592; x_wconf 87' lang='lat' dir='ltr'>locum</span> <span class='ocrx_word' id='word_1_24' title='bbox 1042 553 1146 617; x_wconf 75' lang='lat' dir='ltr'>septum</span> <span class='ocrx_word' id='word_1_25' title='bbox 1156 553 1184 605; x_wconf 69' lang='lat' dir='ltr'>in</span> 
     </span>
     <span class='ocr_line' id='line_1_4' title="bbox 135 597 1017 690; baseline 0.027 -41"><span class='ocrx_word' id='word_1_26' title='bbox 135 601 203 652; x_wconf 76' lang='lat' dir='ltr'>loro.</span> <span class='ocrx_word' id='word_1_27' title='bbox 217 597 294 653; x_wconf 86' lang='lat' dir='ltr'>Orid.</span> <span class='ocrx_word' id='word_1_28' title='bbox 307 597 589 681; x_wconf 26' lang='lat' dir='ltr'>rm.·v1,403(rid.</span> <span class='ocrx_word' id='word_1_29' title='bbox 603 615 668 656; x_wconf 84' lang='lat' dir='ltr'>tous.</span> <span class='ocrx_word' id='word_1_30' title='bbox 680 607 729 675; x_wconf 87' lang='lat' dir='ltr'>Vl,</span> <span class='ocrx_word' id='word_1_31' title='bbox 738 627 767 680; x_wconf 89' lang='lat' dir='ltr'>p.</span> <span class='ocrx_word' id='word_1_32' title='bbox 778 609 843 677; x_wconf 74' lang='lat' dir='ltr'>lio,</span> <span class='ocrx_word' id='word_1_33' title='bbox 854 628 922 668; x_wconf 87' lang='lat' dir='ltr'>nost.</span> <span class='ocrx_word' id='word_1_34' title='bbox 932 616 1017 690; x_wconf 78' lang='lat' dir='ltr'>Edit.)</span> 
     </span>
    </p>
   </div>
   <div class='ocr_carea' id='block_1_3' title="bbox 326 695 882 830">
    <p class='ocr_par' dir='ltr' id='par_1_3' title="bbox 326 695 882 830">
     <span class='ocr_line' id='line_1_5' title="bbox 326 695 863 766; baseline 0.024 -23"><span class='ocrx_word' id='word_1_35' title='bbox 326 695 553 758; x_wconf 75' lang='lat' dir='ltr'>Gurtiutillelscus,</span> <span class='ocrx_word' id='word_1_36' title='bbox 563 701 633 747; x_wconf 75' lang='lat' dir='ltr'>uocas</span> <span class='ocrx_word' id='word_1_37' title='bbox 641 703 683 766; x_wconf 88' lang='lat' dir='ltr'>qui</span> <span class='ocrx_word' id='word_1_38' title='bbox 692 707 791 753; x_wconf 83' lang='lat' dir='ltr'>sustinet</span> <span class='ocrx_word' id='word_1_39' title='bbox 799 723 863 766; x_wconf 88' lang='lat' dir='ltr'>aras,</span> 
     </span>
     <span class='ocr_line' id='line_1_6' title="bbox 354 767 882 830; baseline 0.028 -17"><span class='ocrx_word' id='word_1_40' title='bbox 354 769 424 814; x_wconf 77' lang='lat' dir='ltr'>Nunc</span> <span class='ocrx_word' id='word_1_41' title='bbox 432 767 504 816; x_wconf 86' lang='lat' dir='ltr'>solida</span> <span class='ocrx_word' id='word_1_42' title='bbox 513 781 548 817; x_wconf 86' lang='lat' dir='ltr'>est</span> <span class='ocrx_word' id='word_1_43' title='bbox 557 770 636 830; x_wconf 88' lang='lat' dir='ltr'>tellus,</span> <span class='ocrx_word' id='word_1_44' title='bbox 646 774 688 822; x_wconf 85' lang='lat' dir='ltr'>sed</span> <span class='ocrx_word' id='word_1_45' title='bbox 695 773 759 824; x_wconf 83' lang='lat' dir='ltr'>lacus</span> <span class='ocrx_word' id='word_1_46' title='bbox 767 789 821 826; x_wconf 85' lang='lat' dir='ltr'>aute</span> <span class='ocrx_word' id='word_1_47' title='bbox 830 780 882 828; x_wconf 83' lang='lat' dir='ltr'>init.</span> 
     </span>
    </p>
   </div>
   <div class='ocr_carea' id='block_1_4' title="bbox 137 883 1183 1208">
    <p class='ocr_par' dir='ltr' id='par_1_4' title="bbox 137 883 1183 1208">
     <span class='ocr_line' id='line_1_7' title="bbox 171 883 1173 978; baseline 0.032 -44"><span class='ocrx_word' id='word_1_48' title='bbox 171 887 214 957; x_wconf 53' lang='lat'>74.</span> <span class='ocrx_word' id='word_1_49' title='bbox 233 883 324 939; x_wconf 80' lang='lat' dir='ltr'>Proles</span> <span class='ocrx_word' id='word_1_50' title='bbox 336 885 491 959; x_wconf 70' lang='lat' dir='ltr'>punitorque</span> <span class='ocrx_word' id='word_1_51' title='bbox 502 887 619 941; x_wconf 67' lang='lat' dir='ltr'>deorum</span> <span class='ocrx_word' id='word_1_52' title='bbox 638 893 804 948; x_wconf 78' lang='lat' dir='ltr'><strong>Burmannus</strong></span> <span class='ocrx_word' id='word_1_53' title='bbox 817 915 956 972; x_wconf 87' lang='lat' dir='ltr'>comparat</span> <span class='ocrx_word' id='word_1_54' title='bbox 968 907 1068 978; x_wconf 74' lang='lat' dir='ltr'>Virgilii</span> <span class='ocrx_word' id='word_1_55' title='bbox 1080 911 1173 965; x_wconf 82' lang='lat' dir='ltr'>AEneid</span> 
     </span>
     <span class='ocr_line' id='line_1_8' title="bbox 137 965 1183 1056; baseline 0.031 -47"><span class='ocrx_word' id='word_1_56' title='bbox 137 965 181 1018; x_wconf 75' lang='lat' dir='ltr'>tib.</span> <span class='ocrx_word' id='word_1_57' title='bbox 191 965 295 1034; x_wconf 60' lang='lat' dir='ltr'>mes,</span> <span class='ocrx_word' id='word_1_58' title='bbox 304 965 373 1031; x_wconf 64' lang='lat'>⁶⁴²²</span> <span class='ocrx_word' id='word_1_59' title='bbox 387 965 449 1018; x_wconf 77' lang='lat' dir='ltr'>«Dis</span> <span class='ocrx_word' id='word_1_60' title='bbox 460 968 549 1037; x_wconf 74' lang='lat' dir='ltr'>genita</span> <span class='ocrx_word' id='word_1_61' title='bbox 561 981 587 1020; x_wconf 87' lang='lat' dir='ltr'>et</span> <span class='ocrx_word' id='word_1_62' title='bbox 596 973 715 1040; x_wconf 71' lang='lat' dir='ltr'>geniture</span> <span class='ocrx_word' id='word_1_63' title='bbox 724 971 818 1029; x_wconf 73' lang='lat' dir='ltr'>deos·</span> <span class='ocrx_word' id='word_1_64' title='bbox 835 978 906 1032; x_wconf 83' lang='lat' dir='ltr'>Addi</span> <span class='ocrx_word' id='word_1_65' title='bbox 915 997 1004 1056; x_wconf 84' lang='lat' dir='ltr'>potest</span> <span class='ocrx_word' id='word_1_66' title='bbox 1013 987 1091 1044; x_wconf 75' lang='lat' dir='ltr'>Silius</span> <span class='ocrx_word' id='word_1_67' title='bbox 1100 992 1183 1048; x_wconf 76' lang='lat' dir='ltr'>Italic,</span> 
     </span>
     <span class='ocr_line' id='line_1_9' title="bbox 138 1043 1055 1140; baseline 0.022 -44"><span class='ocrx_word' id='word_1_68' title='bbox 138 1045 183 1097; x_wconf 90' lang='lat' dir='ltr'>lib.</span> <span class='ocrx_word' id='word_1_69' title='bbox 196 1045 249 1113; x_wconf 83' lang='grc' dir='ltr'>ΠΙ,</span> <span class='ocrx_word' id='word_1_70' title='bbox 258 1063 296 1098; x_wconf 81' lang='lat' dir='ltr'>rs.</span> <span class='ocrx_word' id='word_1_71' title='bbox 306 1045 374 1112; x_wconf 75' lang='lat'>625,</span> <span class='ocrx_word' id='word_1_72' title='bbox 384 1043 533 1115; x_wconf 75' lang='lat' dir='ltr'>(Editionis</span> <span class='ocrx_word' id='word_1_73' title='bbox 546 1063 654 1118; x_wconf 69' lang='lat' dir='ltr'>nostrae,</span> <span class='ocrx_word' id='word_1_74' title='bbox 669 1049 767 1106; x_wconf 84' lang='lat' dir='ltr'>volum.</span> <span class='ocrx_word' id='word_1_75' title='bbox 783 1057 809 1123; x_wconf 84' lang='lat' dir='ltr'>l,</span> <span class='ocrx_word' id='word_1_76' title='bbox 826 1073 888 1132; x_wconf 72' lang='lat' dir='ltr'>pag.</span> <span class='ocrx_word' id='word_1_77' title='bbox 899 1063 959 1131; x_wconf 70' lang='lat'><strong>2¹4·</strong></span> <span class='ocrx_word' id='word_1_78' title='bbox 972 1065 1035 1140; x_wconf 82' lang='lat' dir='ltr'>En.)</span> <span class='ocrx_word' id='word_1_79' title='bbox 1048 1091 1055 1121; x_wconf 83' lang='lat'><em>=</em></span> 
     </span>
     <span class='ocr_line' id='line_1_10' title="bbox 137 1122 1070 1208; baseline 0.032 -35"><span class='ocrx_word' id='word_1_80' title='bbox 137 1123 218 1178; x_wconf 77' lang='lat' dir='ltr'>deum</span> <span class='ocrx_word' id='word_1_81' title='bbox 228 1124 358 1196; x_wconf 80' lang='lat' dir='ltr'>dirosque</span> <span class='ocrx_word' id='word_1_82' title='bbox 368 1122 473 1178; x_wconf 83' lang='lat' dir='ltr'>dature.</span> <span class='ocrx_word' id='word_1_83' title='bbox 486 1147 497 1174; x_wconf 83' lang='lat' dir='ltr'>s</span> <span class='ocrx_word' id='word_1_84' title='bbox 513 1125 689 1198; x_wconf 77' lang='lat' dir='ltr'>Claudianus,</span> <span class='ocrx_word' id='word_1_85' title='bbox 703 1132 736 1184; x_wconf 88' lang='lat' dir='ltr'>de</span> <span class='ocrx_word' id='word_1_86' title='bbox 747 1135 831 1208; x_wconf 82' lang='lat' dir='ltr'>Nupt.</span> <span class='ocrx_word' id='word_1_87' title='bbox 842 1141 943 1196; x_wconf 82' lang='lat' dir='ltr'>Honor.</span> <span class='ocrx_word' id='word_1_88' title='bbox 958 1165 995 1200; x_wconf 86' lang='lat' dir='ltr'>rs.</span> <span class='ocrx_word' id='word_1_89' title='bbox 1007 1149 1070 1202; x_wconf 75' lang='lat'>25²:</span> 
     </span>
    </p>
   </div>
   <div class='ocr_carea' id='block_1_5' title="bbox 1073 1088 1184 1126">
    <p class='ocr_par' dir='ltr' id='par_1_5' title="bbox 1073 1088 1184 1126">
     <span class='ocr_line' id='line_1_11' title="bbox 1073 1088 1184 1126; baseline 0.081 -8"><span class='ocrx_word' id='word_1_90' title='bbox 1073 1093 1085 1118; x_wconf 85' lang='lat' dir='ltr'>s</span> <span class='ocrx_word' id='word_1_91' title='bbox 1097 1088 1184 1126; x_wconf 60' lang='lat' dir='ltr'>Mille</span> 
     </span>
    </p>
   </div>
   <div class='ocr_carea' id='block_1_6' title="bbox 212 1221 915 1372">
    <p class='ocr_par' dir='ltr' id='par_1_6' title="bbox 212 1221 915 1372">
     <span class='ocr_line' id='line_1_12' title="bbox 326 1221 818 1290; baseline 0.028 -23"><span class='ocrx_word' id='word_1_92' title='bbox 326 1221 406 1278; x_wconf 82' lang='lat' dir='ltr'>Salve,</span> <span class='ocrx_word' id='word_1_93' title='bbox 416 1221 514 1270; x_wconf 78' lang='lat' dir='ltr'>sidcrcse</span> <span class='ocrx_word' id='word_1_94' title='bbox 523 1223 602 1288; x_wconf 76' lang='lat' dir='ltr'>proles</span> <span class='ocrx_word' id='word_1_95' title='bbox 611 1241 707 1290; x_wconf 74' lang='lat' dir='ltr'>augusta</span> <span class='ocrx_word' id='word_1_96' title='bbox 715 1231 818 1290; x_wconf 72' lang='lat' dir='ltr'>serene,</span> 
     </span>
     <span class='ocr_line' id='line_1_13' title="bbox 212 1293 915 1372; baseline 0.031 -40"><span class='ocrx_word' id='word_1_97' title='bbox 212 1327 215 1332; x_wconf 93' lang='lat'>.</span> <span class='ocrx_word' id='word_1_98' title='bbox 324 1293 464 1357; x_wconf 75' lang='lat' dir='ltr'>Magnorum</span> <span class='ocrx_word' id='word_1_99' title='bbox 473 1294 915 1372; x_wconf 67' lang='lat' dir='ltr'>sobolesregum,psrituraqnerefles.</span> 
     </span>
    </p>
   </div>
   <div class='ocr_carea' id='block_1_7' title="bbox 141 1428 1205 2145">
    <p class='ocr_par' dir='ltr' id='par_1_7' title="bbox 141 1428 1205 2145">
     <span class='ocr_line' id='line_1_14' title="bbox 173 1428 1183 1525; baseline 0.033 -43"><span class='ocrx_word' id='word_1_100' title='bbox 173 1428 215 1498; x_wconf 83' lang='lat'>75.</span> <span class='ocrx_word' id='word_1_101' title='bbox 228 1428 358 1482; x_wconf 72' lang='lat' dir='ltr'>Auditum</span> <span class='ocrx_word' id='word_1_102' title='bbox 370 1429 457 1505; x_wconf 72' lang='lat' dir='ltr'>lonpe.</span> <span class='ocrx_word' id='word_1_103' title='bbox 467 1431 548 1500; x_wconf 89' lang='lat' dir='ltr'>Qnod</span> <span class='ocrx_word' id='word_1_104' title='bbox 561 1433 666 1506; x_wconf 80' lang='lat' dir='ltr'>quidem</span> <span class='ocrx_word' id='word_1_105' title='bbox 678 1437 756 1510; x_wconf 70' lang='lat' dir='ltr'>longe</span> <span class='ocrx_word' id='word_1_106' title='bbox 767 1441 856 1496; x_wconf 81' lang='lat' dir='ltr'>audiri</span> <span class='ocrx_word' id='word_1_107' title='bbox 865 1445 952 1500; x_wconf 88' lang='lat' dir='ltr'>adbuc</span> <span class='ocrx_word' id='word_1_108' title='bbox 962 1452 990 1502; x_wconf 91' lang='lat' dir='ltr'>in</span> <span class='ocrx_word' id='word_1_109' title='bbox 1002 1457 1183 1525; x_wconf 75' lang='lat' dir='ltr'>profunditate</span> 
     </span>
     <span class='ocr_line' id='line_1_15' title="bbox 141 1509 1183 1597; baseline 0.024 -38"><span class='ocrx_word' id='word_1_110' title='bbox 141 1509 209 1562; x_wconf 81' lang='lat' dir='ltr'>lacus</span> <span class='ocrx_word' id='word_1_111' title='bbox 222 1512 292 1577; x_wconf 82' lang='lat' dir='ltr'>mei,</span> <span class='ocrx_word' id='word_1_112' title='bbox 305 1529 378 1563; x_wconf 90' lang='lat' dir='ltr'>nnnc</span> <span class='ocrx_word' id='word_1_113' title='bbox 392 1512 518 1564; x_wconf 74' lang='lat' dir='ltr'>usitatus</span> <span class='ocrx_word' id='word_1_114' title='bbox 532 1515 588 1566; x_wconf 76' lang='lat' dir='ltr'>aris</span> <span class='ocrx_word' id='word_1_115' title='bbox 600 1518 690 1568; x_wconf 88' lang='lat' dir='ltr'>sonitu</span> <span class='ocrx_word' id='word_1_116' title='bbox 703 1523 814 1592; x_wconf 85' lang='lat' dir='ltr'>propius</span> <span class='ocrx_word' id='word_1_117' title='bbox 823 1524 1113 1597; x_wconf 78' lang='lat' dir='ltr'>adspiciownnrsn-</span> <span class='ocrx_word' id='word_1_118' title='bbox 1120 1543 1183 1595; x_wconf 65' lang='lat' dir='ltr'>Bar.</span> 
     </span>
     <span class='ocr_line' id='line_1_16' title="bbox 141 1588 1205 1674; baseline 0.032 -34"><span class='ocrx_word' id='word_1_119' title='bbox 141 1588 207 1644; x_wconf 80' lang='lat' dir='ltr'>thins</span> <span class='ocrx_word' id='word_1_120' title='bbox 220 1590 355 1664; x_wconf 73' lang='lat' dir='ltr'>explicate</span> <span class='ocrx_word' id='word_1_121' title='bbox 376 1589 445 1644; x_wconf 81' lang='lat' dir='ltr'>sdin</span> <span class='ocrx_word' id='word_1_122' title='bbox 458 1605 520 1644; x_wconf 86' lang='lat' dir='ltr'>ante</span> <span class='ocrx_word' id='word_1_123' title='bbox 535 1592 608 1648; x_wconf 81' lang='lat' dir='ltr'>bunc</span> <span class='ocrx_word' id='word_1_124' title='bbox 623 1614 795 1671; x_wconf 84' lang='lat' dir='ltr'>conspectum</span> <span class='ocrx_word' id='word_1_125' title='bbox 812 1615 895 1656; x_wconf 84' lang='lat' dir='ltr'>tuum.</span> <span class='ocrx_word' id='word_1_126' title='bbox 909 1629 920 1652; x_wconf 75' lang='lat' dir='ltr'>e</span> <span class='ocrx_word' id='word_1_127' title='bbox 936 1609 998 1663; x_wconf 85' lang='lat' dir='ltr'>Non</span> <span class='ocrx_word' id='word_1_128' title='bbox 1011 1614 1049 1665; x_wconf 91' lang='lat' dir='ltr'>ita</span> <span class='ocrx_word' id='word_1_129' title='bbox 1062 1616 1183 1674; x_wconf 83' lang='lat' dir='ltr'>arbitror.</span> <span class='ocrx_word' id='word_1_130' title='bbox 1200 1640 1205 1650; x_wconf 76' lang='lat'><strong><em>¹</em></strong></span> 
     </span>
     <span class='ocr_line' id='line_1_17' title="bbox 142 1667 1186 1762; baseline 0.034 -43"><span class='ocrx_word' id='word_1_131' title='bbox 142 1667 272 1740; x_wconf 68' lang='lat' dir='ltr'>Significat</span> <span class='ocrx_word' id='word_1_132' title='bbox 293 1673 401 1744; x_wconf 85' lang='lat' dir='ltr'>potius:</span> <span class='ocrx_word' id='word_1_133' title='bbox 425 1689 457 1724; x_wconf 85' lang='lat' dir='ltr'>ex</span> <span class='ocrx_word' id='word_1_134' title='bbox 476 1672 639 1746; x_wconf 70' lang='lat' dir='ltr'>longinquo,</span> <span class='ocrx_word' id='word_1_135' title='bbox 660 1679 688 1729; x_wconf 91' lang='lat' dir='ltr'>in</span> <span class='ocrx_word' id='word_1_136' title='bbox 708 1681 843 1751; x_wconf 82' lang='lat' dir='ltr'>profundo</span> <span class='ocrx_word' id='word_1_137' title='bbox 865 1685 942 1754; x_wconf 89' lang='lat' dir='ltr'>lacu,</span> <span class='ocrx_word' id='word_1_138' title='bbox 963 1694 1186 1762; x_wconf 83' lang='lat' dir='ltr'>quemadmodum</span> 
     </span>
     <span class='ocr_line' id='line_1_18' title="bbox 141 1749 1185 1856; baseline 0.034 -57"><span class='ocrx_word' id='word_1_139' title='bbox 141 1749 227 1806; x_wconf 78' lang='lat' dir='ltr'>dirum</span> <span class='ocrx_word' id='word_1_140' title='bbox 241 1750 320 1824; x_wconf 74' lang='lat' dir='ltr'>louqc</span> <span class='ocrx_word' id='word_1_141' title='bbox 334 1753 509 1828; x_wconf 69' lang='lat' dir='ltr'>conspicuunt-</span> <span class='ocrx_word' id='word_1_142' title='bbox 521 1757 578 1808; x_wconf 79' lang='lat' dir='ltr'>Nec</span> <span class='ocrx_word' id='word_1_143' title='bbox 594 1758 652 1810; x_wconf 80' lang='lat' dir='ltr'>sine</span> <span class='ocrx_word' id='word_1_144' title='bbox 670 1777 752 1813; x_wconf 83' lang='lat' dir='ltr'>causa</span> <span class='ocrx_word' id='word_1_145' title='bbox 768 1764 853 1816; x_wconf 87' lang='lat' dir='ltr'>critici</span> <span class='ocrx_word' id='word_1_146' title='bbox 869 1764 1038 1840; x_wconf 80' lang='lat' dir='ltr'>dubitarunt,</span> <span class='ocrx_word' id='word_1_147' title='bbox 1058 1793 1092 1829; x_wconf 92' lang='lat' dir='ltr'>an</span> <span class='ocrx_word' id='word_1_148' title='bbox 1108 1777 1185 1856; x_wconf 74' lang='lat' dir='ltr'>lonps</span> 
     </span>
     <span class='ocr_line' id='line_1_19' title="bbox 141 1829 1185 1930; baseline 0.031 -48"><span class='ocrx_word' id='word_1_149' title='bbox 141 1829 193 1883; x_wconf 85' lang='lat' dir='ltr'>silo</span> <span class='ocrx_word' id='word_1_150' title='bbox 203 1835 229 1884; x_wconf 84' lang='lat' dir='ltr'>&#39;sn</span> <span class='ocrx_word' id='word_1_151' title='bbox 238 1831 301 1884; x_wconf 84' lang='lat' dir='ltr'>loce</span> <span class='ocrx_word' id='word_1_152' title='bbox 311 1831 416 1885; x_wconf 85' lang='lat' dir='ltr'>dicatur</span> <span class='ocrx_word' id='word_1_153' title='bbox 425 1850 476 1904; x_wconf 88' lang='lat' dir='ltr'>pro</span> <span class='ocrx_word' id='word_1_154' title='bbox 486 1834 539 1888; x_wconf 84' lang='lat' dir='ltr'>diss.</span> <span class='ocrx_word' id='word_1_155' title='bbox 551 1837 586 1888; x_wconf 83' lang='lat' dir='ltr'>Et·</span> <span class='ocrx_word' id='word_1_156' title='bbox 595 1851 651 1890; x_wconf 87' lang='lat' dir='ltr'>erat</span> <span class='ocrx_word' id='word_1_157' title='bbox 662 1838 719 1893; x_wconf 76' lang='lat' dir='ltr'>bec</span> <span class='ocrx_word' id='word_1_158' title='bbox 730 1859 772 1895; x_wconf 89' lang='lat' dir='ltr'>res</span> <span class='ocrx_word' id='word_1_159' title='bbox 782 1859 905 1899; x_wconf 82' lang='lat' dir='ltr'>securata</span> <span class='ocrx_word' id='word_1_160' title='bbox 917 1853 1081 1923; x_wconf 81' lang='lat' dir='ltr'>expositione</span> <span class='ocrx_word' id='word_1_161' title='bbox 1090 1857 1185 1930; x_wconf 71' lang='lat' dir='ltr'>digna3</span> 
     </span>
     <span class='ocr_line' id='line_1_20' title="bbox 141 1889 1184 2013; baseline 0.033 -52"><span class='ocrx_word' id='word_1_162' title='bbox 141 1927 199 1962; x_wconf 84' lang='lat' dir='ltr'>nam</span> <span class='ocrx_word' id='word_1_163' title='bbox 211 1910 407 1964; x_wconf 71' lang='lat' dir='ltr'>lanuinusad</span> <span class='ocrx_word' id='word_1_164' title='bbox 420 1911 474 1966; x_wconf 87' lang='lat' dir='ltr'>Cic.</span> <span class='ocrx_word' id='word_1_165' title='bbox 484 1889 601 1987; x_wconf 72' lang='lat' dir='ltr'>lhilipp.</span> <span class='ocrx_word' id='word_1_166' title='bbox 615 1917 649 1984; x_wconf 89' lang='lat' dir='ltr'>V,</span> <span class='ocrx_word' id='word_1_167' title='bbox 661 1917 692 1986; x_wconf 90' lang='grc'>6,</span> <span class='ocrx_word' id='word_1_168' title='bbox 710 1925 818 1975; x_wconf 87' lang='lat' dir='ltr'>omnino</span> <span class='ocrx_word' id='word_1_169' title='bbox 835 1944 946 1998; x_wconf 73' lang='lat' dir='ltr'>negasse</span> <span class='ocrx_word' id='word_1_170' title='bbox 958 1931 1075 2004; x_wconf 82' lang='lat' dir='ltr'>videtur,</span> <span class='ocrx_word' id='word_1_171' title='bbox 1089 1939 1184 2013; x_wconf 86' lang='lat' dir='ltr'>reliqui</span> 
     </span>
     <span class='ocr_line' id='line_1_21' title="bbox 141 1991 1183 2091; baseline 0.033 -51"><span class='ocrx_word' id='word_1_172' title='bbox 141 2007 200 2041; x_wconf 87' lang='lat' dir='ltr'>sero</span> <span class='ocrx_word' id='word_1_173' title='bbox 213 2009 306 2043; x_wconf 83' lang='lat' dir='ltr'>omnes</span> <span class='ocrx_word' id='word_1_174' title='bbox 319 1991 423 2046; x_wconf 85' lang='lat' dir='ltr'>diversa</span> <span class='ocrx_word' id='word_1_175' title='bbox 435 1993 556 2066; x_wconf 80' lang='lat' dir='ltr'>exempla</span> <span class='ocrx_word' id='word_1_176' title='bbox 565 1997 744 2068; x_wconf 81' lang='lat' dir='ltr'>miseuemnt,</span> <span class='ocrx_word' id='word_1_177' title='bbox 758 2021 792 2056; x_wconf 84' lang='lat' dir='ltr'>ne</span> <span class='ocrx_word' id='word_1_178' title='bbox 806 2023 839 2057; x_wconf 86' lang='lat' dir='ltr'>eo</span> <span class='ocrx_word' id='word_1_179' title='bbox 853 2007 959 2080; x_wconf 78' lang='lat' dir='ltr'>quidem</span> <span class='ocrx_word' id='word_1_180' title='bbox 971 2017 1096 2087; x_wconf 67' lang='lat' dir='ltr'>cognito,</span> <span class='ocrx_word' id='word_1_181' title='bbox 1111 2021 1183 2091; x_wconf 89' lang='lat' dir='ltr'>quod</span> 
     </span>
     <span class='ocr_line' id='line_1_22' title="bbox 141 2067 927 2145; baseline 0.019 -26"><span class='ocrx_word' id='word_1_182' title='bbox 141 2069 205 2121; x_wconf 87' lang='lat' dir='ltr'>inter</span> <span class='ocrx_word' id='word_1_183' title='bbox 214 2069 262 2122; x_wconf 85' lang='lat' dir='ltr'>diss</span> <span class='ocrx_word' id='word_1_184' title='bbox 272 2082 300 2123; x_wconf 86' lang='lat' dir='ltr'>et</span> <span class='ocrx_word' id='word_1_185' title='bbox 312 2067 421 2145; x_wconf 75' lang='lat' dir='ltr'>losprsm</span> <span class='ocrx_word' id='word_1_186' title='bbox 431 2072 586 2126; x_wconf 84' lang='lat' dir='ltr'>intercedat.</span> <span class='ocrx_word' id='word_1_187' title='bbox 598 2078 680 2130; x_wconf 74' lang='lat' dir='ltr'>lirun.</span> <span class='ocrx_word' id='word_1_188' title='bbox 848 2096 851 2104; x_wconf 90' lang='lat'><em>·</em></span> <span class='ocrx_word' id='word_1_189' title='bbox 924 2096 927 2107; x_wconf 93' lang='grc'><em>·</em></span> 
     </span>
    </p>
   </div>
   <div class='ocr_carea' id='block_1_8' title="bbox 141 2211 1182 2547">
    <p class='ocr_par' dir='ltr' id='par_1_8' title="bbox 141 2211 1182 2547">
     <span class='ocr_line' id='line_1_23' title="bbox 177 2211 1182 2318; baseline 0.04 -57"><span class='ocrx_word' id='word_1_190' title='bbox 177 2230 218 2282; x_wconf 80' lang='lat'>79.</span> <span class='ocrx_word' id='word_1_191' title='bbox 231 2211 305 2266; x_wconf 82' lang='lat' dir='ltr'>Bella</span> <span class='ocrx_word' id='word_1_192' title='bbox 317 2215 399 2268; x_wconf 73' lang='lat' dir='ltr'>Iovis.</span> <span class='ocrx_word' id='word_1_193' title='bbox 414 2213 480 2268; x_wconf 91' lang='lat' dir='ltr'>Sunt</span> <span class='ocrx_word' id='word_1_194' title='bbox 490 2215 546 2272; x_wconf 75' lang='lat' dir='ltr'>buc</span> <span class='ocrx_word' id='word_1_195' title='bbox 557 2217 627 2272; x_wconf 90' lang='lat' dir='ltr'>bella</span> <span class='ocrx_word' id='word_1_196' title='bbox 641 2223 821 2295; x_wconf 75' lang='lat' dir='ltr'>Capitolinum</span> <span class='ocrx_word' id='word_1_197' title='bbox 831 2230 956 2302; x_wconf 74' lang='lat' dir='ltr'>(streton.</span> <span class='ocrx_word' id='word_1_198' title='bbox 968 2238 1066 2294; x_wconf 87' lang='lat' dir='ltr'>Domit.</span> <span class='ocrx_word' id='word_1_199' title='bbox 1079 2263 1139 2318; x_wconf 86' lang='lat' dir='ltr'>cap.</span> <span class='ocrx_word' id='word_1_200' title='bbox 1155 2263 1182 2312; x_wconf 85' lang='lat'>1;</span> 
     </span>
     <span class='ocr_line' id='line_1_24' title="bbox 141 2289 1182 2398; baseline 0.036 -57"><span class='ocrx_word' id='word_1_201' title='bbox 141 2289 221 2343; x_wconf 80' lang='lat' dir='ltr'>Tacit.</span> <span class='ocrx_word' id='word_1_202' title='bbox 237 2293 287 2360; x_wconf 91' lang='lat' dir='ltr'>lll,</span> <span class='ocrx_word' id='word_1_203' title='bbox 307 2311 339 2366; x_wconf 88' lang='lat'>71</span> <span class='ocrx_word' id='word_1_204' title='bbox 349 2295 377 2366; x_wconf 89' lang='lat'>),</span> <span class='ocrx_word' id='word_1_205' title='bbox 394 2293 581 2352; x_wconf 82' lang='lat' dir='ltr'>Germanicum</span> <span class='ocrx_word' id='word_1_206' title='bbox 599 2303 799 2374; x_wconf 69' lang='lat' dir='ltr'>contraCsttqs</span> <span class='ocrx_word' id='word_1_207' title='bbox 814 2325 917 2381; x_wconf 69' lang='lat' dir='ltr'>gestum</span> <span class='ocrx_word' id='word_1_208' title='bbox 933 2313 1010 2386; x_wconf 76' lang='lat' dir='ltr'>(sus.</span> <span class='ocrx_word' id='word_1_209' title='bbox 1024 2323 1052 2390; x_wconf 91' lang='lat' dir='ltr'>l,</span> <span class='ocrx_word' id='word_1_210' title='bbox 1065 2324 1099 2392; x_wconf 77' lang='grc'>4,</span> <span class='ocrx_word' id='word_1_211' title='bbox 1115 2325 1182 2398; x_wconf 84' lang='lat'>89),</span> 
     </span>
     <span class='ocr_line' id='line_1_25' title="bbox 141 2373 1182 2478; baseline 0.035 -54"><span class='ocrx_word' id='word_1_212' title='bbox 141 2373 212 2425; x_wconf 83' lang='lat' dir='ltr'>risile</span> <span class='ocrx_word' id='word_1_213' title='bbox 229 2391 245 2426; x_wconf 86' lang='lat' dir='ltr'>a</span> <span class='ocrx_word' id='word_1_214' title='bbox 260 2375 345 2427; x_wconf 84' lang='lat' dir='ltr'>Lucio</span> <span class='ocrx_word' id='word_1_215' title='bbox 363 2374 481 2428; x_wconf 82' lang='lat' dir='ltr'>Antonio</span> <span class='ocrx_word' id='word_1_216' title='bbox 497 2392 600 2432; x_wconf 88' lang='lat' dir='ltr'>motum</span> <span class='ocrx_word' id='word_1_217' title='bbox 618 2380 743 2452; x_wconf 81' lang='lat' dir='ltr'>(Sueten.</span> <span class='ocrx_word' id='word_1_218' title='bbox 760 2407 818 2459; x_wconf 70' lang='lat' dir='ltr'>cap.</span> <span class='ocrx_word' id='word_1_219' title='bbox 833 2391 881 2463; x_wconf 83' lang='lat'>6),</span> <span class='ocrx_word' id='word_1_220' title='bbox 898 2409 925 2448; x_wconf 84' lang='lat' dir='ltr'>ct</span> <span class='ocrx_word' id='word_1_221' title='bbox 940 2397 1067 2454; x_wconf 83' lang='lat' dir='ltr'>Dacicum</span> <span class='ocrx_word' id='word_1_222' title='bbox 1085 2404 1182 2478; x_wconf 77' lang='lat' dir='ltr'>duplex</span> 
     </span>
     <span class='ocr_line' id='line_1_26' title="bbox 141 2452 987 2547; baseline 0.03 -42"><span class='ocrx_word' id='word_1_223' title='bbox 141 2452 236 2522; x_wconf 73' lang='lat' dir='ltr'>(tues.</span> <span class='ocrx_word' id='word_1_224' title='bbox 248 2458 275 2523; x_wconf 93' lang='lat' dir='ltr'>l,</span> <span class='ocrx_word' id='word_1_225' title='bbox 293 2455 358 2528; x_wconf 86' lang='lat'>19),</span> <span class='ocrx_word' id='word_1_226' title='bbox 371 2475 432 2528; x_wconf 78' lang='lat' dir='ltr'>quae</span> <span class='ocrx_word' id='word_1_227' title='bbox 443 2458 537 2514; x_wconf 83' lang='lat' dir='ltr'>iterum</span> <span class='ocrx_word' id='word_1_228' title='bbox 550 2459 669 2515; x_wconf 82' lang='lat' dir='ltr'>celebrat</span> <span class='ocrx_word' id='word_1_229' title='bbox 678 2464 753 2531; x_wconf 82' lang='lat' dir='ltr'>initio</span> <span class='ocrx_word' id='word_1_230' title='bbox 765 2467 891 2547; x_wconf 73' lang='lat' dir='ltr'>Thebaid,</span> <span class='ocrx_word' id='word_1_231' title='bbox 904 2477 987 2530; x_wconf 84' lang='lat' dir='ltr'>Hsun.</span> 
     </span>
    </p>
   </div>
   <div class='ocr_carea' id='block_1_9' title="bbox 136 2593 1182 3339">
    <p class='ocr_par' dir='ltr' id='par_1_9' title="bbox 136 2593 1182 3339">
     <span class='ocr_line' id='line_1_27' title="bbox 173 2593 853 2684; baseline 0.034 -39"><span class='ocrx_word' id='word_1_232' title='bbox 173 2593 216 2647; x_wconf 79' lang='lat'>80.</span> <span class='ocrx_word' id='word_1_233' title='bbox 234 2595 350 2649; x_wconf 82' lang='lat' dir='ltr'>Tusslssm</span> <span class='ocrx_word' id='word_1_234' title='bbox 366 2600 395 2650; x_wconf 85' lang='lat' dir='ltr'>s’ss</span> <span class='ocrx_word' id='word_1_235' title='bbox 403 2599 505 2670; x_wconf 83' lang='lat' dir='ltr'>soedera</span> <span class='ocrx_word' id='word_1_236' title='bbox 524 2617 647 2658; x_wconf 79' lang='lat' dir='ltr'>montem.</span> <span class='ocrx_word' id='word_1_237' title='bbox 667 2609 739 2662; x_wconf 84' lang='lat' dir='ltr'>Infra</span> <span class='ocrx_word' id='word_1_238' title='bbox 753 2611 805 2681; x_wconf 85' lang='grc' dir='ltr'>ΠΙ,</span> <span class='ocrx_word' id='word_1_239' title='bbox 820 2617 853 2684; x_wconf 80' lang='grc'>3,</span> 
     </span>
     <span class='ocr_line' id='line_1_28' title="bbox 140 2673 832 2748; baseline 0.035 -24"><span class='ocrx_word' id='word_1_240' title='bbox 140 2673 219 2725; x_wconf 68' lang='lat' dir='ltr'>neeis</span> <span class='ocrx_word' id='word_1_241' title='bbox 227 2673 308 2728; x_wconf 82' lang='lat' dir='ltr'>donat</span> <span class='ocrx_word' id='word_1_242' title='bbox 317 2677 455 2732; x_wconf 80' lang='lat' dir='ltr'>clementia</span> <span class='ocrx_word' id='word_1_243' title='bbox 463 2696 590 2736; x_wconf 88' lang='lat' dir='ltr'>montem.</span> <span class='ocrx_word' id='word_1_244' title='bbox 601 2708 613 2733; x_wconf 82' lang='lat' dir='ltr'>s</span> <span class='ocrx_word' id='word_1_245' title='bbox 625 2687 664 2739; x_wconf 87' lang='lat' dir='ltr'>De</span> <span class='ocrx_word' id='word_1_246' title='bbox 673 2697 763 2745; x_wconf 80' lang='lat' dir='ltr'>monte</span> <span class='ocrx_word' id='word_1_247' title='bbox 773 2711 832 2748; x_wconf 85' lang='lat' dir='ltr'>sacr</span> 
     </span>
     <span class='ocr_line' id='line_1_29' title="bbox 142 2749 827 2848; baseline 0.039 -48"><span class='ocrx_word' id='word_1_248' title='bbox 142 2749 246 2821; x_wconf 83' lang='lat' dir='ltr'>Lipsius</span> <span class='ocrx_word' id='word_1_249' title='bbox 261 2753 296 2804; x_wconf 90' lang='lat' dir='ltr'>ad</span> <span class='ocrx_word' id='word_1_250' title='bbox 310 2755 395 2809; x_wconf 80' lang='lat' dir='ltr'>Taciti</span> <span class='ocrx_word' id='word_1_251' title='bbox 408 2759 508 2811; x_wconf 85' lang='lat' dir='ltr'>Histor.</span> <span class='ocrx_word' id='word_1_252' title='bbox 520 2763 548 2829; x_wconf 92' lang='lat' dir='ltr'>l,</span> <span class='ocrx_word' id='word_1_253' title='bbox 568 2781 600 2826; x_wconf 83' lang='lat' dir='ltr'>s;</span> <span class='ocrx_word' id='word_1_254' title='bbox 620 2779 646 2818; x_wconf 86' lang='lat' dir='ltr'>et</span> <span class='ocrx_word' id='word_1_255' title='bbox 662 2787 723 2821; x_wconf 84' lang='lat' dir='ltr'>eum</span> <span class='ocrx_word' id='word_1_256' title='bbox 742 2767 827 2848; x_wconf 86' lang='lat' dir='ltr'>sequit</span> 
     </span>
     <span class='ocr_line' id='line_1_30' title="bbox 143 2829 1182 2943; baseline 0.046 -65"><span class='ocrx_word' id='word_1_257' title='bbox 143 2829 272 2882; x_wconf 73' lang='lat' dir='ltr'>&#39;lbebaid</span> <span class='ocrx_word' id='word_1_258' title='bbox 282 2833 386 2904; x_wconf 66' lang='lat' dir='ltr'>Regiam</span> <span class='ocrx_word' id='word_1_259' title='bbox 393 2856 454 2891; x_wconf 79' lang='lat' dir='ltr'>sero</span> <span class='ocrx_word' id='word_1_260' title='bbox 465 2841 599 2895; x_wconf 85' lang='lat' dir='ltr'>Dacorum</span> <span class='ocrx_word' id='word_1_261' title='bbox 610 2844 638 2897; x_wconf 89' lang='lat' dir='ltr'>in</span> <span class='ocrx_word' id='word_1_262' title='bbox 649 2843 774 2905; x_wconf 83' lang='lat' dir='ltr'>altissimo</span> <span class='ocrx_word' id='word_1_263' title='bbox 786 2859 1061 2935; x_wconf 82' lang='lat' dir='ltr'>monte&#39;&#39;exstructam,</span> <span class='ocrx_word' id='word_1_264' title='bbox 1071 2888 1182 2943; x_wconf 84' lang='lat' dir='ltr'>eamque</span> 
     </span>
     <span class='ocr_line' id='line_1_31' title="bbox 141 2907 1181 3018; baseline 0.044 -57"><span class='ocrx_word' id='word_1_265' title='bbox 141 2907 169 2962; x_wconf 91' lang='lat' dir='ltr'>b.</span> <span class='ocrx_word' id='word_1_266' title='bbox 185 2910 204 2962; x_wconf 93' lang='lat' dir='ltr'>l.</span> <span class='ocrx_word' id='word_1_267' title='bbox 218 2912 412 2985; x_wconf 68' lang='lat' dir='ltr'>intelligendam</span> <span class='ocrx_word' id='word_1_268' title='bbox 424 2939 481 2974; x_wconf 84' lang='lat' dir='ltr'>csse</span> <span class='ocrx_word' id='word_1_269' title='bbox 495 2921 676 2980; x_wconf 87' lang='lat' dir='ltr'>demonstrare</span> <span class='ocrx_word' id='word_1_270' title='bbox 697 2930 780 2986; x_wconf 83' lang='lat' dir='ltr'>voluit</span> <span class='ocrx_word' id='word_1_271' title='bbox 796 2937 935 2994; x_wconf 79' lang='lat' dir='ltr'>Gevsrtius</span> <span class='ocrx_word' id='word_1_272' title='bbox 953 2945 981 2994; x_wconf 91' lang='lat' dir='ltr'>in</span> <span class='ocrx_word' id='word_1_273' title='bbox 999 2948 1090 3018; x_wconf 80' lang='lat' dir='ltr'>Pupin.</span> <span class='ocrx_word' id='word_1_274' title='bbox 1108 2951 1181 3008; x_wconf 86' lang='lat' dir='ltr'>Lect.</span> 
     </span>
     <span class='ocr_line' id='line_1_32' title="bbox 139 2991 1181 3090; baseline 0.043 -49"><span class='ocrx_word' id='word_1_275' title='bbox 139 3008 197 3063; x_wconf 88' lang='lat' dir='ltr'>cap.</span> <span class='ocrx_word' id='word_1_276' title='bbox 219 2991 245 3046; x_wconf 82' lang='lat'>5.</span> <span class='ocrx_word' id='word_1_277' title='bbox 267 2995 323 3046; x_wconf 73' lang='lat' dir='ltr'>Eut</span> <span class='ocrx_word' id='word_1_278' title='bbox 343 3007 450 3072; x_wconf 84' lang='lat' dir='ltr'>utraque</span> <span class='ocrx_word' id='word_1_279' title='bbox 471 3007 601 3056; x_wconf 84' lang='lat' dir='ltr'>sententia</span> <span class='ocrx_word' id='word_1_280' title='bbox 621 3005 721 3080; x_wconf 89' lang='lat' dir='ltr'>aliquid</span> <span class='ocrx_word' id='word_1_281' title='bbox 738 3031 829 3066; x_wconf 85' lang='lat' dir='ltr'>rerum</span> <span class='ocrx_word' id='word_1_282' title='bbox 848 3021 999 3090; x_wconf 88' lang='lat' dir='ltr'>contineat,</span> <span class='ocrx_word' id='word_1_283' title='bbox 1020 3038 1109 3081; x_wconf 79' lang='lat' dir='ltr'>tamen</span> <span class='ocrx_word' id='word_1_284' title='bbox 1126 3049 1181 3088; x_wconf 87' lang='lat' dir='ltr'>non</span> 
     </span>
     <span class='ocr_line' id='line_1_33' title="bbox 136 3078 1180 3170; baseline 0.045 -48"><span class='ocrx_word' id='word_1_285' title='bbox 136 3083 219 3124; x_wconf 81' lang='lat' dir='ltr'>totam</span> <span class='ocrx_word' id='word_1_286' title='bbox 235 3093 291 3127; x_wconf 84' lang='lat' dir='ltr'>rem</span> <span class='ocrx_word' id='word_1_287' title='bbox 308 3078 500 3150; x_wconf 79' lang='lat' dir='ltr'>complectitur.</span> <span class='ocrx_word' id='word_1_288' title='bbox 517 3083 624 3156; x_wconf 87' lang='lat' dir='ltr'>Optime</span> <span class='ocrx_word' id='word_1_289' title='bbox 640 3089 711 3142; x_wconf 91' lang='lat' dir='ltr'>enim</span> <span class='ocrx_word' id='word_1_290' title='bbox 727 3091 868 3147; x_wconf 85' lang='lat' dir='ltr'>Calderino</span> <span class='ocrx_word' id='word_1_291' title='bbox 884 3104 1017 3170; x_wconf 69' lang='lat' dir='ltr'>praeeunte</span> <span class='ocrx_word' id='word_1_292' title='bbox 1032 3107 1180 3169; x_wconf 75' lang='lat' dir='ltr'>Gronovius</span> 
     </span>
     <span class='ocr_line' id='line_1_34' title="bbox 137 3151 1180 3254; baseline 0.035 -52"><span class='ocrx_word' id='word_1_293' title='bbox 137 3151 262 3207; x_wconf 81' lang='lat' dir='ltr'>intellexit</span> <span class='ocrx_word' id='word_1_294' title='bbox 273 3157 347 3227; x_wconf 89' lang='lat' dir='ltr'>ipsos</span> <span class='ocrx_word' id='word_1_295' title='bbox 358 3159 463 3229; x_wconf 84' lang='lat' dir='ltr'>Dacos,</span> <span class='ocrx_word' id='word_1_296' title='bbox 477 3164 522 3234; x_wconf 92' lang='lat' dir='ltr'>qui</span> <span class='ocrx_word' id='word_1_297' title='bbox 535 3166 562 3217; x_wconf 92' lang='lat' dir='ltr'>in</span> <span class='ocrx_word' id='word_1_298' title='bbox 575 3179 667 3220; x_wconf 88' lang='lat' dir='ltr'>monte</span> <span class='ocrx_word' id='word_1_299' title='bbox 679 3168 754 3224; x_wconf 86' lang='lat' dir='ltr'>sedes</span> <span class='ocrx_word' id='word_1_300' title='bbox 767 3173 978 3254; x_wconf 85' lang='lat' dir='ltr'>collocaverant,</span> <span class='ocrx_word' id='word_1_301' title='bbox 990 3187 1078 3243; x_wconf 86' lang='lat' dir='ltr'>tardos</span> <span class='ocrx_word' id='word_1_302' title='bbox 1089 3193 1117 3246; x_wconf 89' lang='lat' dir='ltr'>in</span> <span class='ocrx_word' id='word_1_303' title='bbox 1130 3195 1180 3247; x_wconf 78' lang='lat' dir='ltr'>loe.</span> 
     </span>
     <span class='ocr_line' id='line_1_35' title="bbox 136 3229 1179 3339; baseline 0.044 -57"><span class='ocrx_word' id='word_1_304' title='bbox 136 3229 204 3285; x_wconf 82' lang='lat' dir='ltr'>ders.</span> <span class='ocrx_word' id='word_1_305' title='bbox 225 3257 237 3281; x_wconf 78' lang='grc' dir='ltr'>ι</span> <span class='ocrx_word' id='word_1_306' title='bbox 249 3235 312 3288; x_wconf 78' lang='lat' dir='ltr'>Non</span> <span class='ocrx_word' id='word_1_307' title='bbox 331 3239 389 3310; x_wconf 88' lang='lat' dir='ltr'>ipse</span> <span class='ocrx_word' id='word_1_308' title='bbox 408 3259 503 3308; x_wconf 89' lang='lat' dir='ltr'>mons,</span> <span class='ocrx_word' id='word_1_309' title='bbox 520 3262 574 3298; x_wconf 90' lang='lat' dir='ltr'>non</span> <span class='ocrx_word' id='word_1_310' title='bbox 593 3248 722 3320; x_wconf 86' lang='lat' dir='ltr'>templum</span> <span class='ocrx_word' id='word_1_311' title='bbox 738 3254 766 3303; x_wconf 87' lang='lat' dir='ltr'>in</span> <span class='ocrx_word' id='word_1_312' title='bbox 781 3269 889 3326; x_wconf 85' lang='lat' dir='ltr'>monte,</span> <span class='ocrx_word' id='word_1_313' title='bbox 905 3279 960 3314; x_wconf 89' lang='lat' dir='ltr'>non</span> <span class='ocrx_word' id='word_1_314' title='bbox 971 3255 1065 3339; x_wconf 53' lang='lat' dir='ltr'>&#39;regim</span> <span class='ocrx_word' id='word_1_315' title='bbox 1084 3273 1131 3328; x_wconf 87' lang='lat' dir='ltr'>sed</span> <span class='ocrx_word' id='word_1_316' title='bbox 1151 3279 1179 3332; x_wconf 91' lang='lat' dir='ltr'>in</span> 
     </span>
    </p>
   </div>
   <div class='ocr_carea' id='block_1_10' title="bbox 135 3325 1179 3448">
    <p class='ocr_par' dir='ltr' id='par_1_10' title="bbox 135 3325 1179 3448">
     <span class='ocr_line' id='line_1_36' title="bbox 135 3325 1179 3425; baseline 0.032 -59"><span class='ocrx_word' id='word_1_317' title='bbox 135 3327 226 3381; x_wconf 66' lang='lat' dir='ltr'>tenue</span> <span class='ocrx_word' id='word_1_318' title='bbox 243 3329 300 3368; x_wconf 87' lang='lat' dir='ltr'>tota</span> <span class='ocrx_word' id='word_1_319' title='bbox 316 3334 383 3388; x_wconf 71' lang='lat' dir='ltr'>gens</span> <span class='ocrx_word' id='word_1_320' title='bbox 398 3333 517 3376; x_wconf 90' lang='lat' dir='ltr'>montem</span> <span class='ocrx_word' id='word_1_321' title='bbox 532 3325 630 3380; x_wconf 87' lang='lat' dir='ltr'>colens.</span> <span class='ocrx_word' id='word_1_322' title='bbox 644 3328 738 3385; x_wconf 87' lang='lat' dir='ltr'>Florus</span> <span class='ocrx_word' id='word_1_323' title='bbox 752 3331 798 3403; x_wconf 80' lang='lat' dir='ltr'>tv,</span> <span class='ocrx_word' id='word_1_324' title='bbox 811 3354 854 3425; x_wconf 44' lang='grc' dir='ltr'>,η</span> <span class='ocrx_word' id='word_1_325' title='bbox 871 3339 940 3394; x_wconf 81' lang='lat' dir='ltr'>Daci</span> <span class='ocrx_word' id='word_1_326' title='bbox 954 3349 1082 3406; x_wconf 60' lang='lat' dir='ltr'>monstres</span> <span class='ocrx_word' id='word_1_327' title='bbox 1095 3354 1179 3408; x_wconf 72' lang='lat' dir='ltr'>inlice.</span> 
     </span>
     <span class='ocr_line' id='line_1_37' title="bbox 136 3397 323 3448; baseline 0.032 -6"><span class='ocrx_word' id='word_1_328' title='bbox 136 3405 196 3446; x_wconf 70' lang='lat' dir='ltr'>met.</span> <span class='ocrx_word' id='word_1_329' title='bbox 209 3419 220 3444; x_wconf 86' lang='grc' dir='ltr'>ι</span> <span class='ocrx_word' id='word_1_330' title='bbox 237 3397 323 3448; x_wconf 73' lang='lat' dir='ltr'>Hero.</span> 
     </span>
    </p>
   </div>
   <div class='ocr_carea' id='block_1_11' title="bbox 828 2621 1183 2854">
    <p class='ocr_par' dir='ltr' id='par_1_11' title="bbox 828 2597 1183 2854">
     <span class='ocr_line' id='line_1_38' title="bbox 872 2621 1182 2700; baseline 0.048 -28"><span class='ocrx_word' id='word_1_331' title='bbox 872 2621 938 2691; x_wconf 84' lang='lat'><strong>169:</strong></span> <span class='ocrx_word' id='word_1_332' title='bbox 957 2645 969 2669; x_wconf 73' lang='lat' dir='ltr'>s</span> <span class='ocrx_word' id='word_1_333' title='bbox 981 2644 1093 2700; x_wconf 73' lang='lat' dir='ltr'>queque</span> <span class='ocrx_word' id='word_1_334' title='bbox 1105 2651 1182 2688; x_wconf 89' lang='lat' dir='ltr'>suum</span> 
     </span>
     <span class='ocr_line' id='line_1_39' title="bbox 833 2697 1183 2782; baseline 0.054 -33"><span class='ocrx_word' id='word_1_335' title='bbox 833 2697 989 2770; x_wconf 72' lang='lat' dir='ltr'>oDaoorurn</span> <span class='ocrx_word' id='word_1_336' title='bbox 996 2707 1183 2782; x_wconf 84' lang='lat' dir='ltr'>interpretatur</span> 
     </span>
     <span class='ocr_line' id='line_1_40' title="bbox 828 2779 1181 2854; baseline 0.048 -25"><span class='ocrx_word' id='word_1_337' title='bbox 828 2795 862 2854; x_wconf 82' lang='lat' dir='ltr'>ur</span> <span class='ocrx_word' id='word_1_338' title='bbox 876 2779 1023 2852; x_wconf 80' lang='lat' dir='ltr'>Bernartius</span> <span class='ocrx_word' id='word_1_339' title='bbox 1039 2788 1074 2841; x_wconf 86' lang='lat' dir='ltr'>nd</span> <span class='ocrx_word' id='word_1_340' title='bbox 1092 2790 1181 2846; x_wconf 85' lang='lat' dir='ltr'>locum</span> 
     </span>
    </p>
   </div>
   <div class='ocr_carea' id='block_1_12' title="bbox 132 3522 1181 4012">
    <p class='ocr_par' dir='ltr' id='par_1_12' title="bbox 132 3522 1181 4012">
     <span class='ocr_line' id='line_1_41' title="bbox 168 3522 1179 3642; baseline 0.046 -67"><span class='ocrx_word' id='word_1_341' title='bbox 168 3522 208 3576; x_wconf 80' lang='lat' dir='ltr'>ds.</span> <span class='ocrx_word' id='word_1_342' title='bbox 223 3526 319 3600; x_wconf 74' lang='lat' dir='ltr'>Lonqo</span> <span class='ocrx_word' id='word_1_343' title='bbox 331 3529 419 3584; x_wconf 72' lang='lat' dir='ltr'>Marte</span> <span class='ocrx_word' id='word_1_344' title='bbox 432 3533 529 3591; x_wconf 83' lang='lat' dir='ltr'>domas.</span> <span class='ocrx_word' id='word_1_345' title='bbox 545 3537 631 3592; x_wconf 87' lang='lat' dir='ltr'>Nemo</span> <span class='ocrx_word' id='word_1_346' title='bbox 645 3537 741 3597; x_wconf 87' lang='lat' dir='ltr'>dicitur</span> <span class='ocrx_word' id='word_1_347' title='bbox 754 3547 861 3604; x_wconf 79' lang='lat' dir='ltr'>domare</span> <span class='ocrx_word' id='word_1_348' title='bbox 874 3554 984 3610; x_wconf 74' lang='lat' dir='ltr'>bellwet</span> <span class='ocrx_word' id='word_1_349' title='bbox 995 3562 1088 3631; x_wconf 78' lang='lat' dir='ltr'>puelia</span> <span class='ocrx_word' id='word_1_350' title='bbox 1101 3564 1179 3642; x_wconf 75' lang='lat' dir='ltr'>lonqo</span> 
     </span>
     <span class='ocr_line' id='line_1_42' title="bbox 134 3599 1180 3710; baseline 0.045 -58"><span class='ocrx_word' id='word_1_351' title='bbox 134 3599 207 3654; x_wconf 81' lang='lat' dir='ltr'>dello.</span> <span class='ocrx_word' id='word_1_352' title='bbox 217 3605 424 3678; x_wconf 66' lang='lat' dir='ltr'>intelligendum</span> <span class='ocrx_word' id='word_1_353' title='bbox 436 3617 514 3686; x_wconf 86' lang='lat' dir='ltr'>quasi</span> <span class='ocrx_word' id='word_1_354' title='bbox 524 3619 687 3691; x_wconf 79' lang='lat' dir='ltr'>scripsisset,</span> <span class='ocrx_word' id='word_1_355' title='bbox 701 3645 712 3670; x_wconf 77' lang='grc' dir='ltr'>ι</span> <span class='ocrx_word' id='word_1_356' title='bbox 724 3639 755 3680; x_wconf 90' lang='lat' dir='ltr'>tu</span> <span class='ocrx_word' id='word_1_357' title='bbox 767 3627 837 3680; x_wconf 92' lang='lat' dir='ltr'>bella</span> <span class='ocrx_word' id='word_1_358' title='bbox 850 3633 938 3701; x_wconf 72' lang='lat' dir='ltr'>lovis,</span> <span class='ocrx_word' id='word_1_359' title='bbox 951 3635 1082 3710; x_wconf 82' lang='lat' dir='ltr'>tu‘prselia</span> <span class='ocrx_word' id='word_1_360' title='bbox 1094 3644 1180 3700; x_wconf 86' lang='lat' dir='ltr'>Rheni</span> 
     </span>
     <span class='ocr_line' id='line_1_43' title="bbox 132 3684 1181 3798; baseline 0.042 -63"><span class='ocrx_word' id='word_1_361' title='bbox 132 3684 213 3750; x_wconf 67' lang='lat' dir='ltr'>floriet</span> <span class='ocrx_word' id='word_1_362' title='bbox 221 3699 249 3740; x_wconf 92' lang='lat' dir='ltr'>tu</span> <span class='ocrx_word' id='word_1_363' title='bbox 260 3685 356 3743; x_wconf 86' lang='lat' dir='ltr'>domas</span> <span class='ocrx_word' id='word_1_364' title='bbox 366 3691 443 3746; x_wconf 83' lang='lat' dir='ltr'>civile</span> <span class='ocrx_word' id='word_1_365' title='bbox 454 3696 544 3766; x_wconf 75' lang='lat' dir='ltr'>nefas,</span> <span class='ocrx_word' id='word_1_366' title='bbox 556 3710 606 3751; x_wconf 89' lang='lat' dir='ltr'>etc.</span> <span class='ocrx_word' id='word_1_367' title='bbox 620 3723 631 3749; x_wconf 81' lang='grc' dir='ltr'>ι</span> <span class='ocrx_word' id='word_1_368' title='bbox 645 3703 707 3756; x_wconf 78' lang='lat' dir='ltr'>llec</span> <span class='ocrx_word' id='word_1_369' title='bbox 718 3705 845 3778; x_wconf 86' lang='lat' dir='ltr'>loquendi</span> <span class='ocrx_word' id='word_1_370' title='bbox 855 3712 940 3767; x_wconf 84' lang='lat' dir='ltr'>forma</span> <span class='ocrx_word' id='word_1_371' title='bbox 951 3721 1058 3788; x_wconf 87' lang='lat' dir='ltr'>optimis</span> <span class='ocrx_word' id='word_1_372' title='bbox 1068 3727 1181 3798; x_wconf 84' lang='lat' dir='ltr'>scripto-</span> 
     </span>
     <span class='ocr_line' id='line_1_44' title="bbox 132 3759 883 3852; baseline 0.041 -38"><span class='ocrx_word' id='word_1_373' title='bbox 132 3759 206 3816; x_wconf 83' lang='lat' dir='ltr'>ribus</span> <span class='ocrx_word' id='word_1_374' title='bbox 216 3766 430 3824; x_wconf 80' lang='lat' dir='ltr'>lsnilian&#39;ssima.</span> <span class='ocrx_word' id='word_1_375' title='bbox 446 3776 559 3845; x_wconf 81' lang='lat' dir='ltr'>Noster,</span> <span class='ocrx_word' id='word_1_376' title='bbox 571 3778 655 3833; x_wconf 83' lang='lat' dir='ltr'>Theb.</span> <span class='ocrx_word' id='word_1_377' title='bbox 671 3783 733 3852; x_wconf 86' lang='lat' dir='ltr'>Vll,</span> <span class='ocrx_word' id='word_1_378' title='bbox 748 3785 820 3842; x_wconf 62' lang='lat'>⁵603</span> <span class='ocrx_word' id='word_1_379' title='bbox 880 3791 883 3796; x_wconf 55' lang='lat'><strong>⁴</strong></span> 
     </span>
     <span class='ocr_line' id='line_1_45' title="bbox 316 3865 866 3936; baseline 0.044 -26"><span class='ocrx_word' id='word_1_380' title='bbox 316 3865 346 3911; x_wconf 85' lang='lat' dir='ltr'>lii</span> <span class='ocrx_word' id='word_1_381' title='bbox 355 3867 468 3929; x_wconf 75' lang='lat' dir='ltr'>predbus</span> <span class='ocrx_word' id='word_1_382' title='bbox 476 3883 608 3936; x_wconf 81' lang='lat' dir='ltr'>questuque</span> <span class='ocrx_word' id='word_1_383' title='bbox 617 3875 687 3934; x_wconf 66' lang='lat' dir='ltr'>deon</span> <span class='ocrx_word' id='word_1_384' title='bbox 696 3875 721 3925; x_wconf 85' lang='lat' dir='ltr'>bi</span> <span class='ocrx_word' id='word_1_385' title='bbox 729 3882 813 3931; x_wconf 81' lang='lat' dir='ltr'>Martis</span> <span class='ocrx_word' id='word_1_386' title='bbox 822 3885 866 3933; x_wconf 80' lang='lat' dir='ltr'>tels</span> 
     </span>
     <span class='ocr_line' id='line_1_46' title="bbox 318 3935 819 4012; baseline 0.032 -28"><span class='ocrx_word' id='word_1_387' title='bbox 318 3935 492 4004; x_wconf 71' lang='lat' dir='ltr'>deliget-osque</span> <span class='ocrx_word' id='word_1_388' title='bbox 501 3941 625 3993; x_wconf 83' lang='lat' dir='ltr'>hortantur</span> <span class='ocrx_word' id='word_1_389' title='bbox 632 3963 716 4012; x_wconf 85' lang='lat' dir='ltr'>equos:</span> <span class='ocrx_word' id='word_1_390' title='bbox 816 3945 819 3954; x_wconf 80' lang='grc'><strong>’</strong></span> 
     </span>
    </p>
   </div>
   <div class='ocr_carea' id='block_1_13' title="bbox 130 4020 1288 4125">
    <p class='ocr_par' dir='ltr' id='par_1_13' title="bbox 130 4020 1288 4125">
     <span class='ocr_line' id='line_1_47' title="bbox 130 4020 1288 4125; baseline 0.037 -55"><span class='ocrx_word' id='word_1_391' title='bbox 130 4020 202 4088; x_wconf 70' lang='lat' dir='ltr'>ttqsl</span> <span class='ocrx_word' id='word_1_392' title='bbox 226 4039 307 4076; x_wconf 71' lang='lat' dir='ltr'>mo</span> <span class='ocrx_word' id='word_1_393' title='bbox 331 4023 459 4082; x_wconf 83' lang='lat' dir='ltr'>bortatur</span> <span class='ocrx_word' id='word_1_394' title='bbox 480 4033 539 4086; x_wconf 85' lang='lat' dir='ltr'>deos</span> <span class='ocrx_word' id='word_1_395' title='bbox 557 4037 682 4107; x_wconf 87' lang='lat' dir='ltr'>precibus</span> <span class='ocrx_word' id='word_1_396' title='bbox 703 4053 728 4094; x_wconf 85' lang='lat' dir='ltr'>et</span> <span class='ocrx_word' id='word_1_397' title='bbox 749 4057 852 4114; x_wconf 87' lang='lat' dir='ltr'>questu.</span> <span class='ocrx_word' id='word_1_398' title='bbox 876 4045 1079 4120; x_wconf 70' lang='lat' dir='ltr'>Intelligendum</span> <span class='ocrx_word' id='word_1_399' title='bbox 1102 4054 1182 4125; x_wconf 71' lang='lat' dir='ltr'>igitur</span> <span class='ocrx_word' id='word_1_400' title='bbox 1286 4096 1288 4106; x_wconf 85' lang='lat'>.</span> 
     </span>
    </p>
   </div>
   <div class='ocr_carea' id='block_1_14' title="bbox 221 4111 1043 4206">
    <p class='ocr_par' dir='ltr' id='par_1_14' title="bbox 221 4111 1043 4206">
     <span class='ocr_line' id='line_1_48' title="bbox 221 4111 1043 4206; baseline 0.043 -35"><span class='ocrx_word' id='word_1_401' title='bbox 221 4111 251 4174; x_wconf 85' lang='grc' dir='ltr'>Ι.</span> <span class='ocrx_word' id='word_1_402' title='bbox 1025 4142 1043 4206; x_wconf 90' lang='grc'>3</span> 
     </span>
    </p>
   </div>
   <div class='ocr_carea' id='block_1_15' title="bbox 0 0 1396 4484">
    <p class='ocr_par' dir='ltr' id='par_1_15' title="bbox 0 0 1396 4484">
     <span class='ocr_line' id='line_1_49' title="bbox 0 0 1396 4484; baseline 0 1"><span class='ocrx_word' id='word_1_403' title='bbox 0 0 1396 4484; x_wconf 95' lang='lat' dir='ltr'> </span> 
     </span>
    </p>
   </div>
  </div>
 </body>
</html>
