2850 4488
380 327 512 391 urani
537 287 720 406 Quiu'rr
746 323 997 390 sinvsnuu.
1146 331 1206 408 lut

167 446 241 520 quod
253 463 343 504 tamen
358 453 380 504 si
393 448 557 518 admittatur,
570 469 625 502 non
636 449 775 522 poteentia,
791 448 837 502 sed
844 449 1038 520 familiaritatis
1050 469 1106 504 ease
1117 454 1211 524 appel-

165 527 293 583 lationem
307 545 397 585 censet
414 549 532 585 summus
550 530 698 591 Bentlcius;
718 528 942 602 quemadmodum
960 531 1131 583 Maecenatem
1149 533 1212 584 alibi

164 625 251 682 sepem
263 625 344 664 vocat
356 610 479 674 Flaccus;
492 609 541 664 sed
551 612 661 662 omnino
674 628 729 663 non
741 607 935 663 admittendum
945 610 1061 673 videtum
1074 629 1128 664 non
1140 614 1211 664 anim

164 686 221 740 lieri
231 701 322 760 potest
333 703 363 742 ut
374 704 428 743 tam
440 689 563 762 ambigua
575 704 602 741 et
612 688 808 760 suspicionibus
820 686 936 741 obnoxia
947 707 1013 741 voce
1024 703 1143 743 uteretur
1154 693 1210 743 llo·

164 771 260 833 ratius3
273 789 322 825 nec
332 773 497 842 permitteret
509 771 659 841 Augustus,
671 787 772 822 memor
781 769 882 823 scilicet
892 767 1071 822 offensionum
1083 773 1109 823 in
1120 769 1171 823 bac
1183 791 1211 823 re

163 860 191 900 et
204 851 276 903 necis
290 853 350 904 Divi
362 851 433 906 Julii.
449 852 487 904 Ex
499 848 541 903 bis
558 849 685 921 exemplis
700 862 726 902 ct
741 850 889 902 rationibus
905 852 1002 917 cuivis,
1021 853 1125 923 opinor,
1139 864 1212 923 patet

163 925 305 998 legendum
320 948 378 982 esse
391 930 444 982 dux
458 947 555 1002 meque
568 929 597 980 in
612 926 665 980 boc
682 929 757 981 Statii
773 928 848 992 loco;
866 942 893 981 et
907 943 1103 1001 consequenter
1116 929 1210 982 falsum

163 1026 221 1062 csse
232 1009 411 1077 Gronovium,
427 1013 472 1082 qui
486 1009 610 1062 Oratione
621 1009 653 1061 de
663 1011 730 1082 Leqe
741 1008 835 1081 lupia,
849 1008 939 1062 habita
949 1007 1033 1080 bugd.
1047 1011 1134 1063 Butae.
1148 1029 1209 1064 ann.

165 1089 247 1161 1671,
264 1093 302 1144 sio
321 1089 454 1163 loquitur:
477 1093 531 1143 «Et
550 1091 654 1142 initium
672 1089 780 1162 quidem
796 1092 970 1163 imperatores
991 1108 1102 1142 numero
1121 1109 1211 1163 sepum

163 1168 280 1224 habendi
294 1171 372 1225 lacile
388 1171 545 1225 crediderim
561 1189 578 1223 a
590 1171 689 1224 Grecis
704 1188 841 1224 manasse:
858 1191 920 1225 mox
934 1170 1112 1225 adsueverunt
1125 1186 1151 1225 et
1162 1173 1212 1226 La-

162 1250 229 1314 tiui;
243 1269 356 1324 quorum
366 1253 467 1323 primus
479 1253 507 1302 P.
522 1251 646 1322 Papinius
658 1251 756 1303 Statius
770 1252 797 1302 in
811 1254 929 1304 carmine
942 1271 995 1322 quo
1009 1252 1151 1324 septimum
1165 1250 1212 1302 de-

163 1329 261 1380 cimum
284 1329 458 1382 Consulatum
478 1331 623 1382 Domitiani
641 1329 794 1396 decoravit,
813 1327 924 1382 lionoris
946 1347 1006 1382 eum
1028 1347 1108 1381 causa
1126 1347 1153 1380 re
1170 1348 1210 1381 ern

164 1425 292 1481 moyseum
304 1410 432 1463 salutat.»
446 1411 480 1461 Et
493 1411 576 1464 Diatr.
590 1427 614 1461 c.
627 1410 658 1463 3:
677 1410 755 1462 «Nec
766 1409 864 1481 puduit
874 1428 935 1462 eum
947 1408 1089 1479 (Statium)
1100 1409 1127 1459 in
1165 1409 1211 1459 v11

166 1488 313 1542 Consulatu
324 1492 484 1558 Domitiani,
497 1491 624 1543 Cesaram
637 1489 714 1543 titulo
725 1491 789 1564 repis
800 1490 890 1564 moqni
901 1489 1032 1542 incidere:
1045 1492 1073 1541 in
1084 1488 1210 1543 invidiam

164 1568 266 1622 scilicet
277 1571 452 1624 barbarorum
465 1589 573 1646 sepum,
589 1573 633 1644 qui
645 1573 753 1643 proprie
766 1589 834 1645 repes
845 1572 936 1644 mopsi
947 1582 973 1622 et
985 1588 1053 1642 repes
1065 1587 1152 1644 repam
1166 1587 1210 1622 sa-

163 1647 326 1702 lutabautur.
338 1674 350 1697 ι
366 1652 460 1723 Atqui,
475 1664 571 1721 prater
582 1651 699 1703 rationes
711 1649 793 1701 modo
806 1648 949 1715 adductae,
963 1668 1044 1720 quare
1058 1647 1116 1700 aliis
1129 1651 1157 1700 in
1170 1647 1211 1700 Ιο-

161 1732 200 1782 cis
213 1748 320 1802 temper
334 1731 424 1783 ducem
440 1744 466 1783 et
482 1749 610 1806 moqnnm
622 1730 729 1796 ducem,
744 1749 880 1802 nunquam
895 1748 979 1804 sepem
994 1728 1126 1802 appellati
1141 1748 1209 1801 pre·

162 1811 252 1863 sertim
267 1829 349 1882 quum
365 1810 403 1862 ibi
416 1809 500 1863 multo
519 1813 606 1881 aptius
625 1810 713 1863 lacere
731 1811 862 1883 potuisset
876 1828 956 1880 qnam
974 1808 1033 1861 bic:
1055 1821 1126 1861 certe
1140 1812 1209 1862 enim

162 1892 336 1962 iuuougruum
347 1908 388 1945 est
398 1910 494 1945 vocare
508 1892 623 1964 aliquem
636 1910 721 1964 rupem
736 1909 768 1944 eo
784 1890 846 1944 loco
863 1890 911 1942 ubi
926 1890 1002 1942 iilum
1013 1889 1122 1942 laudare
1135 1893 1211 1944 iusti-

162 1973 243 2024 tueris
253 1990 284 2024 ex
294 1991 327 2024 co
340 1971 413 2044 quod
422 1975 455 2024 sit
466 1972 564 2026 consul.
575 1973 621 2036 Et,
635 1971 708 2044 quod
717 1990 773 2024 non
783 1972 920 2023 minimum
932 1983 985 2037 cst,
997 1986 1065 2044 repes
1075 1983 1102 2022 et
1111 1963 1209 2044 sepium

162 2069 258 2104 nomeu
269 2055 368 2124 passim
377 2053 406 2105 in
414 2052 551 2105 Thebaide
564 2053 728 2124 perstringit;
742 2053 779 2103 ita
791 2053 829 2118 11,
843 2050 909 2118 486,
921 2048 955 2100 da
966 2048 1075 2101 Eteocle
1083 2047 1117 2117 ιᾷ
1125 2050 1209 2124 Tydei

161 2129 335 2184 insidiatum:
353 2156 364 2180 ι
375 2146 495 2185 sanctum
508 2131 616 2204 populis
630 2151 679 2203 per
692 2130 785 2185 saecula
798 2147 896 2183 nomen
909 2129 1038 2199 Legatum
1051 2129 1153 2182 insidiis
1167 2144 1208 2184 ta-

161 2211 270 2281 citoque
282 2209 406 2264 invadere
420 2212 490 2264 ferro
504 2209 591 2281 (Quid
604 2211 688 2283 eequis
699 2229 755 2262 non
766 2208 851 2278 vilei)
865 2211 975 2282 cupit;a
990 2209 1019 2261 id
1033 2223 1087 2277 est,
1102 2210 1207 2283 reqibus.

162 2288 231 2342 vide
244 2305 271 2342 et
283 2289 367 2343 Theb.
382 2291 446 2358 xil,
460 2289 511 2343 505
524 2304 551 2342 et
563 2291 623 2361 591.
639 2292 700 2342 Nou
714 2291 795 2362 igitur
807 2307 887 2342 ausus
901 2300 971 2342 esset
983 2307 1066 2362 sepem
1079 2290 1207 2343 Domitia·

162 2386 226 2420 uum
241 2369 391 2441 appellare,
406 2387 489 2440 quum
503 2369 536 2421 de
553 2372 622 2444 sepio
636 2369 743 2421 nomine
758 2381 812 2421 tarn
827 2367 911 2420 libere
930 2370 1040 2421 sentiret
1058 2382 1085 2421 et
1102 2368 1208 2423 locutus

162 2462 243 2513 esset;
256 2448 331 2522 quod
340 2462 366 2502 et
378 2450 480 2502 faciunt
491 2451 571 2503 ceteri
581 2451 656 2503 istius
668 2451 714 2502 ari
728 2451 885 2521 scriptores,
899 2448 943 2502 Sil.
954 2447 1075 2516 italicus,
1086 2448 1207 2514 Tacitus,

163 2527 304 2581 Suetonius
317 2542 343 2581 et
357 2529 416 2581 alii:
432 2531 539 2582 minime
555 2531 645 2582 ausuri
659 2526 713 2580 hoc
726 2529 829 2594 facere,
844 2529 865 2580 si
881 2529 1022 2581 sensissent
1036 2530 1207 2600 imperatores

162 2602 215 2660 boc
227 2627 326 2663 noman
339 2610 487 2664 affectasse.
502 2609 637 2663 Notabilis
650 2622 692 2660 est
704 2606 780 2661 locus
793 2605 861 2674 Silii,
875 2607 947 2674 XVI,
962 2607 1028 2674 534:

347 2717 396 2764 lios
403 2718 464 2764 iuter
474 2717 559 2779 gemini
570 2717 642 2780 (qnid
648 2717 697 2778 jam
706 2731 755 2762 non
763 2715 858 2777 regibus
866 2715 966 2761 autum?

345 2789 392 2836 Aut
400 2789 465 2853 quod
472 2789 519 2850 jam
529 2790 607 2850 requie
616 2800 687 2835 restat
695 2786 802 2846 seclusi)
812 2787 881 2848 impia
891 2787 959 2833 Circo

344 2861 472 2907 Innumero
481 2861 564 2908 fratres
573 2895 579 2916 ‚
590 2875 660 2906 caeca
669 2859 793 2905 damnatus
802 2859 905 2904 furorem
914 2891 920 2913 ‚

344 2931 391 2977 Pro
399 2943 492 2994 sceptro
501 2933 594 2978 armatis
602 2932 704 2978 inierunt
712 2929 790 2992 praelia
800 2928 895 2976 dextris.

161 3028 208 3080 iiic
219 3043 308 3082 tamen
317 3028 394 3082 Silius
404 3031 474 3082 inter
482 3032 627 3084 Domitiani
637 3029 786 3084 adulatores
797 3040 866 3090 erat;
877 3029 950 3080 istius
960 3025 1115 3093 Domitiani,
1126 3041 1205 3097 quem

162 3127 245 3180 κςιιιι
255 3123 336 3162 vocat
347 3109 452 3163 Statius.
