2784 4484
1211 228 1218 258 i

572 275 827 340 1¹RAEFAT10.
1135 300 1222 346 xxxv

175 405 338 470 modorum
355 398 549 472 abstulenmt,
568 379 757 458 aut'tocorum
776 399 930 456 difficilium
948 402 1134 479 explicarunt:
1148 405 1223 460 unde

176 517 272 572 manuue
290 497 407 552 emerim
426 495 515 562 seim,
533 493 633 570 quibus
650 493 804 550 rationibus
820 493 872 548 sibi
888 497 953 570 ipsis
970 498 1150 580 imposuerint
1169 493 1236 554 riri'

176 597 203 648 in
217 591 275 646 aliis
287 587 456 646 Auctoribus
468 589 714 664 perspicacissimi3
727 588 772 644 vel
784 607 841 664 quo
854 587 937 643 modo
948 591 1152 666 interpretaturi
1164 591 1223 647 fue·

177 688 228 742 rint
241 697 281 740 ter
291 694 405 740 centum
418 680 477 736 loca
490 699 551 757 quae
563 701 595 736 ex
607 681 651 736 his
662 681 750 758 Spiris
762 701 873 758 possem
886 701 1054 759 proponere,
1066 695 1092 738 et
1103 703 1223 760 qnorum

178 775 214 832 illi
226 774 329 832 nuliam
342 775 481 830 rationem
493 771 670 828 habuerunt'

215 971 303 1037 Quum
313 967 439 1042 primum
448 964 501 1020 hoc
511 983 580 1040 opus
589 983 732 1040 aggressus
742 984 830 1034 eram,
842 965 877 1021 ad
887 985 987 1022 manus
997 965 1110 1022 fuerunt
1119 966 1223 1023 Editio-

182 1079 226 1116 nes
237 1060 325 1131 (Libri
345 1061 421 1114 enim
440 1063 510 1116 MSS.
531 1061 558 1113 in
577 1062 714 1114 Britannia
732 1058 817 1132 nulli)
831 1079 892 1136 qnae
906 1058 990 1135 vulgo
1004 1060 1139 1117 habentur
1152 1081 1224 1137 prte-

183 1155 362 1220 stmtissimte,
381 1149 444 1206 Aidi
464 1156 515 1206 An.
535 1171 602 1207 uon.
622 1153 773 1221 Gronovii,
792 1155 927 1220 Gerartii,
946 1156 1092 1218 Romanii,
1110 1157 1223 1224 Gracci,
1328 1135 1331 1144 Ι

180 1248 312 1314 Grasscri,
327 1245 497 1312 Veenhusii,
512 1243 612 1300 etalio
627 1246 765 1300 minorum
780 1249 919 1320 gentium:
935 1244 1099 1322 Tiliobrogae
1114 1265 1224 1323 quoqne

181 1343 317 1396 variantes
326 1341 434 1394 Veteris
447 1338 569 1408 Codicis,
581 1340 629 1414 qui
641 1335 820 1416 inpleriique
831 1359 894 1394 cum
906 1339 975 1394 Edit.
989 1346 1066 1396 ltom.
1080 1344 1223 1396 consentit.

181 1435 307 1490 Gronorii
322 1432 447 1488 Diatribe
465 1432 651 1509 suppeditavit
669 1435 809 1490 Redones
828 1434 961 1489 Codicum
979 1437 1104 1491 Senensis
1122 1447 1149 1490 et
1162 1433 1224 1490 rto-

180 1529 291 1596 rentini,
311 1539 338 1581 et
351 1526 512 1581 Editiouum
525 1531 603 1581 Rom.
616 1536 642 1580 et
656 1525 760 1580 Aldinae
772 1537 800 1579 et
812 1531 919 1580 Veneto
931 1545 1056 1581 socooxc.
1070 1531 1110 1582 De
1122 1527 1223 1603 quibus
1309 1521 1316 1536 ⁸

181 1617 254 1674 libris
267 1621 304 1674 ait
314 1615 406 1698 (erat.
420 1616 456 1672 ad
470 1615 634 1688 Diatriben).
651 1621 706 1672 «So
719 1634 827 1670 somma
839 1629 903 1670 cum
915 1615 1056 1691 diligentia
1067 1635 1112 1670 cos
1127 1628 1225 1670 contu·

184 1709 260 1780 lisso,
273 1729 335 1766 cum
350 1709 486 1782 religione
499 1721 526 1764 et
539 1708 593 1764 fide
605 1710 711 1783 optima
726 1711 841 1764 citare.»
856 1715 935 1764 Anno
952 1713 1039 1778 1653,
1054 1709 1126 1764 idem
1140 1709 1225 1765 edidit

185 1805 312 1870 Statium,
323 1817 347 1858 et
357 1821 413 1858 una
426 1821 491 1858 cum
504 1799 550 1857 illo
564 1799 677 1876 Reliqua
689 1800 723 1856 ad
736 1799 847 1877 sylvas:
862 1801 919 1857 haec
933 1802 1091 1877 praebehant
1101 1804 1224 1856 Varieta-

186 1907 224 1950 tee
238 1895 379 1951 nonunssas
392 1897 512 1970 optimas
526 1893 646 1949 duorum
661 1891 776 1949 aliorum
791 1893 938 1965 Codicum,
952 1895 1087 1950 Rhodiani
1102 1907 1129 1950 et
1142 1893 1225 1951 Salis-

184 1989 328 2064 burgensis.
340 1989 453 2045 Excussi
463 2007 572 2064 quoque
583 1992 666 2042 Notas
676 1989 800 2042 omnium
810 1999 947 2065 quotquot
955 1991 1077 2044 nancisci
1086 2001 1225 2065 poteram,

185 2080 230 2156 qni
242 2084 268 2136 in
280 2081 354 2138 hunc
366 2086 514 2136 Auctorem
525 2082 719 2157 scriptitarunt

216 2272 337 2328 Tandem
349 2275 470 2327 maximo
482 2271 633 2342 beneficio,
647 2285 674 2329 et
686 2273 761 2350 qnod
773 2273 922 2330 multorum
935 2278 1005 2332 MSS.
1019 2277 1105 2329 instar
1117 2273 1226 2342 habuit,

182 2385 224 2422 me
235 2369 365 2423 mactarit
376 2365 602 2444 praeclarissimus
616 2382 644 2424 ct
657 2372 686 2424 in
700 2369 744 2424 his
759 2370 856 2426 studiis
873 2389 997 2425 summus
1009 2371 1057 2423 Vir
1067 2370 1227 2424 Franciscus

182 2464 266 2529 itare,
278 2463 430 2538 Episcopus
442 2461 624 2537 Asaphcnsis;
639 2463 687 2536 qui
700 2479 732 2516 cx
743 2459 1227 2526 Bibliotheca·illustrissimicomitis
1296 2483 1298 2488 ·

182 2552 385 2609 Sonderiandiae
403 2553 543 2609 Editiones
562 2559 735 2610 Parmensem
755 2567 781 2610 et
797 2561 946 2611 Romanam
966 2555 1035 2610 mihi
1054 2556 1226 2630 impetravit;

184 2643 263 2712 hanc
271 2647 342 2699 Anni
350 2665 501 2700 uorcouxxv
508 2670 516 2711 ;
524 2643 609 2716 iilam,
618 2665 797 2720 uoocouxxpr:
807 2659 950 2724 utramque
958 2666 991 2716 cx
999 2646 1114 2700 diversis
1122 2643 1228 2700 Codici-

188 2735 254 2800 bus,
262 2742 428 2793 Parmensem
438 2757 470 2792 ex
481 2741 593 2815 optimis
603 2757 771 2816 expressam,
783 2753 865 2816 prout
874 2753 989 2796 testatur
998 2745 1030 2794 N.
1042 2739 1169 2792 Heinsius
1180 2734 1228 2790 ali-

188 2826 254 2881 cnbi
264 2825 299 2882 ad
311 2825 500 2896 Claudianum
514 2843 542 2885 et
552 2850 595 2886 res
609 2833 667 2908 ipsa
679 2831 762 2886 fidem
775 2831 848 2887 feeit.
861 2836 971 2909 Quippe
984 2831 1067 2903 hujus
1080 2827 1162 2884 solius
1175 2847 1227 2904 ope

186 2919 318 2976 mnnuiia
326 2921 383 2977 lom
392 2925 518 2992 restitui,
532 2943 609 3000 quas,
623 2926 727 3000 absque
738 2926 789 2980 hac
801 2924 889 2991 foret,
901 2920 977 2977 nulla
987 2925 1149 2994 Conjcctura
1161 2937 1229 2974 asse·

66 3093 71 3104 .
137 3063 151 3086 ,
185 3017 339 3092 qoiposset
349 3019 392 3072 Sic
401 3015 496 3072 Giaoc.
507 3017 584 3072 Ated.
597 3021 727 3094 193,pro
737 3018 881 3074 volventem
892 3021 978 3069 Parm.
991 3013 1227 3088 terpentem5quod

185 3123 277 3163 rernm
292 3121 341 3163 cst.
354 3113 432 3164 Herc.
444 3115 568 3167 surrent.
585 3113 634 3179 16,
649 3129 700 3186 pro
712 3111 839 3164 Ductovit
848 3107 963 3180 scopulos
975 3111 1061 3162 Parus.
1077 3107 1186 3161 Divisit.-
1201 3117 1228 3160 ct

184 3199 249 3255 ibid.
268 3205 335 3271 152,
354 3221 406 3279 pro
420 3205 537 3258 Addiscis
553 3207 643 3258 Parm.
657 3204 788 3266 Ateste„-
804 3201 880 3260 nndc
898 3199 951 3256 feci
969 3203 1098 3256 Adsciscis.
1119 3205 1158 3254 lta
1176 3217 1228 3275 pro

181 3299 249 3368 p'eres
259 3299 366 3351 restitui
377 3309 463 3372 pater,
476 3317 509 3352 cx
519 3299 670 3366 Parmensi,
683 3315 744 3373 quae
755 3293 839 3350 habet
845 3307 926 3372 pere.-
939 3313 990 3371 pro
1001 3313 1086 3350 raram
1098 3295 1226 3368 quietem,

184 3407 292 3442 meam:
304 3408 358 3464 pro
368 3391 464 3444 nitidas
474 3390 590 3461 speculas
600 3393 686 3444 Parm-
700 3391 785 3450 vides‚·
798 3387 872 3443 uude
884 3387 937 3442 feci
949 3387 1053 3461 vipilcs:
1066 3387 1228 3461 prolabente

185 3497 261 3533 mu
272 3486 379 3538 restitui
394 3486 555 3558 trepidante:
567 3501 618 3559 pro
624 3484 687 3558 fisso
700 3485 782 3550 buxo,
789 3486 878 3556 foeda:
891 3501 943 3558 pro
957 3484 1026 3553 Cyda
1040 3481 1112 3534 labor
1123 3499 1228 3532 nomeu·

187 3577 295 3648 qsefait
302 3615 312 3644 ,
326 3575 441 3655 Epieed.
458 3581 528 3632 Patr.
547 3580 600 3648 94,
614 3577 674 3632 ioco
686 3579 846 3650 notissimo,
860 3575 1012 3630 Parmensis
1028 3571 1160 3628 Cidaiiben
1180 3593 1227 3626 oo-

188 3685 290 3744 Mqtte
299 3675 382 3746 fuit,-
395 3671 474 3726 undu
484 3671 553 3742 feci,
570 3675 637 3725 (iera
649 3677 728 3744 Lyre,
745 3691 892 3747 nomenque
899 3673 964 3744 fuit.
977 3668 1086 3746 Epiced.
1101 3673 1176 3722 Puer.
1193 3666 1228 3720 ad

187 3755 229 3813 fist
240 3781 288 3838 pro
300 3767 430 3819 &esem
440 3783 533 3837 penas,
549 3771 635 3819 Patm.
647 3767 775 3839 Excepere
781 3789 790 3830 ,·
802 3764 875 3820 unde
886 3764 940 3819 Feci
951 3764 1091 3834 Excepisse.
1105 3765 1151 3814 Hae
1164 3769 1227 3813 sunt
1299 3816 1304 3828 .

184 3861 290 3933 egregia
302 3860 509 3926 restitutiones,
522 3859 587 3913 huic
599 3857 671 3915 libro
681 3859 792 3916 dehita:
806 3861 885 3916 mitto
895 3857 995 3914 multas
1005 3855 1087 3922 alias,
1099 3871 1167 3927 quas
1180 3867 1229 3925 per
