2776 4484
450 311 593 380 LIBER
617 314 654 392 1,
677 313 873 380 CARMEN
898 317 943 380 11.

219 437 371 521 Brachia,
382 437 587 534 laudavique
599 463 735 522 manus,
748 457 783 507 et
793 463 881 534 saepe
892 445 1021 510 nutanti

219 550 380 620 Praeluxi:
396 552 509 618 minor
519 549 576 618 ille
587 549 694 634 oulor,
708 574 776 645 quo
788 573 875 618 saeva
886 550 1043 644 tepebant

219 665 372 755 AEquora.
387 663 442 726 'Iu
453 673 598 744 veteres,
607 655 757 751 juvenis,
770 674 999 752 transgressus
1011 685 1162 730 umores:
1183 691 1218 744 90

220 777 294 866 Ipse
305 787 535 864 egotetantos
548 774 663 864 stupui
675 769 815 844 durasse
826 795 889 864 per
899 787 1015 855 uestris,
1242 769 1244 774 ’

218 885 431 979 Firmavique
442 885 588 964 animos,
600 879 802 978 blandisque
813 881 984 952 madentia
995 883 1119 975 plumis

218 999 363 1064 Lumina
373 994 507 1064 detersi.
520 996 658 1082 Quoties
670 994 753 1064 mihi
765 1009 904 1089 questus
916 993 1035 1088 Apollo

220 1113 271 1180 Sic
280 1127 392 1179 vatem
403 1132 544 1177 moerere
556 1113 673 1176 suum!
687 1111 707 1176 J
709 1131 781 1192 am,
794 1123 917 1190 muter,
930 1123 1060 1177 amatos

222 1217 361 1314 indulge
372 1217 558 1288 thalamos:
575 1233 689 1288 noster
700 1241 812 1288 comes
823 1216 880 1287 ille
889 1220 1034 1313 piusque
1184 1229 1217 1300 95

210 1423 251 1480 88.
269 1423 436 1498 laudavique
444 1423 674 1480 manushoxhor-
718 1439 744 1480 et
754 1426 858 1480 Vicent
863 1421 979 1498 firmari.
988 1427 1083 1477 Venet.
1088 1419 1219 1495 fimavit·
1323 1438 1326 1449 ·

176 1505 232 1555 nius
241 1507 355 1576 pessime
364 1503 521 1577 instantique
530 1523 674 1558 maome·
718 1523 783 1576 que,
798 1501 872 1574 quod
885 1505 998 1555 correxit
1009 1502 1146 1553 Aventius.
1157 1498 1217 1551 vid.

176 1581 295 1634 Praelui.
306 1581 374 1636 de.
385 1582 485 1635 habent
493 1581 612 1656 preiosi5
621 1603 675 1636 me·
718 1581 754 1633 sd
764 1584 800 1648 11,
813 1582 843 1648 5,
855 1581 898 1634 23.
910 1583 995 1633 Eunu.
1007 1609 1045 1621 -
1055 1579 1123 1634 Cod.
1138 1580 1219 1631 Paris.

176 1658 208 1712 le.
220 1663 341 1713 Restituit
350 1662 468 1714 Bmsrt.
477 1690 514 1702 —
522 1660 588 1714 God.
599 1664 672 1714 Uret.
712 1657 828 1732 1ᾗπηιινί.

173 1739 674 1812 praaoi;senens.proetuxi;1aeid.edd.
755 1739 798 1822 93.
816 1737 1105 1810 Quotiesmihiquestus
1114 1735 1219 1809 Apollo.

174 1819 254 1886 princ.
274 1817 351 1869 Rom.
371 1829 398 1870 et
417 1816 540 1890 reliquie,
558 1817 673 1891 proeittrt‘.
719 1817 817 1889 Recepi
833 1817 951 1893 quotiens
965 1835 996 1869 ex
1010 1815 1073 1870 edit.
1088 1837 1128 1888 pr.
1145 1817 1219 1868 Rom.

174 1893 253 1947 Htw·
271 1922 309 1934 ·-·
326 1894 469 1949 cod.1>ar.
485 1895 602 1948 Proeluse'.
718 1896 821 1950 Vident.
830 1898 937 1950 Venetis
946 1895 1104 1968 provulgari
1112 1895 1219 1969 quoties.

207 1988 250 2043 9⁰·
274 1973 316 2023 Tu
332 1984 438 2038 veteres,
451 1976 572 2046 juvenis,
593 1984 675 2028 trans-
719 1976 801 2026 Reno.
819 2005 856 2014 —
870 1973 937 2029 cad.
951 1976 1009 2027 Par.
1022 1973 1144 2045 Quotiens
1155 1973 1221 2025 mihi

171 2069 270 2123 premes
281 2069 388 2104 amores.
404 2053 443 2102 lta
456 2071 526 2104 unus
540 2049 675 2104 Marhlun-
719 2063 819 2124 questus
830 2053 929 2125 Apoiio
941 2063 985 2106 est.

175 2128 226 2181 dus
234 2143 304 2182 reete
313 2129 395 2183 verbe
404 2129 536 2196 distinxit,
548 2144 578 2182 ut
586 2131 676 2204 eppei·
754 2133 797 2205 95.
808 2132 1063 2208 Induiqetitolamos.
1072 2131 1137 2184 God.
1146 2135 1220 2185 Uret.

174 2207 674 2278 lereturjuveuisStellu.hliiomnesea
720 2227 746 2267 et
765 2213 827 2268 edit.
847 2217 933 2286 princ.
956 2212 1081 2288 indulget.
1103 2213 1134 2264 ln
1154 2211 1220 2264 cod.

174 2289 338 2358 conjungunt
352 2287 512 2340 hocsensu:
527 2301 554 2340 tu
563 2287 675 2359 juvenili
720 2292 825 2346 Uretisi.
847 2311 928 2364 supra
942 2295 1004 2366 jam
1027 2294 1154 2362 scriptum
1176 2290 1221 2343 sic.

172 2377 247 2417 etate
262 2377 364 2418 veteres
385 2380 517 2420 amatores
536 2368 681 2439 superasti.¹
719 2369 789 2425 Edit.
797 2371 1225 2426 Grusser.amams.H.-Noster
1273 2425 1278 2435 ⁴
1357 2403 1361 2411 ·

171 2443 252 2514 Quod
261 2445 324 2498 ferri
335 2463 390 2497 non
401 2459 500 2518 potest.
509 2447 543 2497 Ν.
551 2448 675 2499 Heinsius
720 2468 804 2504 comes
816 2449 861 2502 itte
870 2452 981 2524 piusque
991 2448 1116 2522 Siqnifer.
1128 2447 1223 2500 Jacob-

172 2527 288 2596 conjecit
289 2529 424 2599 juvenum
429 2548 440 2588 ,·
451 2524 519 2577 male
531 2525 648 2598 quidem.
670 2577 676 2591 x
722 2531 776 2582 siut
790 2528 927 2582 emendat:
947 2527 1024 2594 «itte,
1043 2527 1104 2599 pius
1119 2527 1165 2597 qui
1182 2525 1223 2577 Si-

207 2623 251 2676 9¹·
270 2605 331 2676 Ipse
341 2623 388 2678 epo
401 2615 426 2657 te
438 2615 522 2657 tantos
532 2605 618 2679 stupui
630 2605 677 2657 du-
719 2609 845 2680 goffer...
858 2627 982 2679 campos,
999 2607 1047 2658 Hic
1062 2605 1109 2657 tibi
1121 2604 1223 2678 plectra

174 2701 242 2736 mne
259 2701 306 2753 per
323 2697 400 2736 oesttis.
417 2683 499 2736 Editt.
515 2683 616 2736 hahent
631 2701 676 2736 su·
721 2687 931 2762 dedit..myrto;
942 2689 989 2739 Hic
996 2689 1199 2756 juvenum,ete.
1209 2708 1221 2732 ι

177 2773 410 2834 pemreperoesua.
421 2765 526 2836 Scripta
532 2763 611 2816 lectio
621 2781 676 2815 non
721 2768 804 2820 Immo
814 2785 918 2819 comma
930 2763 1085 2839 ponendum
1096 2777 1156 2815 ante
1168 2763 1224 2836 qui.

179 2835 251 2888 maie
274 2839 389 2906 durasse,
410 2844 494 2914 inquit
514 2843 675 2894 Bernartius.
721 2837 1223 2916 Nostercomesillepius,quiSiqnifer.

176 2919 264 2969 Immo
279 2919 379 2989 optime
396 2931 420 2971 et
435 2921 586 2986 verissime,
601 2935 630 2973 ut
643 2921 676 2987 V,
721 2923 761 2975 De
773 2925 959 2974 terminatione
970 2935 1062 2971 versus
1074 2918 1101 2966 in
1112 2918 1158 2987 qui
1166 2915 1225 2967 vide

178 3013 202 3066 ι,
218 3013 284 3066 129:
303 3021 315 3044 ι
327 3011 410 3050 tecum
422 3019 515 3052 omnes
527 3001 615 3052 auimo
629 2999 678 3053 du·
722 2998 870 3054 Markland.
885 2997 918 3050 ed
930 3000 968 3063 ΙΙ,
983 3013 1013 3060 2,
1027 2995 1069 3046 81.
1083 2992 1133 3046 Sed
1144 2991 1226 3046 verbs

174 3097 232 3130 rare
243 3097 294 3150 per
307 3093 396 3142 τείνῃ
407 3103 419 3127 ι
436 3079 483 3132 uhi
497 3077 593 3132 eedem
606 3077 677 3132 vides
722 3093 806 3130 comes
817 3076 865 3130 itte
873 3076 982 3149 pinuque
990 3071 1100 3145 siqnifer
1109 3072 1225 3143 separari

175 3158 676 3232 omnie.ProsuperesseParm.durarte,
722 3173 801 3228 posse
824 3172 878 3205 non
901 3166 987 3224 puto,
1009 3164 1034 3204 et
1058 3151 1093 3202 ed
1115 3151 1224 3204 Veneris

174 3235 401 3310 quemadmodum
422 3236 571 3300 edideram
594 3249 620 3288 et
642 3239 678 3288 itu
723 3230 817 3286 imisve
834 3229 1002 3284 referendum
1021 3249 1126 3283 censeo.
1146 3231 1223 3282 Lunz.

172 3317 268 3368 Venet.
283 3347 319 3356 -
335 3317 445 3368 Durasse
456 3313 580 3366 exhibent
592 3311 676 3368 Codd.
723 3319 872 3366 -Veteres
880 3304 994 3365 editores
1004 3314 1224 3384 interpunxerunt

173 3397 279 3448 Urutisl.
292 3397 379 3447 Vetic.
396 3395 479 3463 3282,
496 3394 580 3464 3875,
596 3395 677 3446 Paris.
723 3407 784 3466 post
798 3391 934 3447 thalamos.
944 3395 974 3445 ln
987 3393 1104 3444 Romana
1114 3394 1147 3444 ita
1161 3389 1224 3464 legi·

175 3489 200 3527 et
211 3479 339 3542 Pisces-ti,
357 3489 387 3527 ut
398 3479 489 3528 narrat
503 3471 636 3526 Gebhard.
651 3475 679 3526 in
724 3487 782 3525 tur:
803 3485 915 3524 anoster
932 3489 1021 3522 eomes
1040 3469 1083 3522 ille
1101 3471 1223 3540 piusque.

175 3555 307 3628 Csepund.
317 3557 368 3622 ΙΙΙ,
380 3573 423 3626 27,
434 3573 496 3626 pag.
512 3571 573 3625 172,
584 3552 626 3606 ed.
636 3572 677 3624 pr.
724 3549 851 3624 Signifer:
863 3551 1016 3615 armiferos,
1030 3562 1100 3600 etc.»
1115 3545 1179 3598 inde
1191 3547 1224 3600 ah

176 3635 257 3686 Perm.
275 3637 333 3688 Vio.
351 3633 488 3704 Superesse
502 3630 587 3685 Codd.
604 3629 677 3684 Leid.
724 3630 819 3683 Aldina
832 3647 923 3682 ornnes
939 3627 1029 3681 editt:
1047 3643 1154 3679 «comes
1166 3625 1224 3692 ille,

174 3713 292 3766 vatican.
310 3712 399 3782 3595,
417 3711 503 3780 3283,
521 3709 582 3764 edit.
601 3709 677 3762 Rom.
723 3712 836 3783 piusque
846 3709 968 3780 Signifer,
978 3705 1142 3759 armiferos...
1155 3723 1226 3757 oum-

175 3791 293 3861 Veneta,
308 3793 426 3858 Aldinae,
442 3789 514 3864 quod
527 3791 620 3844 acriter
634 3789 678 3844 de·
722 3808 782 3862 pos.
791 3813 801 3836 ι
811 3786 882 3841 Edit.
891 3783 1034 3840 Amstelod.
1041 3787 1178 3859 priusque,
1187 3801 1224 3834 er·

173 3871 256 3924 feudit
265 3871 357 3926 Barth.
369 3872 497 3944 opinione
507 3872 590 3948 magis
600 3889 679 3944 quam
723 3887 784 3922 rore
795 3865 963 3942 typographi.
977 3865 1156 3918 certissimum
1171 3873 1225 3927 est,
1311 3907 1316 3919 „

172 3955 346 4023 argumentis.
368 3953 452 4002 Hm>-
723 3944 1057 4020 sunjungideberererha:
1068 3943 1176 4013 piusque
1184 3938 1225 3991 Si·

207 4047 250 4100 92.
270 4031 445 4102 Fimuvr'que
456 4031 564 4083 animos.
576 4028 623 4082 Ed.
638 4047 678 4100 pr.
723 4025 819 4101 pnifer.
839 4027 920 4078 fltttu.
