2776 4484
125 301 186 364 106
300 299 435 363 NOTAE
460 299 508 362 ΙΝ
533 298 731 362 CARMEN
755 297 982 363 TERTIUM

613 423 659 470 Ubi
670 439 785 470 marmore
795 424 858 486 picto

304 495 407 542 Candide
417 509 539 559 purpureo
548 495 696 558 distingttitnr
705 511 759 542 ares
768 511 838 559 gyros

119 585 165 638 ubi
177 602 293 638 marmor
307 583 486 657 Synnadicttm
497 581 638 637 describit:
652 596 678 635 et
689 584 759 636 idem
771 583 823 636 hoe
835 583 896 636 ioco
907 584 978 637 torte
990 585 1085 637 innuit.
1097 587 1165 639 ilinc

120 685 184 718 vene
196 684 245 738 pro
257 668 316 737 ipso
328 683 474 717 marmore:
487 683 566 738 supra
580 663 692 738 Epithai.
705 664 764 718 stet.
775 683 800 716 r.
813 665 875 735 149:
888 667 957 717 «Hic
969 665 1098 718 concolor
1110 665 1165 719 nito

119 749 192 799 Vena
207 748 309 814 marist
325 749 397 799 stite
409 749 516 819 possin.
529 747 595 798 Vide
607 745 672 798 Plin.
685 748 750 798 Hist.
763 747 824 798 Net.
838 745 973 812 XXXVII,
988 746 1019 823 6,
1031 745 1065 798 ed
1076 746 1163 802 finem.

155 887 199 954 4ο.
218 888 262 940 Ad
274 887 351 941 siloas
364 905 421 960 quoe
435 888 548 960 respicis,
562 885 642 953 cuia,
659 896 778 940 tacentes.
793 888 874 958 Atqui
890 886 1026 956 quomodo
1043 898 1166 955 taceam,

121 985 203 1040 quntn
215 969 302 1020 statim
315 966 385 1020 dicat
396 985 530 1020 munsture
542 969 652 1020 invitare
664 967 793 1020 somnos?
803 967 845 1018 Ne
856 965 976 1034 dubites,
990 969 1056 1039 qnin
1070 968 1167 1021 Statius

122 1048 255 1119 scripserit
257 1050 388 1121 jacentes,
400 1045 428 1097 id
440 1059 493 1113 est,
505 1046 683 1119 subjacentes.
695 1048 733 1100 Its
745 1045 863 1098 Surront.
876 1044 964 1114 Pollii,
976 1065 999 1098 v.
1014 1047 1063 1118 7⁴:

645 1145 766 1205 Troesque
774 1143 891 1204 iacentem

307 1215 381 1260 Neres
391 1213 487 1261 diversis
496 1215 567 1260 servit
575 1228 615 1258 sua
626 1225 688 1262 term
696 1215 812 1262 fenestris.

59 1284 61 1292 ’
123 1299 151 1351 ld
164 1311 216 1365 est,
228 1299 406 1369 subjacentem
417 1315 538 1371 pontum.
551 1302 681 1367 Avienus,
693 1301 759 1354 Orb.
771 1301 863 1353 Descr.
875 1321 899 1354 t.
913 1299 979 1370 339,
991 1301 1025 1353 de
1036 1301 1109 1354 Nilo:

710 1399 784 1464 Inque
792 1397 909 1458 jacentem

308 1468 429 1529 AEgyptnnt
438 1465 504 1513 tusus
512 1465 585 1512 dumo
594 1467 680 1529 premit
689 1481 743 1514 srva
752 1471 836 1514 merito

308 1535 473 1598 Fecundatque
483 1535 567 1584 coium.

125 1626 331 1697 Elegantissime.
343 1627 388 1679 tte
400 1645 461 1680 tero
473 1644 552 1678 voces
562 1639 693 1698 perpetuo
703 1638 901 1680 commutantur
912 1628 939 1678 in
950 1625 1022 1679 MSS.
1036 1629 1074 1678 lte
1084 1625 1169 1678 Theb.

125 1707 163 1772 X,
174 1707 240 1774 428,
254 1726 304 1779 pro
320 1709 440 1778 «Roget,
454 1725 487 1760 en
503 1719 577 1777 roget
590 1709 648 1778 ipse
658 1709 771 1778 jacentis
783 1707 914 1774 Vultum
931 1705 1072 1777 legendnm
1086 1717 1172 1758 mcert-

127 1787 171 1852 tis‚
185 1786 298 1857 eleganti
311 1805 451 1860 oxymoro‚
466 1804 520 1859 quo
535 1789 613 1838 etiam
628 1789 711 1840 utitur
723 1791 861 1841 Petronius
875 1789 1007 1860 satyrico:
1024 1800 1173 1859 ncoeperst·

128 1885 178 1937 que
189 1869 268 1918 etism
280 1870 336 1919 sine
351 1887 416 1919 voce
428 1869 563 1920 sevientes
575 1885 675 1937 rogere.
687 1869 916 1933 s-Bernsrtius‚
929 1886 963 1919 tte
975 1869 1074 1920 tirones
1089 1865 1173 1918 orubi-

127 1947 172 2016 gni
186 1945 330 2012 haererent,
348 1947 452 2018 scripsit
466 1957 591 2012 tacentes,
611 1945 685 2018 quod
699 1947 794 2018 iegitur
807 1949 833 1999 in
849 1946 922 1999 editt.
935 1949 1051 1999 Grssser.
1068 1947 1172 2000 Getart.

127 2025 244 2076 Gronov.
256 2024 366 2095 Antiqui
375 2037 464 2076 sutem
474 2024 533 2076 iibri
543 2043 635 2078 ornnes
646 2027 759 2079 tacentis.
770 2027 857 2078 Etiam
866 2026 1042 2098 Peyraredutn
1052 2025 1174 2078 maluisse

127 2107 253 2172 iacentes,
266 2107 363 2166 miror3
377 2123 439 2156 nant
445 2106 538 2176 jacens
549 2104 645 2157 dieitur
656 2107 743 2176 regio,
758 2123 817 2176 que
831 2104 883 2156 iste
895 2117 983 2176 patet,
998 2118 1044 2157 eut
1053 2124 1103 2177 per
1113 2105 1175 2156 ion·

130 2203 193 2256 gum
205 2185 317 2255 spatium
329 2185 456 2246 excurrit;
470 2196 500 2235 ut
503 2187 596 2256 jacens
602 2185 732 2258 AEqypttts
744 2181 814 2256 opud
822 2185 960 2250 Avienum,
970 2185 1102 2255 Descript.
1110 2182 1175 2240 Orb.

131 2261 195 2333 3³9,
210 2281 265 2336 que
278 2281 292 2314 t
304 2263 411 2316 Lucano
424 2265 458 2328 ΙΙ,
472 2262 538 2330 416,
550 2265 647 2316 dicitur
656 2283 705 2338 per
713 2264 796 2338 plana
800 2267 900 2337 jacens.
912 2264 1006 2316 Jacetts
1017 2283 1101 2330 mere,
1114 2263 1176 2317 silv.

130 2345 166 2406 ΙΙ,
183 2360 212 2409 o,
228 2345 275 2412 74,
289 2362 337 2415 pto
350 2345 459 2394 imtnoto
472 2345 588 2415 positum
604 2358 653 2396 est.
669 2345 699 2395 ln
712 2344 763 2398 hac
779 2362 842 2396 vero
857 2343 988 2416 sylvarum
998 2343 1177 2414 descriptione

131 2418 198 2473 nihil
210 2423 297 2492 aptius
309 2421 389 2473 verbo
401 2432 499 2490 tacens,
512 2437 541 2474 ut
553 2424 625 2495 Virg.
637 2425 694 2478 AEn.
707 2425 757 2491 vl,
770 2423 837 2476 386:
855 2425 987 2476 asscitum
997 2436 1121 2478 vocatum
1131 2440 1177 2474 ne·

133 2520 191 2554 mus
207 2502 385 2576 Elysiorum.»
410 2503 481 2574 Ergo
505 2523 560 2556 non
580 2507 637 2556 sine
656 2523 737 2560 causo
750 2503 883 2576 vulpeum
900 2505 1042 2560 lectionem
1058 2501 1178 2558 defendit

134 2579 313 2636 Wakefieidus
328 2581 361 2634 ad
374 2581 477 2636 Lucret.
493 2585 541 2650 ΠΙ,
555 2585 616 2658 952.
636 2587 718 2636 idern.

136 2717 291 2850 rbmiflqw
306 2718 353 2850 teibt'
366 2727 419 2770 tote
433 2719 516 2792 quies,
532 2733 582 2772 etc.
598 2721 732 2792 Conjiciss
747 2731 820 2772 muta
833 2723 918 2794 qtst'es,¹
933 2735 960 2774 et
973 2723 1010 2775 sic
1024 2715 1100 2772 ovid.
1114 2715 1179 2770 Met.

146 2815 154 2848 t
177 2837 182 2848 .
237 2817 294 2864 ‚rs
325 2815 374 2851 os:

320 2887 385 2932 Mete
396 2888 461 2950 qnies
470 2885 572 2934 hebius:
583 2903 637 2935 sexo
647 2899 726 2935 temen
734 2889 780 2936 exit
788 2889 819 2936 ab
827 2891 876 2936 into

323 2959 392 3005 liivns
401 2975 466 3022 sque
474 2957 565 3006 Lethes.

138 3047 213 3099 Certe
225 3047 297 3100 hune
305 3047 394 3101 locum
406 3051 505 3104 Statius
517 3063 578 3104 ante
590 3049 683 3102 oculos
694 3048 821 3102 habuisse
831 3047 942 3101 videtur.
954 3044 1077 3110 Ovidius,
1087 3045 1183 3096 iteruin

138 3127 198 3191 VII,
214 3127 276 3192 184:
292 3140 366 3181 muto
379 3130 482 3184 silentia
494 3133 582 3185 noctis.
595 3131 717 3182 Fortasse
732 3130 811 3181 etiam
825 3146 875 3199 pro
887 3137 934 3180 aut
947 3123 1088 3198 legendum
1098 3133 1139 3186 at,
1153 3135 1184 3172 ttt

139 3201 261 3256 Ovidius:
275 3223 336 3259 saxo
348 3219 449 3278 tamen,
462 3223 513 3263 etc.
533 3212 610 3262 Inte.

176 3329 218 3396 42.
232 3332 268 3386 Et
277 3334 362 3410 niqros
371 3337 502 3390 imitantia
514 3352 647 3387 murteum
655 3351 764 3386 somnos.
775 3331 932 3398 Gronovius,
945 3333 973 3383 itt
981 3329 1066 3401 ttsttq.
1076 3328 1111 3382 ad
1123 3327 1183 3382 silv.

141 3409 204 3462 stat.
215 3415 481 3484 suspicatantatium
490 3416 642 3484 scripsisse:
657 3413 764 3481 snigros
775 3413 1028 3464 invitantmnrmurs
1038 3429 1160 3474 somnost
1172 3433 1183 3456 ι

143 3492 242 3561 optime
254 3507 280 3545 et
291 3499 440 3549 verissime:
452 3498 480 3546 in
491 3492 575 3567 altero
587 3491 674 3544 nullus
686 3508 787 3544 sensus.
800 3491 877 3544 Ovid.
890 3491 953 3544 Met.
966 3493 1016 3558 xl,
1028 3490 1095 3559 604:

328 3594 412 3638 invitet
421 3605 514 3638 somnos
523 3586 690 3651 crepitantibus
700 3585 763 3634 unde
770 3585 860 3650 hpiliis.

145 3679 235 3732 Horat.
248 3680 332 3753 Epod.
344 3683 381 3748 ss,
393 3697 430 3734 vs.
445 3695 491 3747 ²7²

451 3767 548 3813 &nenos
556 3765 621 3829 qnod
630 3766 712 3812 inritet
720 3764 793 3814 leves.

146 3856 237 3928 virgil.
250 3857 338 3926 Eclog.
352 3857 376 3920 l,
389 3854 438 3921 54:

334 3944 393 3988 Hinc
402 3943 445 3989 tibi
454 3959 506 4010 que
515 3959 608 4008 semper
616 3944 693 3991 vicino
703 3943 732 3990 sb
741 3941 813 3989 iimite
824 3956 903 4008 sepes,

334 4015 433 4078 Hyblais
441 4017 522 4081 apibus
531 4013 612 4064 florem
621 4017 716 4081 deposta
725 4014 811 4072 setteis,
