2858 4492
400 345 540 410 -ιιιιιιι
565 345 770 411 sacuam
796 325 1066 412 smvraum‘
1182 336 1242 415 ιιι

244 473 286 542 46.
306 473 344 524 Et
357 472 442 525 doctos
455 471 569 544 Equites.
589 473 678 539 Qu'are
695 473 802 546 Equites
814 475 981 544 potissimum
995 473 1048 526 hoc
1063 473 1181 546 epitheto
1198 475 1249 527 do-

207 556 273 606 natl
284 553 337 605 nisi
350 549 389 604 illi
404 571 460 624 pre
475 553 640 604 &screatus
656 565 682 604 et
697 554 797 606 ceteris
812 555 937 605 Romania
954 555 1024 606 docti
1039 556 1136 607 fuerint
1151 575 1158 606 t
1176 556 1248 627 qnod

208 651 262 684 non
280 632 388 684 memini
402 649 445 682 me
460 631 565 702 legisse,
580 645 607 684 et
617 633 752 685 Senatores
764 633 871 704 quidem
884 636 993 706 proprio
1005 646 1032 685 et
1047 649 1177 707 perpetuo
1191 637 1249 706 epi-

207 712 282 764 theto
296 710 431 782 designat,
443 729 602 782 purpureum
615 712 700 764 trahes
709 713 836 764 Senatum
849 736 857 765 .·
872 712 965 764 eodem
979 714 1059 765 modo
1073 733 1134 766 cum
1145 715 1250 786 Equiti-

207 793 253 844 bus
270 804 359 844 actum
378 809 434 844 esse
456 793 584 862 oportuit,
602 792 638 842 Et
653 791 730 843 celsos
745 793 868 864 Equites‚·
888 789 941 845 hoc
957 795 1027 845 enirn
1040 793 1174 867 Equitibus
1185 811 1250 863 pro-

207 871 313 943 prinm:
328 871 388 924 Silv.
400 871 450 936 ΙΙΙ,
463 870 494 922 3:
509 894 520 917 ι
535 910 540 920 .
553 910 558 920 .
570 908 576 920 .
587 909 593 922 .
604 867 725 940 laevaeque
737 871 853 941 ignobile
865 873 963 924 ferrum
976 875 1079 938 Exsuit,
1089 887 1114 925 et
1127 871 1195 925 celse
1205 890 1250 923 na·

208 965 298 1002 torum
318 952 430 1022 uquarit
448 949 581 1001 honoris·
598 949 663 1003 celse
675 951 732 1002 uati
746 965 807 1002 sunt
820 953 934 1024 Equites.
951 956 1092 1018 Horatius,
1105 955 1162 1004 Art.
1178 955 1249 1003 Puer.

207 1049 274 1082 vers.
284 1029 334 1095 342
344 1051 351 1080 ε
363 1051 375 1075 ι
385 1028 453 1080 Celsi
460 1041 620 1100 pretereunt
629 1043 733 1080 austera
742 1044 867 1101 poemata
876 1029 1017 1084 Rhamnes.
1026 1054 1037 1078 ιι
1046 1033 1152 1096 Noster,
1162 1030 1222 1084 Silr.
1231 1033 1250 1095 l,
1296 1051 1301 1056 ·

209 1110 240 1178 4:
256 1109 405 1180 «Pompeio
416 1125 465 1160 uec
477 1108 562 1160 celsus
574 1111 675 1180 Eques,
685 1127 734 1160 nec
744 1109 842 1162 femina
851 1113 941 1162 Bruto.
953 1135 964 1158 ι
976 1115 1053 1164 Potes
1065 1113 1143 1163 etiam
1153 1109 1188 1162 ad
1196 1109 1252 1160 rul-

209 1201 296 1261 gatatn
309 1191 421 1260 propius
432 1187 520 1258 legere
532 1188 615 1241 claros
625 1189 747 1260 Equites;
761 1191 860 1260 quippe
873 1190 899 1242 cl
909 1193 938 1242 in
950 1191 967 1241 d
979 1210 1047 1262 supe
1060 1191 1200 1252 coalescit3
1215 1192 1267 1246 ita,

209 1270 273 1320 dura
290 1287 341 1340 pro
356 1269 426 1320 clara
438 1267 522 1320 Theb.
540 1272 592 1333 lv,
610 1269 675 1338 827,
693 1269 797 1340 dequo
815 1289 896 1342 supra
912 1276 1004 1323 monui
1011 1295 1019 1335 ;
1038 1286 1064 1323 et
1082 1271 1185 1323 tandem
1201 1289 1251 1342 pro

208 1347 326 1399 zanclem
341 1347 383 1399 vel
399 1347 506 1399 zanclerr
523 1345 594 1419 apud
609 1346 700 1399 Silium
717 1348 853 1416 Italicum,
872 1349 939 1402 libro
955 1354 1049 1422 primo.
1070 1349 1160 1404 Coride
1180 1347 1253 1421 apud

208 1427 322 1478 Martial.
342 1429 428 1499 Epigr.
448 1425 492 1490 lib.
509 1427 559 1492 ΙΙΙ,
578 1443 656 1494 tout,
671 1427 719 1494 24,
738 1446 856 1500 proquo
875 1433 988 1482 restituit
1003 1428 1103 1483 Ceriale
1121 1429 1253 1500 Scaliger,

208 1509 310 1559 huson.
325 1509 442 1560 Lection.
453 1510 491 1573 ΙΙ,
503 1507 528 1574 4
543 1508 614 1560 Clari
623 1526 686 1559 vero
698 1509 803 1581 Equites
814 1508 946 1561 interdum
956 1511 1096 1562 dicuntur:
1110 1509 1167 1561 vide
1177 1509 1253 1560 Bent-

208 1587 289 1639 leium
304 1586 339 1638 ad
352 1589 443 1639 Horat.
459 1606 539 1640 carm.
555 1590 583 1653 l,
599 1607 647 1653 no,
663 1587 688 1641 5.
705 1588 755 1640 Sed
769 1589 820 1640 hoc
835 1590 993 1661 particulare
1007 1602 1060 1653 est,
1074 1607 1124 1641 nec
1138 1588 1253 1640 omnebus

208 1667 348 1738 Equitibus
358 1670 497 1722 convenit:
511 1687 663 1720 maneamus
675 1670 763 1740 itaque
776 1671 802 1720 in
814 1671 898 1741 priori
908 1673 1070 1741 conjectura.

244 1817 287 1871 58.
308 1819 431 1891 lupratus
443 1820 515 1872 Nero
528 1819 644 1872 dulcibus
658 1819 763 1873 theatris
775 1821 810 1872 Et
822 1832 908 1873 noster
917 1821 963 1872 tibi
971 1819 1119 1894 proferetur
1130 1818 1252 1893 Orpheus.

209 1899 278 1950 Vera
289 1911 330 1950 est
341 1897 420 1949 lectio
433 1917 513 1970 quam
524 1897 567 1950 hic
579 1901 674 1970 posni;
690 1901 764 1951 etita
779 1903 881 1952 censuit
894 1901 1059 1966 Gronovius,
1073 1899 1155 1951 Diatr.
1171 1917 1194 1950 c.
1211 1915 1252 1967 ²9·

207 1977 379 2031 Constructio
398 1991 455 2044 est,
474 1977 622 2050 proferetur
641 1978 759 2032 dulcibus
780 1981 901 2046 theatris,
924 1999 978 2032 non
1002 1982 1119 2053 inprobis
1139 1977 1255 2031 dulcibus

210 2057 336 2110 theatris:
353 2056 379 2109 id
395 2072 448 2126 est,
465 2073 515 2111 «tu
529 2061 664 2130 proferes,
679 2059 813 2112 exhibebis
828 2061 932 2114 theatro
946 2073 1071 2132 poemata
1084 2059 1216 2112 Neronem
1229 2075 1255 2112 et

208 2138 350 2210 Orphea.»
374 2139 412 2190 De
430 2139 512 2195 verbo
530 2140 648 2211 proferre
666 2140 718 2190 dixi
741 2139 841 2212 aliquid
855 2144 882 2193 in
898 2155 954 2192 not.
973 2160 1000 2212 p.
1017 2140 1084 2206 304;
1103 2139 1150 2190 uhi
1164 2141 1254 2190 monui

210 2219 319 2272 verbum
332 2237 389 2271 esse
400 2217 539 2292 artificum.
553 2221 661 2286 Cicero,
673 2221 821 2274 Academia.
835 2224 872 2288 ΙΙ,
887 2241 914 2287 1,
927 2222 960 2273 de
969 2218 1163 2275 Themistocle:
1180 2243 1190 2266 ι
1201 2219 1254 2286 Qui

210 2297 317 2370 quidem
331 2301 410 2351 ctiam
422 2299 560 2372 pollicenti
571 2299 676 2352 cuidam
689 2319 717 2352 se
729 2315 811 2354 artem
823 2305 847 2354 ei
859 2303 991 2354 memoria
1004 2319 1061 2372 qun
1073 2314 1128 2351 tum
1139 2301 1255 2370 primum
1273 2295 1276 2300 ¹

208 2378 413 2452 proferebatur,
429 2379 605 2448 traditurum,
621 2381 789 2454 respondisse
805 2381 917 2450 dicitur,
938 2379 1058 2434 oblivisci
1076 2399 1103 2432 se
1119 2377 1197 2430 malle
1213 2377 1255 2432 di-

209 2477 315 2512 scere.»
337 2461 410 2512 Stare
426 2462 505 2531 igitur
520 2473 609 2532 potest
620 2481 710 2514 versus
727 2461 771 2514 ille
787 2463 907 2534 Inpratus
919 2463 989 2514 Nero
1004 2459 1122 2512 dulcibus
1135 2459 1240 2512 theatris
1245 2481 1255 2518 5

209 2537 271 2591 licet
284 2539 423 2612 epitheton
434 2541 551 2595 dulcilsu
560 2561 614 2594 non
628 2542 715 2594 adhuc
727 2545 805 2595 nimis
817 2543 940 2596 arrideat.
955 2545 1056 2594 Auctor
1064 2542 1130 2591 Viuo
1139 2540 1256 2591 Lucanis

213 2621 319 2670 rPrirna
338 2621 436 2691 ingenii
451 2624 630 2694 experimenta
644 2624 671 2674 in
690 2625 804 2674 Neronis
822 2621 946 2674 laudibus
960 2621 1050 2685 dedit,
1065 2617 1255 2690 quinquennali

211 2698 362 2750 certamine.
374 2723 384 2746 ι
399 2701 447 2752 Hic
461 2701 536 2752 tertio
549 2701 610 2752 loco
622 2704 732 2774 ponitur
743 2701 824 2752 Nero.
839 2731 875 2741 -
887 2703 938 2752 Pto
953 2702 990 2751 Et
1002 2701 1069 2751 sedes
1082 2699 1123 2768 (v.
1134 2696 1185 2767 57)
1196 2697 1255 2768 lego

214 2775 256 2826 Tu
267 2775 347 2838 sedes3
363 2797 444 2849 quum
456 2793 485 2832 ut
496 2781 593 2831 vitetur
607 2781 723 2833 insuavis
735 2781 858 2850 repetitio
871 2779 1081 2847 conjunctionis,
1095 2788 1120 2826 et
1130 2775 1254 2846 supplex,

211 2866 238 2908 et
247 2857 328 2922 sedes,
342 2869 367 2909 et
380 2869 463 2912 noster
476 2881 483 2908 :
501 2871 557 2910 tum
572 2872 604 2910 ut
617 2873 735 2912 servetur
752 2857 901 2929 emphatica
912 2858 1017 2909 iteratio
1033 2857 1216 2926 pronominis,
1227 2866 1256 2906 tu

209 2952 284 2986 carus
294 2933 384 3001 tare,
398 2949 426 2988 tu
435 2937 505 2990 sedes
515 2939 646 3001 reserabis,
663 2947 691 2989 tu
702 2950 777 2990 caste
788 2935 910 3001 titulum,
926 2949 953 2988 tu
965 2934 1096 2988 Pelusiaci
1107 2955 1115 2981 .-
1130 2948 1160 2986 ιιι
1169 2936 1195 2984 in
1206 2935 1255 3005 Eq.

209 3015 279 3067 Max.
290 3032 358 3066 vers.
369 3033 418 3086 79:
435 3039 446 3063 r
456 3030 485 3068 ιιι
496 3015 567 3070 bella
578 3018 665 3084 loris,
677 3030 706 3068 tu
718 3017 805 3090 praelia
816 3014 918 3079 Rheni,
928 3017 968 3066 Tu
978 3013 1059 3069 Civile
1068 3013 1156 3078 nelos,
1165 3027 1194 3066 tu
1204 3027 1257 3066 tuo·

210 3093 273 3148 dnm
283 3098 311 3146 in
320 3095 421 3148 foedera
430 3112 548 3150 montem
557 3097 650 3167 Longo
662 3097 746 3148 Marto
757 3096 862 3165 domas,
871 3110 920 3150 etc.
930 3119 941 3141 r
953 3099 987 3150 Et
996 3113 1066 3165 supe
1076 3092 1117 3146 hte
1127 3111 1206 3146 voces
1214 3095 1257 3146 in-

208 3177 293 3226 vicem
304 3190 508 3228 commutantur.
523 3176 629 3228 Titulus
640 3191 727 3228 antem
742 3176 821 3248 hujus
835 3177 963 3249 poematii
976 3178 1004 3228 in
1018 3194 1071 3246 quo
1085 3174 1119 3226 de
1132 3173 1256 3245 Orpheos

209 3254 338 3310 descensu
357 3255 392 3308 ad
409 3257 509 3308 inferos
526 3259 579 3326 egit
594 3256 731 3322 Lucanus,
748 3259 814 3319 ruit,
831 3257 926 3323 credo,
939 3254 1109 3321 Κιτιχθὸιιοι,
1120 3256 1257 3307 Subterra-

211 3353 290 3397 ueus,·
304 3355 353 3389 seu
368 3335 487 3407 plenius,
501 3337 618 3408 Orpheus
633 3336 830 3398 Catacthouim
841 3335 898 3388 hoo
906 3336 971 3387 milri
983 3337 1112 3407 suggessit
1122 3336 1256 3399 Lutatius,

210 3429 284 3469 retus
303 3413 461 3468 scholiastes
479 3417 568 3476 Statii;
584 3419 630 3488 qui
647 3415 682 3468 ad
693 3415 777 3468 Theb.
797 3415 842 3468 lib.
862 3417 913 3481 lli,
927 3435 992 3468 vers.
1006 3417 1070 3482 224,
1085 3415 1153 3467 duos
1165 3432 1256 3466 versus

211 3497 272 3547 citat
284 3515 316 3547 ex
327 3495 428 3547 Lucani
442 3495 598 3569 Calagorrim
613 3515 692 3566 quarn
704 3515 796 3548 vocem
807 3495 952 3566 intelligere
963 3495 1091 3548 hactenus
1102 3513 1156 3546 non
1164 3493 1256 3545 value-

212 3593 271 3627 runt
285 3578 335 3629 riri
351 3574 464 3627 eruditi:
482 3574 530 3628 sed
545 3578 567 3628 si
582 3576 654 3646 legas
671 3577 852 3643 Catccthonio,
867 3574 939 3629 etde
955 3577 1058 3647 Orpheo
1072 3575 1144 3646 apud
1155 3574 1257 3644 inferos

211 3657 338 3728 accipias,
356 3669 496 3708 evanescet
512 3654 676 3708 obscuritas:
692 3658 744 3709 nisi
759 3657 834 3708 malis
853 3657 960 3709 Catonia
965 3679 975 3718 ,·
992 3655 1087 3708 codem
1103 3673 1181 3707 sensu
1199 3677 1205 3706 ι
1222 3652 1256 3704 de

212 3749 264 3803 quo
279 3731 421 3806 adeundus
433 3732 588 3800 Salmasius,
603 3733 638 3786 ad
647 3735 815 3806 Spartianum
825 3733 957 3800 Adriano,
972 3754 999 3806 p.
1014 3752 1076 3805 ¹7¹¹
1090 3747 1115 3785 et
1124 3732 1177 3785 hoc
1187 3734 1256 3784 forte

212 3815 303 3866 verius.
320 3811 381 3864 vid.
396 3811 451 3864 cic.
465 3813 549 3886 Epist.
564 3813 654 3864 Famil.
668 3815 729 3880 Vll,
744 3815 784 3867 25.

245 3957 287 4010 6³.
308 3959 348 4011 De
361 3955 529 4010 Allooutiorre
543 3959 653 4011 consule
667 3957 838 4024 Salmasium,
854 3959 888 4012 ad
903 3957 1006 4011 Trebel.
1022 3957 1148 4009 Pollionis
1161 3953 1255 4004 Gallie·

210 4053 268 4104 nos,
275 4055 303 4109 p.
314 4037 380 4103 214,
389 4035 435 4120 ubi
442 4055 474 4090 ex
482 4041 659 4091 vetustissimo
666 4037 765 4093 Codice
772 4041 995 4110 Epigrammatnm
1002 4037 1106 4108 profert
1111 4031 1256 4085 Allocutr'o·
