2850 4488
431 323 969 404 LlssERIV,cA1tMENIV.
1155 323 1217 414 457

227 455 338 534 Serta,
351 475 414 519 nec
425 449 578 520 imbelles
590 455 727 520 Parnasi
739 476 757 519 e
768 439 1035 534 vertioe⁴laurus3

227 563 391 656 Sedviget
400 566 590 657 ingenium,
603 579 637 632 et
646 586 787 658 magnos
798 567 966 632 accinctus
977 565 1013 631 in
1024 587 1105 631 usus
1158 621 1161 632 .

228 679 306 741 Fert
316 675 449 741 enimus
462 697 692 768 quascumque
704 677 792 743 vices
805 701 812 741 :
825 698 887 741 nos
899 676 967 741 otia
977 676 1054 742 vitae

228 786 381 856 solamur
393 802 730 881 eantu,veutosaque
742 785 863 878 gaudia
873 785 971 854 famae
1188 796 1221 848 50

227 898 427 983 Quaen'mus.
442 901 493 963 En
505 913 636 987 egomet
647 913 822 980 somnum,
836 913 870 963 et
881 895 1010 988 geniale
1022 909 1157 963 secutus

228 1008 341 1088 Litus,
354 1003 412 1072 ubi
423 1008 572 1074 Ausonio
583 1029 619 1074 se
630 1004 780 1073 condidit
790 1004 923 1097 hospita
934 1021 1034 1098 portu

229 1115 455 1208 Parthenope,
467 1132 587 1184 tenues
597 1119 718 1209 ignavo
730 1115 850 1210 pollice
861 1113 1004 1183 chordas

229 1223 347 1307 Pulso,
361 1227 579 1319 Maroneique
591 1225 712 1296 sedens
724 1230 760 1293 in
772 1227 923 1318 margine
935 1223 1051 1317 templi

229 1338 332 1405 Sumo
342 1337 559 1419 animum,et
569 1339 682 1429 magni
693 1337 833 1404 tumulis
845 1335 989 1403 adianto
1000 1333 1161 1424 magistri.
1191 1338 1223 1392 55

279 1451 348 1514 «At
358 1463 413 1528 tu,
429 1449 458 1514 si
468 1446 560 1540 longi
573 1471 710 1515 cursum
722 1447 815 1515 dabit
826 1453 968 1538 Atropos
980 1447 1058 1524 aevi,

230 1563 361 1653 Detque
372 1582 501 1651 precor,
513 1561 667 1652 Latiique
679 1558 775 1626 ducis
787 1561 815 1624 si
826 1560 967 1624 numina
978 1572 1135 1648 pergent,

229 1671 338 1754 Quem
349 1669 409 1737 tibi
421 1667 612 1761 posthabito
625 1669 773 1736 studium
785 1685 837 1735 est
848 1666 992 1735 coluisse
1002 1671 1172 1743 Tonante,

228 1781 362 1873 Quique
372 1796 449 1848 tuos
462 1779 528 1847 alio
540 1779 691 1848 subtexit
696 1803 836 1846 munere
847 1779 972 1860 fasces,

230 1893 273 1956 Et
285 1893 393 1981 spatia
403 1893 550 1984 autiquae
563 1889 701 1958 mandat
711 1912 873 1957 renovare
884 1889 1028 1968 Latinae,
1192 1894 1225 1945 60

219 2111 263 2178 lt·
282 2111 393 2163 Pamari
406 2129 420 2162 e
434 2114 534 2165 venne.
546 2114 681 2168 (Μὴν.
727 2114 804 2166 bouis
825 2114 916 2165 invicti
933 2110 1042 2163 Caesoris
1063 2106 1149 2159 adsint
1169 2105 1227 2156 Nu-

179 2187 226 2240 etl.
239 2206 282 2258 pr.
297 2189 420 2242 omittunt
433 2210 455 2242 e.
474 2194 505 2242 Δ.
522 2219 525 2226 -
727 2193 828 2243 mina·
845 2190 904 2242 Scio
922 2188 986 2260 quid
1003 2185 1083 2256 objici
1099 2185 1183 2256 possit
1196 2202 1227 2234 ex

219 2265 262 2331 48·
279 2266 469 2322 Pfflssvcltwlus
479 2269 506 2320 itt
516 2289 586 2337 utut,
597 2273 680 2323 Parin.
726 2267 842 2342 Epithal.
857 2268 929 2322 Stell.
944 2287 969 2319 v.
988 2265 1053 2336 174,
1071 2265 1128 2315 «sic
1140 2260 1228 2313 indul-

178 2345 297 2418 acet'rtqr't
310 2345 337 2397 iu
352 2346 426 2401 visus.
438 2377 475 2388 -
487 2346 553 2400 Cod.
568 2352 626 2402 Par.
640 2349 681 2402 etl.
726 2351 816 2422 gentia
832 2361 926 2421 pergat
944 2345 1063 2400 Presidis
1078 2343 1225 2404 Ausonii;·

180 2443 224 2495 pr.
237 2424 370 2496 vulgatam
382 2439 497 2480 tuentur.
516 2432 548 2481 A.
729 2429 776 2483 sed
788 2447 880 2483 senous
895 2427 974 2496 hujus
986 2426 1040 2479 loci
1051 2419 1170 2495 postulet
1180 2418 1228 2472 hae

219 2502 263 2573 49.
275 2504 361 2574 Lege,
370 2508 424 2558 otia
433 2508 492 2558 miti
500 2507 527 2559 S.
538 2525 560 2559 r.
569 2536 606 2548 -
615 2506 682 2560 cod.
729 2508 800 2561 duat·
810 2507 992 2571 conditiones,
1009 2505 1053 2554 «si
1067 2503 1152 2562 vives,
1167 2511 1193 2550 ⁰¹
1206 2500 1229 2550 Si

179 2585 265 2636 Pario.
280 2583 341 2636 edit.
357 2604 396 2654 pr.
412 2604 473 2638 cum
487 2587 603 2655 ceteris,
617 2587 682 2640 vito.
728 2582 815 2636 Cretae
825 2583 924 2646 foreat,
935 2582 984 2634 ibis
994 2583 1100 2633 frenare
1110 2590 1159 2632 etc.
1171 2600 1182 2624 ι
1194 2606 1229 2616 -

179 2661 262 2713 Cous.
275 2674 331 2713 not.
349 2663 383 2713 Δ.
729 2661 777 2713 ud.
788 2681 827 2733 pr.
840 2661 980 2730 «Latiique
989 2659 1064 2710 ducis
1075 2659 1112 2708 sie
1121 2657 1230 2707 numina

220 2736 265 2791 51.
275 2738 325 2789 Pro
332 2755 452 2790 somnum
458 2741 683 2806 et,llom.tomno.
730 2752 850 2810 pergant.
862 2763 873 2788 n
888 2737 960 2790 ldem
972 2736 1044 2807 apud
1057 2734 1117 2787 eod.
1132 2737 1189 2786 Par.
1204 2745 1231 2784 at

177 2819 314 2872 Somnum
329 2828 428 2871 secutus
445 2832 483 2871 ert
500 2838 532 2871 ex
545 2818 642 2871 Tibull.
658 2820 686 2886 1,
730 2837 762 2870 ex
778 2817 978 2881 emendatione,
992 2815 1102 2868 uomina
1115 2831 1165 2885 pro
1182 2829 1230 2862 nu-

183 2895 483 2950 r:·Seenrumoomnoo
491 2898 573 2950 imbre
577 2900 687 2969 jurante
730 2897 812 2947 mitto.
832 2897 864 2946 A.

178 2976 686 3049 requi-n-Cod.Par.arueuuprima,
766 2972 809 3026 60.
830 2974 868 3027 Et
887 2971 969 3038 spatia
992 2969 1102 3041 obliquo
1123 2968 1233 3020 mandat

178 3073 275 3108 somno
280 3054 422 3128 genialem
430 3074 445 3108 a
453 3055 581 3123 secunda,
589 3054 686 3108 sibene
731 3067 854 3102 renovare
866 3050 974 3102 Latine.
983 3052 1023 3102 lta
1033 3067 1125 3101 omnen
1136 3059 1232 3117 praeter

179 3133 279 3201 video,
292 3153 410 3187 somnum
427 3154 453 3208 g.
472 3155 490 3190 t.
511 3133 580 3187 Edit.
599 3137 684 3207 prino.
729 3133 806 3184 nom.
819 3149 877 3202 quae
888 3148 937 3200 pro
951 3128 1060 3203 oblique
1073 3127 1154 3180 habet
1166 3126 1232 3179 anti·

177 3231 275 3266 somno
285 3233 312 3287 ς.
331 3216 364 3266 A.
729 3227 788 3282 qrtoe
795 3233 805 3272 ,-
819 3221 845 3261 et
858 3208 911 3260 hoc
924 3209 952 3260 iu
964 3209 1033 3260 notis
1046 3207 1167 3280 agnoscit
1177 3206 1232 3256 Do·

203 3290 264 3362 ¹⁵7·
283 3292 403 3367 Latiique
424 3295 495 3350 ducti
515 3295 552 3348 εἰσ
574 3293 685 3346 numina
730 3290 827 3340 mitius.
846 3289 909 3340 Non
928 3285 1022 3340 dubito
1042 3289 1104 3357 quin
1123 3286 1180 3338 haee
1199 3286 1233 3336 ait

177 3382 303 3442 pergant.
313 3371 461 3439 Praecessit,
472 3373 525 3423 «At
533 3373 605 3438 tu,ri
612 3370 685 3441 longi
730 3385 792 3420 vera
805 3367 881 3420 Statii
897 3383 1008 3418 manus:
1022 3363 1094 3418 unde
1109 3365 1178 3417 enim
1197 3361 1231 3413 li-

178 3467 295 3502 eurrum
304 3448 379 3502 dabit
389 3451 506 3522 Atropos
517 3452 577 3511 evi;
588 3472 600 3496 ι
614 3448 685 3500 unde
730 3445 821 3498 brario
840 3459 894 3497 tam
911 3444 1018 3517 elegans
1036 3443 1135 3496 lectio?
1152 3459 1230 3514 quam

178 3525 686 3599 patethiequoquelegendum‚·([)et·
731 3526 812 3577 etiam
822 3523 1232 3596 oouflrmatoppositiointeran-

179 3623 239 3676 que
253 3606 378 3678 preeorl)
388 3605 508 3678 Latiique
520 3605 596 3658 ducit
607 3607 629 3656 si
637 3622 686 3656 uu·
731 3607 811 3678 tiquoe
819 3619 845 3657 et
856 3623 993 3666 renovare,-
1004 3603 1092 3677 qualia
1102 3601 1231 3654 antitheta

179 3684 258 3736 mina
271 3697 398 3757 pergent,
416 3688 537 3740 Forsitan
552 3685 685 3737 Ausonias
729 3699 860 3757 perpetuo
873 3696 962 3756 captet
974 3685 1087 3746 Statium
1100 3685 1150 3746 ita,
1162 3683 1232 3734 Con·

179 3763 236 3816 ibis
250 3763 356 3816 frenare
367 3764 524 3829 eohortem
538 3764 622 3816 tribue
634 3781 686 3814 me·
729 3764 807 3816 solat.
821 3767 921 3817 Domit.
934 3785 959 3817 v.
974 3765 1026 3830 38,
1042 3763 1096 3812 «Et
1109 3761 1156 3812 tibi
1170 3759 1230 3810 1011-

178 3839 235 3894 dtis
245 3841 363 3920 versibus
372 3844 522 3917 parenthesi
532 3844 649 3897 inclusit.
656 3843 686 3896 Si
730 3845 793 3915 geri
800 3842 1145 3900 renovabimraraTerenti;
1154 3863 1165 3886 n
1174 3855 1231 3908 quae

175 3933 302 3993 pergent,
313 3936 341 3974 ut
351 3922 597 3994 respondeantur·
606 3922 683 3976 dabit.
731 3935 770 3975 est
781 3923 859 3976 lectio
873 3922 936 3976 edit.
947 3925 1031 3976 Parni.
1043 3939 1096 3973 non
1107 3917 1231 3970 revocabi-

178 3999 223 4050 lta
230 4000 447 4064 camvtltmr:
458 4000 591 4054 «simodo
598 4017 685 4072 prona
730 4013 787 4063 tun·
804 4016 831 4055 et
843 4020 932 4054 veram
948 4015 1023 4073 puto.
1046 3997 1163 4068 obliquo
1180 3994 1231 4046 Lu·
