<?xml version="1.0" encoding="UTF-8"?>
<!DOCTYPE html PUBLIC "-//W3C//DTD XHTML 1.0 Transitional//EN"
    "http://www.w3.org/TR/xhtml1/DTD/xhtml1-transitional.dtd">
<html xmlns="http://www.w3.org/1999/xhtml" xml:lang="en" lang="en">
 <head>
  <title>
</title>
<meta http-equiv="Content-Type" content="text/html;charset=utf-8" />
  <meta name='ocr-system' content='tesseract 3.04.00' />
  <meta name='ocr-capabilities' content='ocr_page ocr_carea ocr_par ocr_line ocrx_word'/>
</head>
<body>
  <div class='ocr_page' id='page_1' title='image "./quexstantomniao03lemagoog_0312.png"; bbox 0 0 2858 4492; ppageno 0'>
   <div class='ocr_carea' id='block_1_1' title="bbox 190 264 1000 1665">
    <p class='ocr_par' dir='ltr' id='par_1_1' title="bbox 190 264 1000 1665">
     <span class='ocr_line' id='line_1_1' title="bbox 190 264 981 363; baseline -0.016 -23"><span class='ocrx_word' id='word_1_1' title='bbox 190 273 255 363; x_wconf 78' lang='lat'>27⁶</span> <span class='ocrx_word' id='word_1_2' title='bbox 442 272 476 332; x_wconf 84' lang='lat' dir='ltr'>r.</span> <span class='ocrx_word' id='word_1_3' title='bbox 502 269 537 330; x_wconf 76' lang='lat' dir='ltr'>a.</span> <span class='ocrx_word' id='word_1_4' title='bbox 563 265 716 331; x_wconf 78' lang='lat' dir='ltr'>sruru</span> <span class='ocrx_word' id='word_1_5' title='bbox 742 264 981 331; x_wconf 77' lang='lat' dir='ltr'>sinvnauu</span> 
     </span>
     <span class='ocr_line' id='line_1_2' title="bbox 283 371 870 467; baseline -0.009 -25"><span class='ocrx_word' id='word_1_6' title='bbox 283 435 286 442; x_wconf 57' lang='lat'>.</span> <span class='ocrx_word' id='word_1_7' title='bbox 304 385 442 460; x_wconf 86' lang='lat' dir='ltr'>Forma,</span> <span class='ocrx_word' id='word_1_8' title='bbox 456 372 686 467; x_wconf 76' lang='lat' dir='ltr'>simplicitate,</span> <span class='ocrx_word' id='word_1_9' title='bbox 699 371 870 452; x_wconf 88' lang='lat' dir='ltr'>comitate,</span> 
     </span>
     <span class='ocr_line' id='line_1_3' title="bbox 304 480 904 578; baseline -0.018 -20"><span class='ocrx_word' id='word_1_10' title='bbox 304 494 432 572; x_wconf 78' lang='lat' dir='ltr'>Genea,</span> <span class='ocrx_word' id='word_1_11' title='bbox 445 487 626 578; x_wconf 73' lang='lat' dir='ltr'>sanguine,</span> <span class='ocrx_word' id='word_1_12' title='bbox 639 485 761 574; x_wconf 75' lang='lat' dir='ltr'>gratia,</span> <span class='ocrx_word' id='word_1_13' title='bbox 775 480 904 548; x_wconf 89' lang='lat' dir='ltr'>decore.</span> 
     </span>
     <span class='ocr_line' id='line_1_4' title="bbox 305 601 918 689; baseline -0.018 -21"><span class='ocrx_word' id='word_1_14' title='bbox 305 605 347 668; x_wconf 87' lang='lat' dir='ltr'>Et</span> <span class='ocrx_word' id='word_1_15' title='bbox 356 614 485 667; x_wconf 89' lang='lat' dir='ltr'>vestros</span> <span class='ocrx_word' id='word_1_16' title='bbox 497 601 706 689; x_wconf 73' lang='lat' dir='ltr'>Hymenaeon</span> <span class='ocrx_word' id='word_1_17' title='bbox 715 607 794 660; x_wconf 91' lang='lat' dir='ltr'>ante</span> <span class='ocrx_word' id='word_1_18' title='bbox 805 608 918 684; x_wconf 88' lang='lat' dir='ltr'>postes</span> 
     </span>
     <span class='ocr_line' id='line_1_5' title="bbox 304 701 895 797; baseline -0.019 -20"><span class='ocrx_word' id='word_1_19' title='bbox 304 711 435 777; x_wconf 87' lang='lat' dir='ltr'>Faustis</span> <span class='ocrx_word' id='word_1_20' title='bbox 447 706 600 776; x_wconf 83' lang='lat' dir='ltr'>cantibus</span> <span class='ocrx_word' id='word_1_21' title='bbox 613 706 686 797; x_wconf 90' lang='lat' dir='ltr'>ipsa</span> <span class='ocrx_word' id='word_1_22' title='bbox 695 701 895 794; x_wconf 77' lang='lat' dir='ltr'>personabo.</span> 
     </span>
     <span class='ocr_line' id='line_1_6' title="bbox 350 817 1000 909; baseline -0.018 -19"><span class='ocrx_word' id='word_1_23' title='bbox 350 825 380 890; x_wconf 92' lang='lat'>0</span> <span class='ocrx_word' id='word_1_24' title='bbox 392 844 489 888; x_wconf 86' lang='lat' dir='ltr'>saevae</span> <span class='ocrx_word' id='word_1_25' title='bbox 499 820 660 897; x_wconf 89' lang='lat' dir='ltr'>nimium,</span> <span class='ocrx_word' id='word_1_26' title='bbox 674 837 859 909; x_wconf 69' lang='lat' dir='ltr'>grauesque</span> <span class='ocrx_word' id='word_1_27' title='bbox 870 817 1000 880; x_wconf 87' lang='lat' dir='ltr'>Parcae!</span> 
     </span>
     <span class='ocr_line' id='line_1_7' title="bbox 303 924 986 1026; baseline -0.019 -25"><span class='ocrx_word' id='word_1_28' title='bbox 303 936 520 1026; x_wconf 90' lang='lat' dir='ltr'>Onunquam</span> <span class='ocrx_word' id='word_1_29' title='bbox 530 927 608 996; x_wconf 86' lang='lat' dir='ltr'>data</span> <span class='ocrx_word' id='word_1_30' title='bbox 621 927 707 994; x_wconf 85' lang='lat' dir='ltr'>festa</span> <span class='ocrx_word' id='word_1_31' title='bbox 717 924 818 1017; x_wconf 77' lang='lat' dir='ltr'>longa</span> <span class='ocrx_word' id='word_1_32' title='bbox 830 925 986 992; x_wconf 89' lang='lat' dir='ltr'>summis!</span> 
     </span>
     <span class='ocr_line' id='line_1_8' title="bbox 303 1037 912 1136; baseline -0.015 -25"><span class='ocrx_word' id='word_1_33' title='bbox 303 1047 371 1111; x_wconf 86' lang='lat' dir='ltr'>Cur</span> <span class='ocrx_word' id='word_1_34' title='bbox 381 1041 477 1136; x_wconf 89' lang='lat' dir='ltr'>plus,</span> <span class='ocrx_word' id='word_1_35' title='bbox 490 1037 613 1120; x_wconf 89' lang='lat' dir='ltr'>ardua,</span> <span class='ocrx_word' id='word_1_36' title='bbox 627 1037 758 1106; x_wconf 86' lang='lat' dir='ltr'>casibus</span> <span class='ocrx_word' id='word_1_37' title='bbox 770 1039 912 1130; x_wconf 80' lang='lat' dir='ltr'>patetis?</span> 
     </span>
     <span class='ocr_line' id='line_1_9' title="bbox 300 1150 977 1240; baseline -0.013 -19"><span class='ocrx_word' id='word_1_38' title='bbox 300 1159 369 1220; x_wconf 88' lang='lat' dir='ltr'>Cur</span> <span class='ocrx_word' id='word_1_39' title='bbox 381 1175 467 1220; x_wconf 83' lang='lat' dir='ltr'>saeva</span> <span class='ocrx_word' id='word_1_40' title='bbox 479 1153 550 1219; x_wconf 87' lang='lat' dir='ltr'>vice</span> <span class='ocrx_word' id='word_1_41' title='bbox 561 1171 683 1240; x_wconf 77' lang='lat' dir='ltr'>magua</span> <span class='ocrx_word' id='word_1_42' title='bbox 695 1171 765 1215; x_wconf 90' lang='lat' dir='ltr'>non</span> <span class='ocrx_word' id='word_1_43' title='bbox 777 1150 977 1214; x_wconf 80' lang='lat' dir='ltr'>senescunt?</span> 
     </span>
     <span class='ocr_line' id='line_1_10' title="bbox 195 1257 859 1336; baseline -0.021 -1"><span class='ocrx_word' id='word_1_44' title='bbox 195 1331 198 1336; x_wconf 47' lang='lat'>.</span> <span class='ocrx_word' id='word_1_45' title='bbox 301 1265 353 1332; x_wconf 92' lang='lat' dir='ltr'>Sic</span> <span class='ocrx_word' id='word_1_46' title='bbox 364 1278 481 1329; x_wconf 90' lang='lat' dir='ltr'>natum</span> <span class='ocrx_word' id='word_1_47' title='bbox 493 1260 684 1327; x_wconf 83' lang='lat' dir='ltr'>Nasamonii</span> <span class='ocrx_word' id='word_1_48' title='bbox 695 1257 859 1324; x_wconf 84' lang='lat' dir='ltr'>Tonantis</span> 
     </span>
     <span class='ocr_line' id='line_1_11' title="bbox 301 1368 882 1465; baseline -0.012 -25"><span class='ocrx_word' id='word_1_49' title='bbox 301 1378 379 1441; x_wconf 88' lang='lat' dir='ltr'>Post</span> <span class='ocrx_word' id='word_1_50' title='bbox 390 1390 485 1441; x_wconf 89' lang='lat' dir='ltr'>ortus</span> <span class='ocrx_word' id='word_1_51' title='bbox 497 1371 675 1465; x_wconf 87' lang='lat' dir='ltr'>obitusque</span> <span class='ocrx_word' id='word_1_52' title='bbox 687 1368 882 1436; x_wconf 82' lang='lat' dir='ltr'>fulminatos</span> 
     </span>
     <span class='ocr_line' id='line_1_12' title="bbox 302 1475 932 1576; baseline -0.022 -24"><span class='ocrx_word' id='word_1_53' title='bbox 302 1491 451 1576; x_wconf 76' lang='lat' dir='ltr'>Angusto</span> <span class='ocrx_word' id='word_1_54' title='bbox 463 1478 613 1574; x_wconf 81' lang='lat' dir='ltr'>Babylon</span> <span class='ocrx_word' id='word_1_55' title='bbox 624 1480 748 1572; x_wconf 85' lang='lat' dir='ltr'>premit</span> <span class='ocrx_word' id='word_1_56' title='bbox 759 1475 913 1568; x_wconf 93' lang='lat' dir='ltr'>sepulcro</span> <span class='ocrx_word' id='word_1_57' title='bbox 926 1501 932 1538; x_wconf 92' lang='lat'>:</span> 
     </span>
     <span class='ocr_line' id='line_1_13' title="bbox 302 1589 893 1665; baseline -0.019 -2"><span class='ocrx_word' id='word_1_58' title='bbox 302 1597 354 1665; x_wconf 93' lang='lat' dir='ltr'>Sic</span> <span class='ocrx_word' id='word_1_59' title='bbox 365 1595 470 1662; x_wconf 84' lang='lat' dir='ltr'>lixum</span> <span class='ocrx_word' id='word_1_60' title='bbox 482 1591 609 1660; x_wconf 89' lang='lat' dir='ltr'>Paridis</span> <span class='ocrx_word' id='word_1_61' title='bbox 618 1615 725 1659; x_wconf 87' lang='lat' dir='ltr'>manu</span> <span class='ocrx_word' id='word_1_62' title='bbox 736 1589 893 1656; x_wconf 89' lang='lat' dir='ltr'>trementi</span> 
     </span>
    </p>
   </div>
   <div class='ocr_carea' id='block_1_2' title="bbox 301 1700 930 1775">
    <p class='ocr_par' dir='ltr' id='par_1_2' title="bbox 301 1700 930 1775">
     <span class='ocr_line' id='line_1_14' title="bbox 301 1700 930 1775; baseline -0.014 -3"><span class='ocrx_word' id='word_1_63' title='bbox 301 1706 438 1775; x_wconf 85' lang='lat' dir='ltr'>Peliden</span> <span class='ocrx_word' id='word_1_64' title='bbox 449 1704 566 1773; x_wconf 87' lang='lat' dir='ltr'>Thetis</span> <span class='ocrx_word' id='word_1_65' title='bbox 578 1705 711 1774; x_wconf 84' lang='lat' dir='ltr'>horruit</span> <span class='ocrx_word' id='word_1_66' title='bbox 721 1700 912 1768; x_wconf 77' lang='lat' dir='ltr'>cadentem:</span> <span class='ocrx_word' id='word_1_67' title='bbox 927 1740 930 1749; x_wconf 87' lang='lat'>·</span> 
     </span>
    </p>
   </div>
   <div class='ocr_carea' id='block_1_3' title="bbox 300 1811 989 2125">
    <p class='ocr_par' dir='ltr' id='par_1_3' title="bbox 300 1811 989 2125">
     <span class='ocr_line' id='line_1_15' title="bbox 300 1811 886 1912; baseline -0.012 -27"><span class='ocrx_word' id='word_1_68' title='bbox 300 1819 353 1886; x_wconf 90' lang='lat' dir='ltr'>Sic</span> <span class='ocrx_word' id='word_1_69' title='bbox 363 1821 444 1912; x_wconf 90' lang='lat' dir='ltr'>ripis</span> <span class='ocrx_word' id='word_1_70' title='bbox 456 1842 517 1909; x_wconf 76' lang='lat' dir='ltr'>ego</span> <span class='ocrx_word' id='word_1_71' title='bbox 528 1817 772 1884; x_wconf 85' lang='lat' dir='ltr'>murmurantis</span> <span class='ocrx_word' id='word_1_72' title='bbox 784 1811 886 1880; x_wconf 87' lang='lat' dir='ltr'>Hebri</span> 
     </span>
     <span class='ocr_line' id='line_1_16' title="bbox 300 1920 989 2018; baseline -0.009 -26"><span class='ocrx_word' id='word_1_73' title='bbox 300 1931 375 1992; x_wconf 90' lang='lat' dir='ltr'>Non</span> <span class='ocrx_word' id='word_1_74' title='bbox 386 1939 520 1993; x_wconf 90' lang='lat' dir='ltr'>mutum</span> <span class='ocrx_word' id='word_1_75' title='bbox 532 1942 633 2018; x_wconf 88' lang='lat' dir='ltr'>caput</span> <span class='ocrx_word' id='word_1_76' title='bbox 644 1923 798 2018; x_wconf 87' lang='lat' dir='ltr'>Orpheos</span> <span class='ocrx_word' id='word_1_77' title='bbox 810 1920 989 2016; x_wconf 82' lang='lat' dir='ltr'>sequebar:</span> 
     </span>
     <span class='ocr_line' id='line_1_17' title="bbox 300 2034 876 2125; baseline -0.01 -22"><span class='ocrx_word' id='word_1_78' title='bbox 300 2037 353 2103; x_wconf 91' lang='lat' dir='ltr'>Sic</span> <span class='ocrx_word' id='word_1_79' title='bbox 364 2053 397 2103; x_wconf 88' lang='lat' dir='ltr'>et</span> <span class='ocrx_word' id='word_1_80' title='bbox 409 2052 445 2102; x_wconf 92' lang='lat' dir='ltr'>tu</span> <span class='ocrx_word' id='word_1_81' title='bbox 458 2034 585 2121; x_wconf 90' lang='lat' dir='ltr'>(rabidi</span> <span class='ocrx_word' id='word_1_82' title='bbox 596 2035 691 2104; x_wconf 84' lang='lat' dir='ltr'>nefas</span> <span class='ocrx_word' id='word_1_83' title='bbox 702 2035 838 2125; x_wconf 79' lang='lat' dir='ltr'>tyranni</span> <span class='ocrx_word' id='word_1_84' title='bbox 849 2039 855 2097; x_wconf 89' lang='lat'>!</span> <span class='ocrx_word' id='word_1_85' title='bbox 866 2036 876 2116; x_wconf 86' lang='grc'>)</span> 
     </span>
    </p>
   </div>
   <div class='ocr_carea' id='block_1_4' title="bbox 181 2252 1233 3757">
    <p class='ocr_par' dir='ltr' id='par_1_4' title="bbox 217 2252 1230 2320">
     <span class='ocr_line' id='line_1_18' title="bbox 217 2252 1230 2320; baseline -0.005 -11"><span class='ocrx_word' id='word_1_86' title='bbox 217 2254 682 2310; x_wconf 66' lang='lat' dir='ltr'>utneduobushisvers.elnone.</span> <span class='ocrx_word' id='word_1_87' title='bbox 726 2272 806 2320; x_wconf 76' lang='lat' dir='ltr'>seva,</span> <span class='ocrx_word' id='word_1_88' title='bbox 823 2255 947 2306; x_wconf 80' lang='lat' dir='ltr'>Heinsius</span> <span class='ocrx_word' id='word_1_89' title='bbox 961 2254 990 2304; x_wconf 87' lang='lat' dir='ltr'>iu</span> <span class='ocrx_word' id='word_1_90' title='bbox 1005 2253 1091 2306; x_wconf 86' lang='lat' dir='ltr'>Oxou.</span> <span class='ocrx_word' id='word_1_91' title='bbox 1107 2252 1167 2305; x_wconf 86' lang='lat' dir='ltr'>cod.</span> <span class='ocrx_word' id='word_1_92' title='bbox 1188 2254 1230 2304; x_wconf 90' lang='lat' dir='ltr'>iu-</span> 
     </span>
    </p>

    <p class='ocr_par' dir='ltr' id='par_1_5' title="bbox 181 2332 1233 3757">
     <span class='ocr_line' id='line_1_19' title="bbox 219 2332 1230 2407; baseline -0.002 -20"><span class='ocrx_word' id='word_1_93' title='bbox 219 2333 262 2387; x_wconf 80' lang='lat'>88.</span> <span class='ocrx_word' id='word_1_94' title='bbox 270 2336 348 2387; x_wconf 78' lang='lat' dir='ltr'>Fertis</span> <span class='ocrx_word' id='word_1_95' title='bbox 354 2335 468 2388; x_wconf 81' lang='lat' dir='ltr'>cantibus</span> <span class='ocrx_word' id='word_1_96' title='bbox 474 2336 681 2407; x_wconf 76' lang='lat' dir='ltr'>ipsapenonabo.</span> <span class='ocrx_word' id='word_1_97' title='bbox 727 2337 800 2404; x_wconf 85' lang='lat' dir='ltr'>venit</span> <span class='ocrx_word' id='word_1_98' title='bbox 814 2333 887 2386; x_wconf 81' lang='lat' dir='ltr'>laeva.</span> <span class='ocrx_word' id='word_1_99' title='bbox 902 2332 1075 2399; x_wconf 78' lang='lat' dir='ltr'>Claudianus,</span> <span class='ocrx_word' id='word_1_100' title='bbox 1090 2332 1230 2406; x_wconf 78' lang='lat' dir='ltr'>ldyll.v1,</span> 
     </span>
     <span class='ocr_line' id='line_1_20' title="bbox 184 2414 1227 2488; baseline -0.002 -20"><span class='ocrx_word' id='word_1_101' title='bbox 184 2418 253 2488; x_wconf 77' lang='lat' dir='ltr'>Lege</span> <span class='ocrx_word' id='word_1_102' title='bbox 267 2415 364 2468; x_wconf 72' lang='lat' dir='ltr'>Faustin</span> <span class='ocrx_word' id='word_1_103' title='bbox 375 2415 506 2478; x_wconf 54' lang='lat' dir='ltr'>caelibum</span> <span class='ocrx_word' id='word_1_104' title='bbox 521 2417 619 2488; x_wconf 90' lang='lat' dir='ltr'>quippe</span> <span class='ocrx_word' id='word_1_105' title='bbox 631 2428 685 2468; x_wconf 87' lang='lat' dir='ltr'>sta·</span> <span class='ocrx_word' id='word_1_106' title='bbox 728 2431 775 2483; x_wconf 79' lang='lat'>92:</span> <span class='ocrx_word' id='word_1_107' title='bbox 792 2432 862 2466; x_wconf 72' lang='lat' dir='ltr'>nnec</span> <span class='ocrx_word' id='word_1_108' title='bbox 872 2430 940 2465; x_wconf 77' lang='lat' dir='ltr'>saevo</span> <span class='ocrx_word' id='word_1_109' title='bbox 951 2414 1031 2466; x_wconf 79' lang='lat' dir='ltr'>Sirius</span> <span class='ocrx_word' id='word_1_110' title='bbox 1042 2415 1102 2484; x_wconf 71' lang='lat' dir='ltr'>igne</span> <span class='ocrx_word' id='word_1_111' title='bbox 1115 2427 1227 2478; x_wconf 75' lang='lat' dir='ltr'>nocet3·</span> 
     </span>
     <span class='ocr_line' id='line_1_21' title="bbox 182 2491 1231 2569; baseline -0.001 -22"><span class='ocrx_word' id='word_1_112' title='bbox 182 2497 231 2547; x_wconf 85' lang='lat' dir='ltr'>tim</span> <span class='ocrx_word' id='word_1_113' title='bbox 248 2495 368 2566; x_wconf 87' lang='lat' dir='ltr'>sequitur</span> <span class='ocrx_word' id='word_1_114' title='bbox 383 2496 454 2566; x_wconf 81' lang='lat' dir='ltr'>festa</span> <span class='ocrx_word' id='word_1_115' title='bbox 476 2495 571 2569; x_wconf 55' lang='lat' dir='ltr'>donym·</span> <span class='ocrx_word' id='word_1_116' title='bbox 587 2495 685 2566; x_wconf 79' lang='lat' dir='ltr'>faustis</span> <span class='ocrx_word' id='word_1_117' title='bbox 728 2491 1231 2564; x_wconf 78' lang='lat' dir='ltr'>ubiquatuordecimlibribabentloeuo‚</span> 
     </span>
     <span class='ocr_line' id='line_1_22' title="bbox 184 2570 1228 2645; baseline -0.003 -19"><span class='ocrx_word' id='word_1_118' title='bbox 184 2592 247 2626; x_wconf 79' lang='lat' dir='ltr'>vero</span> <span class='ocrx_word' id='word_1_119' title='bbox 264 2575 401 2645; x_wconf 87' lang='lat' dir='ltr'>proprium</span> <span class='ocrx_word' id='word_1_120' title='bbox 412 2576 440 2626; x_wconf 92' lang='lat' dir='ltr'>in</span> <span class='ocrx_word' id='word_1_121' title='bbox 459 2572 510 2626; x_wconf 86' lang='lat' dir='ltr'>bac</span> <span class='ocrx_word' id='word_1_122' title='bbox 524 2593 551 2626; x_wconf 88' lang='lat' dir='ltr'>re</span> <span class='ocrx_word' id='word_1_123' title='bbox 565 2574 683 2627; x_wconf 88' lang='lat' dir='ltr'>verbum.</span> <span class='ocrx_word' id='word_1_124' title='bbox 729 2583 848 2624; x_wconf 80' lang='lat' dir='ltr'>testante</span> <span class='ocrx_word' id='word_1_125' title='bbox 866 2571 983 2622; x_wconf 86' lang='lat' dir='ltr'>Heinsio.</span> <span class='ocrx_word' id='word_1_126' title='bbox 1006 2571 1074 2623; x_wconf 86' lang='lat' dir='ltr'>Vide</span> <span class='ocrx_word' id='word_1_127' title='bbox 1097 2570 1228 2626; x_wconf 78' lang='lat' dir='ltr'>[tralenh.</span> 
     </span>
     <span class='ocr_line' id='line_1_23' title="bbox 184 2649 1229 2724; baseline 0 -19"><span class='ocrx_word' id='word_1_128' title='bbox 184 2651 361 2720; x_wconf 78' lang='lat' dir='ltr'>Claudianus,</span> <span class='ocrx_word' id='word_1_129' title='bbox 375 2649 483 2724; x_wconf 87' lang='lat' dir='ltr'>epithal.</span> <span class='ocrx_word' id='word_1_130' title='bbox 495 2653 549 2705; x_wconf 86' lang='lat' dir='ltr'>Pal.</span> <span class='ocrx_word' id='word_1_131' title='bbox 564 2667 589 2706; x_wconf 86' lang='lat' dir='ltr'>et</span> <span class='ocrx_word' id='word_1_132' title='bbox 600 2654 683 2706; x_wconf 88' lang='lat' dir='ltr'>Celer.</span> <span class='ocrx_word' id='word_1_133' title='bbox 730 2651 765 2704; x_wconf 87' lang='lat' dir='ltr'>ad</span> <span class='ocrx_word' id='word_1_134' title='bbox 782 2652 827 2706; x_wconf 88' lang='lat' dir='ltr'>sil.</span> <span class='ocrx_word' id='word_1_135' title='bbox 846 2650 978 2715; x_wconf 84' lang='lat' dir='ltr'>Italicum,</span> <span class='ocrx_word' id='word_1_136' title='bbox 996 2651 1029 2716; x_wconf 81' lang='lat' dir='ltr'>V,</span> <span class='ocrx_word' id='word_1_137' title='bbox 1045 2652 1105 2706; x_wconf 82' lang='lat'>660.</span> <span class='ocrx_word' id='word_1_138' title='bbox 1115 2681 1151 2692; x_wconf 92' lang='lat'><em>-</em></span> <span class='ocrx_word' id='word_1_139' title='bbox 1161 2650 1229 2705; x_wconf 85' lang='lat' dir='ltr'>Cod.</span> 
     </span>
     <span class='ocr_line' id='line_1_24' title="bbox 183 2730 1135 2803; baseline 0.001 -20"><span class='ocrx_word' id='word_1_140' title='bbox 183 2751 208 2783; x_wconf 79' lang='lat' dir='ltr'>v.</span> <span class='ocrx_word' id='word_1_141' title='bbox 224 2750 271 2783; x_wconf 69' lang='lat' dir='ltr'>aas</span> <span class='ocrx_word' id='word_1_142' title='bbox 285 2732 393 2799; x_wconf 72' lang='lat' dir='ltr'>sQuum</span> <span class='ocrx_word' id='word_1_143' title='bbox 405 2730 493 2784; x_wconf 88' lang='lat' dir='ltr'>subito</span> <span class='ocrx_word' id='word_1_144' title='bbox 502 2734 684 2784; x_wconf 84' lang='lat' dir='ltr'>variusvicina</span> <span class='ocrx_word' id='word_1_145' title='bbox 729 2731 809 2785; x_wconf 79' lang='lat' dir='ltr'>Paris.</span> <span class='ocrx_word' id='word_1_146' title='bbox 821 2733 899 2785; x_wconf 88' lang='lat' dir='ltr'>Cruc.</span> <span class='ocrx_word' id='word_1_147' title='bbox 911 2733 993 2786; x_wconf 85' lang='lat' dir='ltr'>Gran.</span> <span class='ocrx_word' id='word_1_148' title='bbox 1000 2732 1085 2803; x_wconf 79' lang='lat' dir='ltr'>fests&#39;s.</span> <span class='ocrx_word' id='word_1_149' title='bbox 1104 2733 1135 2784; x_wconf 80' lang='lat' dir='ltr'>A.</span> 
     </span>
     <span class='ocr_line' id='line_1_25' title="bbox 184 2809 1231 2883; baseline 0.002 -20"><span class='ocrx_word' id='word_1_150' title='bbox 184 2813 285 2864; x_wconf 88' lang='lat' dir='ltr'>clamor</span> <span class='ocrx_word' id='word_1_151' title='bbox 295 2810 329 2862; x_wconf 85' lang='lat' dir='ltr'>ab</span> <span class='ocrx_word' id='word_1_152' title='bbox 342 2809 407 2862; x_wconf 86' lang='lat' dir='ltr'>urbe</span> <span class='ocrx_word' id='word_1_153' title='bbox 421 2811 452 2862; x_wconf 88' lang='lat' dir='ltr'>Et</span> <span class='ocrx_word' id='word_1_154' title='bbox 464 2812 546 2864; x_wconf 77' lang='lat' dir='ltr'>fausti</span> <span class='ocrx_word' id='word_1_155' title='bbox 558 2815 684 2883; x_wconf 83' lang='lat' dir='ltr'>juvenum</span> <span class='ocrx_word' id='word_1_156' title='bbox 765 2830 808 2883; x_wconf 88' lang='lat'>9¹·</span> <span class='ocrx_word' id='word_1_157' title='bbox 823 2813 927 2865; x_wconf 77' lang='lat' dir='ltr'>Putatis.</span> <span class='ocrx_word' id='word_1_158' title='bbox 938 2811 1003 2864; x_wconf 88' lang='lat' dir='ltr'>Cod.</span> <span class='ocrx_word' id='word_1_159' title='bbox 1014 2814 1095 2864; x_wconf 82' lang='lat' dir='ltr'>Paris.</span> <span class='ocrx_word' id='word_1_160' title='bbox 1105 2816 1132 2865; x_wconf 90' lang='lat' dir='ltr'>iu</span> <span class='ocrx_word' id='word_1_161' title='bbox 1142 2827 1231 2881; x_wconf 86' lang='lat' dir='ltr'>textu,</span> 
     </span>
     <span class='ocr_line' id='line_1_26' title="bbox 183 2890 1230 2965; baseline 0.002 -22"><span class='ocrx_word' id='word_1_162' title='bbox 183 2891 309 2962; x_wconf 85' lang='lat' dir='ltr'>plausus,</span> <span class='ocrx_word' id='word_1_163' title='bbox 322 2891 458 2962; x_wconf 71' lang='lat' dir='ltr'>mistaque</span> <span class='ocrx_word' id='word_1_164' title='bbox 468 2890 572 2943; x_wconf 86' lang='lat' dir='ltr'>choreis</span> <span class='ocrx_word' id='word_1_165' title='bbox 583 2891 685 2944; x_wconf 73' lang='lat' dir='ltr'>Audite</span> <span class='ocrx_word' id='word_1_166' title='bbox 728 2893 837 2965; x_wconf 80' lang='lat' dir='ltr'>petatis‚·</span> <span class='ocrx_word' id='word_1_167' title='bbox 857 2891 891 2943; x_wconf 90' lang='lat' dir='ltr'>ad</span> <span class='ocrx_word' id='word_1_168' title='bbox 909 2894 1052 2962; x_wconf 75' lang='lat' dir='ltr'>marginem</span> <span class='ocrx_word' id='word_1_169' title='bbox 1063 2893 1163 2963; x_wconf 63' lang='lat' dir='ltr'>patenis.</span> <span class='ocrx_word' id='word_1_170' title='bbox 1179 2893 1230 2945; x_wconf 78' lang='lat' dir='ltr'>ad.</span> 
     </span>
     <span class='ocr_line' id='line_1_27' title="bbox 185 2969 1230 3045; baseline -0.003 -22"><span class='ocrx_word' id='word_1_171' title='bbox 185 2989 233 3041; x_wconf 88' lang='lat' dir='ltr'>per</span> <span class='ocrx_word' id='word_1_172' title='bbox 251 2990 312 3024; x_wconf 88' lang='lat' dir='ltr'>rura</span> <span class='ocrx_word' id='word_1_173' title='bbox 330 2971 422 3043; x_wconf 70' lang='lat' dir='ltr'>tyre.»</span> <span class='ocrx_word' id='word_1_174' title='bbox 443 2969 531 3035; x_wconf 83' lang='lat' dir='ltr'>Idem,</span> <span class='ocrx_word' id='word_1_175' title='bbox 550 2971 584 3024; x_wconf 87' lang='lat' dir='ltr'>de</span> <span class='ocrx_word' id='word_1_176' title='bbox 601 2973 683 3045; x_wconf 85' lang='lat' dir='ltr'>Nupt.</span> <span class='ocrx_word' id='word_1_177' title='bbox 729 2974 813 3044; x_wconf 89' lang='lat' dir='ltr'>princ.</span> <span class='ocrx_word' id='word_1_178' title='bbox 823 2986 848 3024; x_wconf 89' lang='lat' dir='ltr'>et</span> <span class='ocrx_word' id='word_1_179' title='bbox 860 2972 938 3024; x_wconf 89' lang='lat' dir='ltr'>Cruc.</span> <span class='ocrx_word' id='word_1_180' title='bbox 948 2969 1230 3044; x_wconf 75' lang='lat' dir='ltr'>petatierronovius‚</span> 
     </span>
     <span class='ocr_line' id='line_1_28' title="bbox 185 3050 882 3125; baseline -0.004 -23"><span class='ocrx_word' id='word_1_181' title='bbox 185 3054 286 3104; x_wconf 87' lang='lat' dir='ltr'>Honor.</span> <span class='ocrx_word' id='word_1_182' title='bbox 300 3064 326 3103; x_wconf 91' lang='lat' dir='ltr'>et</span> <span class='ocrx_word' id='word_1_183' title='bbox 334 3053 401 3104; x_wconf 82' lang='lat' dir='ltr'>Mar.</span> <span class='ocrx_word' id='word_1_184' title='bbox 411 3070 436 3102; x_wconf 87' lang='lat' dir='ltr'>v.</span> <span class='ocrx_word' id='word_1_185' title='bbox 447 3051 511 3122; x_wconf 82' lang='lat'>195:</span> <span class='ocrx_word' id='word_1_186' title='bbox 527 3051 623 3104; x_wconf 79' lang='lat' dir='ltr'>«Tibia</span> <span class='ocrx_word' id='word_1_187' title='bbox 634 3072 685 3125; x_wconf 88' lang='lat' dir='ltr'>pro</span> <span class='ocrx_word' id='word_1_188' title='bbox 727 3051 829 3122; x_wconf 82' lang='lat' dir='ltr'>patetis.</span> <span class='ocrx_word' id='word_1_189' title='bbox 849 3050 882 3100; x_wconf 76' lang='lat' dir='ltr'>A.</span> 
     </span>
     <span class='ocr_line' id='line_1_29' title="bbox 184 3125 1231 3200; baseline 0.001 -22"><span class='ocrx_word' id='word_1_190' title='bbox 184 3127 274 3194; x_wconf 86' lang='lat' dir='ltr'>lituis,</span> <span class='ocrx_word' id='word_1_191' title='bbox 299 3143 325 3180; x_wconf 87' lang='lat' dir='ltr'>et</span> <span class='ocrx_word' id='word_1_192' title='bbox 345 3149 395 3200; x_wconf 91' lang='lat' dir='ltr'>pro</span> <span class='ocrx_word' id='word_1_193' title='bbox 415 3128 540 3200; x_wconf 75' lang='lat' dir='ltr'>clangore</span> <span class='ocrx_word' id='word_1_194' title='bbox 560 3131 685 3183; x_wconf 81' lang='lat' dir='ltr'>tuberum</span> <span class='ocrx_word' id='word_1_195' title='bbox 765 3129 808 3200; x_wconf 87' lang='lat'>96.</span> <span class='ocrx_word' id='word_1_196' title='bbox 828 3125 964 3200; x_wconf 64' lang='lat' dir='ltr'>Sicfisum</span> <span class='ocrx_word' id='word_1_197' title='bbox 976 3127 1076 3180; x_wconf 73' lang='lat' dir='ltr'>Paridis</span> <span class='ocrx_word' id='word_1_198' title='bbox 1086 3143 1168 3178; x_wconf 84' lang='lat' dir='ltr'>manu</span> <span class='ocrx_word' id='word_1_199' title='bbox 1181 3139 1231 3180; x_wconf 85' lang='lat' dir='ltr'>tre-</span> 
     </span>
     <span class='ocr_line' id='line_1_30' title="bbox 183 3203 1233 3281; baseline 0.005 -24"><span class='ocrx_word' id='word_1_200' title='bbox 183 3206 264 3258; x_wconf 88' lang='lat' dir='ltr'>Molle</span> <span class='ocrx_word' id='word_1_201' title='bbox 283 3207 342 3280; x_wconf 77' lang='lat' dir='ltr'>lyrse</span> <span class='ocrx_word' id='word_1_202' title='bbox 361 3209 529 3281; x_wconf 85' lang='lat' dir='ltr'>faustumque</span> <span class='ocrx_word' id='word_1_203' title='bbox 547 3203 682 3273; x_wconf 65' lang='lat' dir='ltr'>canariu-</span> <span class='ocrx_word' id='word_1_204' title='bbox 729 3211 829 3261; x_wconf 83' lang='lat' dir='ltr'>mentis.</span> <span class='ocrx_word' id='word_1_205' title='bbox 857 3211 941 3261; x_wconf 81' lang='lat' dir='ltr'>Aures</span> <span class='ocrx_word' id='word_1_206' title='bbox 973 3211 1080 3280; x_wconf 78' lang='lat' dir='ltr'>exigunt</span> <span class='ocrx_word' id='word_1_207' title='bbox 1111 3210 1233 3262; x_wconf 79' lang='lat' dir='ltr'>trementi</span> 
     </span>
     <span class='ocr_line' id='line_1_31' title="bbox 184 3285 1231 3362; baseline 0.003 -27"><span class='ocrx_word' id='word_1_208' title='bbox 184 3285 230 3336; x_wconf 90' lang='lat' dir='ltr'>ubi</span> <span class='ocrx_word' id='word_1_209' title='bbox 250 3288 349 3356; x_wconf 85' lang='lat' dir='ltr'>pariter</span> <span class='ocrx_word' id='word_1_210' title='bbox 368 3300 423 3339; x_wconf 86' lang='lat' dir='ltr'>erat</span> <span class='ocrx_word' id='word_1_211' title='bbox 438 3289 594 3362; x_wconf 71' lang='lat' dir='ltr'>sennenque.</span> <span class='ocrx_word' id='word_1_212' title='bbox 617 3290 684 3342; x_wconf 91' lang='lat' dir='ltr'>Vide</span> <span class='ocrx_word' id='word_1_213' title='bbox 730 3305 823 3355; x_wconf 87' lang='lat' dir='ltr'>manu,</span> <span class='ocrx_word' id='word_1_214' title='bbox 835 3287 863 3339; x_wconf 94' lang='lat' dir='ltr'>id</span> <span class='ocrx_word' id='word_1_215' title='bbox 879 3302 933 3349; x_wconf 84' lang='lat' dir='ltr'>est,</span> <span class='ocrx_word' id='word_1_216' title='bbox 951 3289 1065 3361; x_wconf 78' lang='lat' dir='ltr'>trepida.-</span> <span class='ocrx_word' id='word_1_217' title='bbox 1081 3287 1132 3340; x_wconf 89' lang='lat' dir='ltr'>boc</span> <span class='ocrx_word' id='word_1_218' title='bbox 1145 3286 1231 3338; x_wconf 86' lang='lat' dir='ltr'>multo</span> 
     </span>
     <span class='ocr_line' id='line_1_32' title="bbox 183 3365 1230 3440; baseline 0.003 -26"><span class='ocrx_word' id='word_1_219' title='bbox 183 3365 319 3416; x_wconf 90' lang='lat' dir='ltr'>Heinsium</span> <span class='ocrx_word' id='word_1_220' title='bbox 331 3365 365 3417; x_wconf 88' lang='lat' dir='ltr'>ad</span> <span class='ocrx_word' id='word_1_221' title='bbox 376 3365 472 3419; x_wconf 91' lang='lat' dir='ltr'>locum.</span> <span class='ocrx_word' id='word_1_222' title='bbox 483 3370 589 3434; x_wconf 86' lang='lat' dir='ltr'>Noster,</span> <span class='ocrx_word' id='word_1_223' title='bbox 600 3370 682 3422; x_wconf 88' lang='lat' dir='ltr'>Theb.</span> <span class='ocrx_word' id='word_1_224' title='bbox 729 3369 834 3420; x_wconf 84' lang='lat' dir='ltr'>suavius</span> <span class='ocrx_word' id='word_1_225' title='bbox 859 3386 936 3440; x_wconf 83' lang='lat' dir='ltr'>quam</span> <span class='ocrx_word' id='word_1_226' title='bbox 963 3368 1066 3420; x_wconf 79' lang='lat' dir='ltr'>Paridis</span> <span class='ocrx_word' id='word_1_227' title='bbox 1091 3367 1230 3420; x_wconf 77' lang='lat' dir='ltr'>trementis.</span> 
     </span>
     <span class='ocr_line' id='line_1_33' title="bbox 183 3443 1232 3520; baseline 0.005 -28"><span class='ocrx_word' id='word_1_228' title='bbox 183 3443 231 3507; x_wconf 90' lang='lat' dir='ltr'>lll,</span> <span class='ocrx_word' id='word_1_229' title='bbox 243 3443 307 3512; x_wconf 81' lang='lat'>691:</span> <span class='ocrx_word' id='word_1_230' title='bbox 325 3445 381 3494; x_wconf 76' lang='lat' dir='ltr'>«Ex</span> <span class='ocrx_word' id='word_1_231' title='bbox 393 3463 447 3515; x_wconf 90' lang='lat' dir='ltr'>quo</span> <span class='ocrx_word' id='word_1_232' title='bbox 457 3449 557 3516; x_wconf 86' lang='lat' dir='ltr'>primus</span> <span class='ocrx_word' id='word_1_233' title='bbox 569 3450 683 3520; x_wconf 73' lang='lat' dir='ltr'>Hymen,</span> <span class='ocrx_word' id='word_1_234' title='bbox 728 3447 948 3513; x_wconf 83' lang='lat' dir='ltr'>Seneca‚Troad.</span> <span class='ocrx_word' id='word_1_235' title='bbox 957 3467 980 3498; x_wconf 83' lang='lat' dir='ltr'>v.</span> <span class='ocrx_word' id='word_1_236' title='bbox 989 3447 1041 3518; x_wconf 87' lang='lat'>957</span> <span class='ocrx_word' id='word_1_237' title='bbox 1051 3470 1056 3498; x_wconf 95' lang='lat'><strong>:</strong></span> <span class='ocrx_word' id='word_1_238' title='bbox 1068 3450 1112 3500; x_wconf 86' lang='lat'>·0</span> <span class='ocrx_word' id='word_1_239' title='bbox 1121 3465 1232 3498; x_wconf 85' lang='lat' dir='ltr'>manum</span> 
     </span>
     <span class='ocr_line' id='line_1_34' title="bbox 183 3521 1233 3591; baseline 0.01 -21"><span class='ocrx_word' id='word_1_240' title='bbox 183 3522 317 3591; x_wconf 85' lang='lat' dir='ltr'>movitque</span> <span class='ocrx_word' id='word_1_241' title='bbox 332 3521 448 3574; x_wconf 81' lang='lat' dir='ltr'>infausta</span> <span class='ocrx_word' id='word_1_242' title='bbox 464 3525 596 3577; x_wconf 82' lang='lat' dir='ltr'>sinistram</span> <span class='ocrx_word' id='word_1_243' title='bbox 612 3528 682 3578; x_wconf 85' lang='lat' dir='ltr'>June</span> <span class='ocrx_word' id='word_1_244' title='bbox 728 3525 826 3578; x_wconf 85' lang='lat' dir='ltr'>Paridis</span> <span class='ocrx_word' id='word_1_245' title='bbox 836 3526 932 3579; x_wconf 87' lang='lat' dir='ltr'>levem!</span> <span class='ocrx_word' id='word_1_246' title='bbox 945 3551 955 3574; x_wconf 83' lang='grc' dir='ltr'>ι</span> <span class='ocrx_word' id='word_1_247' title='bbox 968 3527 1038 3579; x_wconf 79' lang='lat' dir='ltr'>Edit.</span> <span class='ocrx_word' id='word_1_248' title='bbox 1052 3531 1134 3579; x_wconf 85' lang='lat' dir='ltr'>Parm.</span> <span class='ocrx_word' id='word_1_249' title='bbox 1148 3525 1233 3580; x_wconf 82' lang='lat' dir='ltr'>habet</span> 
     </span>
     <span class='ocr_line' id='line_1_35' title="bbox 182 3601 1232 3678; baseline 0.006 -28"><span class='ocrx_word' id='word_1_250' title='bbox 182 3601 294 3652; x_wconf 79' lang='lat' dir='ltr'>facem·</span> <span class='ocrx_word' id='word_1_251' title='bbox 307 3601 350 3654; x_wconf 90' lang='lat' dir='ltr'>Ob</span> <span class='ocrx_word' id='word_1_252' title='bbox 362 3603 481 3656; x_wconf 85' lang='lat' dir='ltr'>eamdem</span> <span class='ocrx_word' id='word_1_253' title='bbox 493 3607 623 3658; x_wconf 87' lang='lat' dir='ltr'>rationem</span> <span class='ocrx_word' id='word_1_254' title='bbox 634 3623 682 3678; x_wconf 90' lang='lat' dir='ltr'>pro</span> <span class='ocrx_word' id='word_1_255' title='bbox 725 3607 882 3677; x_wconf 77' lang='lat' dir='ltr'>prementis:</span> <span class='ocrx_word' id='word_1_256' title='bbox 903 3607 1039 3671; x_wconf 83' lang='lat' dir='ltr'>Romana,</span> <span class='ocrx_word' id='word_1_257' title='bbox 1057 3607 1184 3678; x_wconf 52' lang='lat' dir='ltr'>potentin</span> <span class='ocrx_word' id='word_1_258' title='bbox 1206 3619 1232 3658; x_wconf 84' lang='lat' dir='ltr'>et</span> 
     </span>
     <span class='ocr_line' id='line_1_36' title="bbox 181 3681 1231 3757; baseline 0.005 -26"><span class='ocrx_word' id='word_1_259' title='bbox 181 3681 356 3745; x_wconf 62' lang='lat' dir='ltr'>soevasice7v.</span> <span class='ocrx_word' id='word_1_260' title='bbox 366 3699 415 3751; x_wconf 80' lang='lat'>92,</span> <span class='ocrx_word' id='word_1_261' title='bbox 425 3682 528 3736; x_wconf 84' lang='lat' dir='ltr'>mallem</span> <span class='ocrx_word' id='word_1_262' title='bbox 540 3683 682 3749; x_wconf 78' lang='lat' dir='ltr'>laevavice,</span> <span class='ocrx_word' id='word_1_263' title='bbox 728 3683 811 3736; x_wconf 80' lang='lat' dir='ltr'>obruit</span> <span class='ocrx_word' id='word_1_264' title='bbox 827 3703 876 3757; x_wconf 89' lang='lat' dir='ltr'>pro</span> <span class='ocrx_word' id='word_1_265' title='bbox 893 3685 1001 3738; x_wconf 78' lang='lat' dir='ltr'>horruit.</span> <span class='ocrx_word' id='word_1_266' title='bbox 1018 3715 1053 3724; x_wconf 89' lang='lat'><em>—</em></span> <span class='ocrx_word' id='word_1_267' title='bbox 1066 3683 1133 3736; x_wconf 88' lang='lat' dir='ltr'>Cod.</span> <span class='ocrx_word' id='word_1_268' title='bbox 1148 3685 1231 3737; x_wconf 85' lang='lat' dir='ltr'>Paris.</span> 
     </span>
    </p>
   </div>
   <div class='ocr_carea' id='block_1_5' title="bbox 99 3760 1019 3834">
    <p class='ocr_par' dir='ltr' id='par_1_6' title="bbox 99 3760 1019 3834">
     <span class='ocr_line' id='line_1_37' title="bbox 99 3760 1019 3834; baseline 0.012 -28"><span class='ocrx_word' id='word_1_269' title='bbox 99 3819 104 3828; x_wconf 41' lang='grc' dir='ltr'>Ι</span> <span class='ocrx_word' id='word_1_270' title='bbox 181 3772 290 3832; x_wconf 89' lang='lat' dir='ltr'>propter</span> <span class='ocrx_word' id='word_1_271' title='bbox 301 3760 508 3831; x_wconf 74' lang='lat' dir='ltr'>precedentem,</span> <span class='ocrx_word' id='word_1_272' title='bbox 524 3765 628 3816; x_wconf 77' lang='lat' dir='ltr'>Osoevoe</span> <span class='ocrx_word' id='word_1_273' title='bbox 642 3765 682 3815; x_wconf 84' lang='lat' dir='ltr'>ni·</span> <span class='ocrx_word' id='word_1_274' title='bbox 728 3761 769 3814; x_wconf 85' lang='lat' dir='ltr'>ed.</span> <span class='ocrx_word' id='word_1_275' title='bbox 783 3781 822 3834; x_wconf 90' lang='lat' dir='ltr'>pr.</span> <span class='ocrx_word' id='word_1_276' title='bbox 834 3767 954 3834; x_wconf 81' lang='lat' dir='ltr'>potentis.</span> <span class='ocrx_word' id='word_1_277' title='bbox 974 3767 1019 3834; x_wconf 56' lang='lat' dir='ltr'>A„</span> 
     </span>
    </p>
   </div>
   <div class='ocr_carea' id='block_1_6' title="bbox 182 3839 1234 3912">
    <p class='ocr_par' dir='ltr' id='par_1_7' title="bbox 182 3839 1234 3912">
     <span class='ocr_line' id='line_1_38' title="bbox 182 3839 1234 3912; baseline 0.005 -23"><span class='ocrx_word' id='word_1_278' title='bbox 182 3839 278 3905; x_wconf 82' lang='lat' dir='ltr'>mium,</span> <span class='ocrx_word' id='word_1_279' title='bbox 291 3853 341 3892; x_wconf 87' lang='lat' dir='ltr'>etc.</span> <span class='ocrx_word' id='word_1_280' title='bbox 354 3840 413 3895; x_wconf 72' lang='lat' dir='ltr'>sicle</span> <span class='ocrx_word' id='word_1_281' title='bbox 424 3843 565 3894; x_wconf 77' lang='lat' dir='ltr'>burmanni</span> <span class='ocrx_word' id='word_1_282' title='bbox 578 3857 633 3894; x_wconf 84' lang='lat' dir='ltr'>not.</span> <span class='ocrx_word' id='word_1_283' title='bbox 648 3843 682 3894; x_wconf 85' lang='lat' dir='ltr'>ad</span> <span class='ocrx_word' id='word_1_284' title='bbox 762 3859 804 3911; x_wconf 79' lang='lat'>97.</span> <span class='ocrx_word' id='word_1_285' title='bbox 826 3843 942 3896; x_wconf 81' lang='lat' dir='ltr'>Horruit.</span> <span class='ocrx_word' id='word_1_286' title='bbox 956 3843 1021 3895; x_wconf 82' lang='lat' dir='ltr'>cod.</span> <span class='ocrx_word' id='word_1_287' title='bbox 1037 3845 1118 3894; x_wconf 82' lang='lat' dir='ltr'>Paris.</span> <span class='ocrx_word' id='word_1_288' title='bbox 1132 3841 1173 3894; x_wconf 91' lang='lat' dir='ltr'>ed.</span> <span class='ocrx_word' id='word_1_289' title='bbox 1187 3851 1234 3912; x_wconf 64' lang='lat' dir='ltr'>pr.</span> 
     </span>
    </p>
   </div>
   <div class='ocr_carea' id='block_1_7' title="bbox 182 3915 866 4000">
    <p class='ocr_par' dir='ltr' id='par_1_8' title="bbox 182 3915 866 4000">
     <span class='ocr_line' id='line_1_39' title="bbox 182 3915 866 4000; baseline 0.006 -32"><span class='ocrx_word' id='word_1_290' title='bbox 182 3915 240 3968; x_wconf 75' lang='lat' dir='ltr'>vat.</span> <span class='ocrx_word' id='word_1_291' title='bbox 255 3915 341 3968; x_wconf 80' lang='lat' dir='ltr'>Flacc.</span> <span class='ocrx_word' id='word_1_292' title='bbox 362 3919 387 3982; x_wconf 85' lang='lat'>1,</span> <span class='ocrx_word' id='word_1_293' title='bbox 406 3919 472 3989; x_wconf 84' lang='lat'>370;</span> <span class='ocrx_word' id='word_1_294' title='bbox 491 3918 537 3969; x_wconf 89' lang='lat' dir='ltr'>ubi</span> <span class='ocrx_word' id='word_1_295' title='bbox 556 3938 605 3989; x_wconf 91' lang='lat' dir='ltr'>pro</span> <span class='ocrx_word' id='word_1_296' title='bbox 618 3919 682 3990; x_wconf 79' lang='lat' dir='ltr'>face</span> <span class='ocrx_word' id='word_1_297' title='bbox 727 3921 816 4000; x_wconf 67' lang='lat' dir='ltr'>clausit.</span> <span class='ocrx_word' id='word_1_298' title='bbox 837 3925 866 3974; x_wconf 78' lang='lat' dir='ltr'>A.</span> 
     </span>
    </p>
   </div>
   <div class='ocr_carea' id='block_1_8' title="bbox 0 0 1434 4492">
    <p class='ocr_par' dir='ltr' id='par_1_9' title="bbox 0 0 1434 4492">
     <span class='ocr_line' id='line_1_40' title="bbox 0 0 1434 4492; baseline 0 0"><span class='ocrx_word' id='word_1_299' title='bbox 0 0 1434 4492; x_wconf 95' lang='lat' dir='ltr'> </span> 
     </span>
    </p>
   </div>
  </div>
 </body>
</html>
