2858 4492
209 361 238 380 n
243 355 674 380 mmmmmmwsmm
679 353 1250 378 mmmmmwtwwwtmmwwu

635 571 826 669 NOTAE

225 771 1241 921 inclausaQu1uruu's1sa1sscuun1

599 1029 855 1104 SILVARUM.

208 1617 284 1668 Vns.
301 1629 325 1684 7.
339 1579 514 1665 visrs'sos
532 1610 605 1664 docte
617 1609 746 1682 serenam.
771 1609 812 1663 Sic
828 1610 916 1681 vulgo.
941 1609 974 1661 dt
997 1611 1090 1661 mirum
1112 1607 1252 1680 epitheton

208 1696 278 1750 istud
287 1695 360 1749 docte
370 1703 496 1748 vaswtors
507 1705 615 1765 putares
625 1692 728 1746 lennem
738 1691 810 1744 huuc
819 1692 888 1745 feras
897 1693 1006 1762 fregisse
1011 1691 1151 1744 mundes
1158 1701 1251 1743 amm.

207 1777 278 1830 Olim
289 1777 456 1845 conjeceram
468 1784 581 1828 aarum
590 1785 673 1832 toruc.·
685 1772 757 1846 quod
770 1771 803 1826 dc
815 1771 937 1825 leonibus
947 1771 1016 1824 hanc
1027 1787 1120 1823 rocem
1130 1774 1253 1842 nsmpari

209 1875 240 1908 ex
251 1854 339 1906 multis
350 1867 490 1925 poetarum
499 1851 565 1906 locis
576 1852 784 1905 observaveram.
794 1850 846 1904 Sed
858 1851 930 1904 aliud
939 1869 982 1903 me
992 1849 1082 1902 docuit
1092 1852 1252 1917 Parmensis,

211 1952 268 2004 quse
283 1932 363 1984 habet
376 1943 488 1984 amtotor
498 1931 709 2003 coedeserorum:
725 1929 795 1984 unde
808 1927 883 1984 nullo
897 1932 1004 2002 negotio
1021 1929 1124 1983 elicitur
1135 1945 1200 1982 sera
1213 1929 1251 1982 le·

210 2015 277 2078 ctio,
290 2023 472 2064 vmntorsoeue
477 2011 614 2083 seium,-
625 2025 651 2063 et
661 2009 714 2064 hoc
725 2009 841 2065 donibus
850 2013 1128 2064 convenientissimum
1136 2024 1165 2064 et
1174 2013 1254 2063 usite-

210 2094 339 2146 tissimnm
357 2090 503 2162 epitheton.
523 2091 613 2162 virgil.
631 2091 727 2161 Georg.
743 2093 783 2158 II,
801 2091 864 2143 151:
884 2108 972 2144 usare
987 2089 1096 2144 leonum
1114 2091 1227 2144 Semina.
1239 2112 1250 2134 ι

210 2172 316 2237 Noster,
327 2167 455 2222 Thebaid.
468 2169 519 2236 IX,
537 2172 583 2222 15:
599 2188 701 2222 «sevos
716 2167 802 2241 Libyae
816 2182 908 2221 cantra
921 2171 959 2220 ire
970 2168 1099 2222 leonesin
1114 2163 1254 2235 Manilius,

210 2249 255 2303 lib.
267 2248 353 2316 1V‚de
363 2249 466 2301 Africa:
480 2265 633 2320 «mosque
642 2249 765 2312 leonem
777 2245 855 2301 Ovld.
866 2247 929 2300 Mer.
939 2251 975 2302 IV
980 2287 988 2316 ,
1002 2265 1065 2300 tos:
1078 2249 1139 2300 eles
1148 2265 1230 2310 sarm
1239 2272 1251 2294 ι

209 2328 322 2382 Martini.
331 2330 412 2399 epigr.
423 2331 459 2395 II,
468 2345 548 2396 ιω,
559 2347 584 2398 7,
591 2327 625 2381 de
634 2328 712 2380 leone
721 2350 752 2398 :p
760 2329 847 2381 Serus
856 2341 883 2380 et
890 2327 980 2382 infelix
990 2328 1079 2382 luridi
1086 2327 1166 2382 deute
1177 2345 1254 2399 pere·

209 2410 292 2474 mu,-
309 2426 345 2461 sc.
361 2406 428 2460 duos
443 2425 550 2477 pueros.
571 2406 677 2476 Ubique
691 2409 816 2460 invenies.
835 2408 939 2459 eErunt
952 2410 1079 2473 Iortssse,
1092 2406 1188 2480 quibus
1202 2407 1254 2459 mi·

211 2506 268 2539 rum
284 2499 311 2540 et
325 2485 476 2539 incredibile
486 2485 620 2536 videbitur
632 2485 792 2537 vocabulum
807 2499 861 2538 tam
874 2501 967 2539 notum
979 2499 1006 2538 et
1017 2486 1126 2538 obvium
1140 2488 1178 2538 sic
1191 2505 1254 2538 cor-

210 2567 298 2637 rumpi
309 2567 438 2638 potuisse.
448 2565 546 2616 Verum
559 2565 605 2634 qui
616 2576 718 2616 veteres
730 2563 835 2616 codices
848 2578 1007 2631 tractarunt,
1019 2565 1106 2618 sciunt
1117 2564 1183 2617 nihil
1197 2583 1255 2617 esse

211 2661 264 2700 tam
281 2657 471 2712 monstrosum,
485 2655 515 2696 ut
525 2645 553 2695 in
567 2641 634 2695 illud
648 2659 703 2694 non
717 2642 855 2715 paullatim
871 2643 1060 2697 abeant'verba
1072 2647 1150 2697 etiam
1162 2643 1255 2715 vulga·

210 2727 323 2791 tissima,
334 2735 475 2796 postquam
487 2721 566 2776 semel
577 2723 645 2776 mele
654 2722 707 2793 legi
717 2736 742 2774 et
752 2721 827 2774 reddi
837 2735 980 2794 eoeperunt.
989 2747 1000 2769 ι
1014 2721 1102 2776 Verba
1111 2737 1173 2778 sunt
1182 2725 1254 2778 Frid.

209 2803 336 2860 Gronosii
347 2803 381 2856 ad
395 2802 472 2856 Plinii
484 2803 552 2855 illst.
563 2803 625 2856 Nat.
639 2801 762 2867 XXXIII,
781 2819 804 2868 ι,
817 2801 864 2852 ubi
878 2819 927 2872 pro
940 2807 1101 2868 commosis,
1114 2805 1170 2870 vel,
1185 2818 1215 2857 ut
1227 2809 1255 2858 in

211 2888 268 2942 aliis
278 2882 417 2942 codicibus
429 2885 536 2958 legitur,
548 2885 662 2952 sartoris,
674 2881 738 2954 legit
749 2897 890 2933 armorum.
901 2881 969 2935 Vide
979 2881 1078 2936 locum.

250 3043 290 3098 13.
310 3045 368 3098 Hoc
380 3041 479 3097 licuisse
490 3043 565 3116 nefor
574 3042 664 3115 pavidi
677 3039 781 3093 timuere
793 3039 883 3093 leones.
899 3041 973 3093 Hanc
984 3040 1125 3096 lectionem
1138 3041 1200 3095 lslsi
1212 3064 1256 3096 ar-

210 3127 267 3194 guit
279 3141 370 3177 sensus
380 3123 543 3176 communis:
557 3139 636 3173 nemo
646 3122 715 3172 enlm
726 3119 814 3171 timere
822 3130 910 3192 potest
920 3117 1020 3192 aliquid
1029 3119 1142 3182 licuissef
1154 3123 1256 3196 quippe

210 3201 290 3254 timor
302 3203 391 3255 locum
406 3202 489 3256 habet
503 3201 549 3254 ubi
566 3203 593 3252 in
607 3203 704 3253 incerto
718 3219 759 3253 res
775 3214 851 3267 sunt,
865 3219 918 3254 non
934 3202 981 3254 nbi
993 3203 1119 3274 preteriit
1131 3203 1205 3276 quod
1219 3207 1256 3257 tl-

210 3285 339 3345 muimus;
356 3297 420 3335 tunc
435 3286 503 3336 enim
516 3279 634 3336 succedit
648 3280 735 3347 dolor,
752 3281 793 3334 vel
807 3281 963 3353 desperatio,
978 3283 1019 3335 vel
1032 3281 1093 3337 talis
1107 3281 1201 3357 aliquis
1214 3286 1257 3337 al-

206 3361 302 3413 lectus.
314 3361 341 3414 si
354 3365 433 3434 igitur
446 3381 496 3437 pro
512 3359 620 3414 timuere
633 3361 732 3415 licuisse
743 3365 890 3435 scripsisset
901 3361 1005 3415 doluere
1017 3363 1128 3429 licuisse,
1143 3377 1217 3416 recte
1229 3379 1256 3418 et
1346 3417 1350 3424 ,

208 3439 354 3493 secundum
366 3454 487 3494 naturam
497 3443 659 3512 scripsisset:
673 3453 703 3494 ut
714 3440 784 3515 apud
795 3443 895 3497 Lucan.
908 3445 956 3511 IX,
973 3441 1053 3497 1055:
1070 3447 1216 3518 «captique
1227 3449 1256 3499 in

208 3523 308 3574 viscera
316 3521 408 3590 Magni
418 3523 476 3575 Hoc
487 3522 543 3574 aliis
553 3522 659 3577 licuisse
666 3523 755 3588 dules;
765 3549 775 3572 e
786 3523 973 3578 proculdubio
983 3545 997 3578 a
1007 3525 1089 3578 Statio
1099 3527 1165 3592 fuit,
1175 3551 1187 3573 ι
1197 3527 1257 3579 Hoc

206 3601 311 3655 licuisse
327 3601 402 3653 nefas
417 3603 507 3674 paridi
525 3623 649 3677 gemuere
667 3605 788 3657 leones·
810 3607 848 3656 Ita
862 3604 946 3658 Theb.
964 3609 987 3672 I,
1000 3605 1051 3672 814
1061 3607 1071 3653 τ’
1083 3629 1093 3652 ι
1103 3616 1128 3656 et
1143 3601 1256 3676 longum

206 3681 287 3754 signis
304 3679 491 3736 cunctantibus
507 3702 605 3736 annum
625 3685 698 3738 Stare
715 3684 835 3756 gemitu
859 3685 921 3748 vn,
943 3687 1009 3752 821,
1025 3683 1058 3735 de
1075 3681 1254 3756 Amphiarao:

209 3779 407 3832 «campumque
423 3763 494 3815 coire
513 3763 676 3835 Ingemuiw
697 3764 740 3817 Sil.
760 3762 841 3815 Italic.
859 3763 898 3830 11,
917 3764 984 3816 aab:
1005 3777 1158 3835 «portaque
1174 3777 1256 3834 atque

206 3857 299 3913 aggere
314 3852 372 3891 tuto
385 3840 509 3914 Erupissc
522 3858 666 3913 gamunu·
688 3841 763 3896 ovid.
780 3843 887 3892 Metam.
907 3843 955 3905 III,
971 3840 1025 3909 94:
1049 3841 1145 3892 eParte
1161 3837 1255 3911 flagel-

204 3919 251 3972 lari
262 3921 360 3990 gemuit
370 3937 418 3974 sua
432 3922 528 3976 robora
541 3923 645 3984 eandm
658 3947 668 3969 ι
687 3923 826 3988 Horatius,
839 3923 915 3992 epist.
930 3923 954 3986 I,
971 3921 1017 3984 15,
1030 3919 1062 3971 5:

608 4070 612 4077 .
625 4071 629 4078 .
640 4068 644 4078 .
657 4046 724 4078 ,satae
735 4043 832 4092 myrteta
841 4029 961 4093 relinqui,
