2824 4488
226 315 291 403 396
401 312 536 376 NOTAE
560 312 608 375 IN
632 313 830 375 CARMEN
854 311 1088 395 QUINTUM

224 453 253 491 ut
265 439 383 491 Surrent.
396 436 513 489 Poll.'vs.
530 436 594 502 143,
609 429 714 488 «Visite
728 439 830 490 securi!
846 453 959 507 quorum
971 433 1005 486 de
1018 447 1127 506 pectore
1139 438 1222 490 miste
1235 440 1264 490 ln

224 519 333 588 longum
344 520 431 570 coiere
441 519 529 580 laces;
540 540 551 562 ι
563 519 641 569 Herc.
654 517 773 588 Epitrap.
786 536 810 568 v.
822 515 872 582 5⁵,
886 538 897 562 ι
908 515 949 568 Sic
961 517 1030 568 mitis
1042 515 1130 568 voltus
1140 516 1223 569 veluti
1232 518 1265 570 de

225 612 333 670 pectore
344 597 462 670 gaudens
472 600 600 649 llortetur
613 614 732 657 menses;
743 620 754 644 ι
770 597 802 648 de
810 607 912 669 pectore
921 596 1051 668 quedem,
1065 613 1120 647 nou
1130 595 1266 662 simulato,

224 677 270 730 sed
284 694 342 728 vero
356 691 383 730 et
396 696 428 730 ex
439 679 492 730 imo
505 675 581 728 eorde
594 675 700 746 gaudio.
713 674 854 746 Eleganter
863 693 943 739 raro,
955 694 979 726 v.
993 673 1044 741 52,
1058 676 1156 746 Qtsoera's
1166 675 1265 734 adbuc,-

225 772 337 827 quoerere
355 757 425 808 enirn
442 756 554 808 dicimur
569 753 726 819 defunctos,
745 771 858 825 quorum
870 754 994 808 desiderio
1013 766 1141 806 tenemur.
1161 753 1267 820 Noster,

225 835 310 889 Theb.
324 837 376 903 Xl,
390 837 455 890 ²63:

412 979 469 1026 Eece
478 976 558 1026 aderat
566 977 644 1033 luctu,
654 941 805 1039 dicturusque
813 905 954 1024 onidiidbedlli

411 1049 539 1106 libertate,
550 1051 641 1095 Creon:
652 1049 698 1093 urit
707 1047 756 1093 lera
766 1047 836 1094 corda
846 1049 992 1094 Menoeceus:

412 1119 477 1166 Nulla
487 1121 547 1181 patri
556 1119 663 1182 requies:
673 1116 737 1164 illum
747 1119 877 1181 quaeritque
886 1128 1010 1180 tenetqoe;

227 1213 377 1266 Menoeceus
387 1217 470 1281 enim,
478 1191 600 1266 Creontis
610 1212 692 1278 lilius,
702 1215 818 1286 seipsum
829 1212 968 1266 occiderat.
981 1209 1093 1264 Martial.
1103 1211 1141 1276 X,
1152 1227 1224 1276 tur,
1234 1209 1266 1264 de

228 1293 332 1346 Rabirio
347 1298 393 1366 qui
406 1309 529 1367 petentes
543 1307 741 1365 composuerat:

412 1391 459 1436 llos
468 1402 547 1436 tamen
555 1401 581 1436 ut
590 1389 670 1452 primis
678 1401 757 1451 raptos
765 1389 809 1434 sibi
818 1391 902 1452 querit
910 1391 935 1434 in
943 1389 1021 1435 annin

443 1455 573 1522 improbius
582 1457 639 1506 nibil
648 1457 683 1506 liis
692 1457 784 1505 fletibus
793 1473 842 1506 esse
850 1471 935 1522 potest.

228 1545 372 1620 Distinguit
384 1549 498 1615 Plinius,
512 1551 594 1621 Epist.
607 1549 657 1615 Vl,
672 1567 703 1615 a,
720 1549 819 1601 «Soleo
831 1567 1023 1622 nonnunquam
1038 1553 1065 1602 in
1078 1550 1183 1622 judiciis
1197 1565 1267 1619 qun-

229 1647 285 1681 rere
296 1631 333 1681 M.
346 1630 487 1702 Regulum
500 1630 563 1682 nolo
575 1631 645 1681 enim
657 1627 743 1680 dicere
755 1627 915 1681 desiderare.
927 1632 981 1683 Cur
992 1647 1056 1702 erqo
1068 1631 1176 1703 quero?
1186 1627 1268 1681 urbe

229 1707 275 1760 bet
289 1708 382 1764 studiis
396 1711 542 1776 bonorem,
557 1710 681 1776 timebat,
694 1707 826 1782 pallebat,
840 1709 1002 1762 scrihebat..

266 1849 308 1902 56.
327 1853 399 1906 Nota
413 1863 464 1906 tuo.
479 1854 563 1906 'l'otus
577 1854 651 1907 locus
664 1855 701 1905 sic
715 1851 809 1906 babet:
827 1854 904 1906 rNec
915 1855 1000 1925 pietas
1014 1854 1065 1908 alia
1079 1851 1179 1907 esttibi
1192 1867 1268 1904 curt·

231 1945 281 1998 que
296 1943 380 1995 netas,
397 1931 438 1983 Sic
456 1946 486 1984 ιιι
502 1947 585 1986 mater
602 1951 690 1998 arnas,
707 1935 744 1985 sic
755 1950 892 2006 nunquam
904 1932 985 1985 eorde
998 1932 1096 1985 recedit
1109 1931 1180 1985 Nate
1190 1945 1266 1983 tuo·

159 2031 162 2038 =
230 2006 281 2058 Sed
294 2011 353 2081 quis
370 2011 439 2064 ferre
452 2025 540 2085 potest
550 2013 619 2065 hune
632 2012 772 2065 barbaram
785 2015 946 2084 positionem
957 2031 1052 2066 vocum
1070 2024 1139 2064 notoe
1152 2025 1179 2064 et
1190 2009 1269 2062 nete?

231 2088 364 2158 conjicio,
375 2093 430 2143 «sic
441 2111 576 2164 nunquam
585 2093 666 2145 corde
675 2093 776 2146 recedit
784 2093 830 2146 llla
841 2107 902 2155 tuo;
911 2117 922 2142 ιι
932 2091 961 2144 ri
971 2105 1035 2146 nata
1044 2091 1216 2145 videturesse
1227 2107 1270 2142 ex·

230 2165 337 2237 plicatio
360 2172 510 2242 marginalis
530 2172 573 2226 roi
592 2171 656 2239 illu,
677 2176 704 2224 in
723 2188 890 2241 contextam,
913 2186 943 2225 ut
963 2173 1094 2245 sepelit,
1112 2168 1269 2244 posteaad·

230 2247 326 2307 missu
340 2249 390 2299 nisi
402 2249 452 2300 sub
462 2268 526 2302 voce
538 2251 610 2302 Nata
620 2249 703 2306 lateat
715 2254 850 2324 'proprium
861 2271 960 2306 nomen
969 2251 1049 2324 hujus
1065 2250 1177 2325 puelle,
1192 2251 1254 2301 Caio
1261 2286 1270 2314 ,

230 2323 272 2376 rel
281 2325 333 2380 tale
345 2328 488 2400 quidpiam.
500 2329 551 2382 Sed
562 2328 614 2381 boc
624 2333 828 2385 incertissimum
839 2347 891 2396 est;
902 2335 996 2384 certius
1007 2331 1088 2396 illud,
1100 2329 1169 2382 hanc
1181 2339 1271 2380 natam

231 2422 284 2455 nou
304 2425 360 2460 esse
378 2410 460 2480 ipsius
476 2408 590 2462 Claudite
608 2409 705 2480 liliam,
724 2411 772 2465 sed
789 2411 871 2464 filiam
889 2413 986 2483 prioris
1003 2413 1087 2463 meriti
1105 2407 1220 2462 Claudiae
1239 2425 1271 2460 ex

231 2487 320 2556 priore
333 2505 427 2552 urore;
439 2491 506 2544 adeo
516 2505 546 2542 ut
556 2491 666 2544 Claudia
678 2511 788 2546 noverea
797 2505 901 2545 ιιιιιιιιιι
910 2492 973 2545 huic
981 2491 1072 2564 puelle
1082 2491 1168 2542 luerit.
1178 2491 1270 2558 Quum

232 2567 310 2636 igitur
323 2568 420 2622 Statius
432 2569 511 2637 dicit,
526 2573 603 2624 «Nec
617 2575 701 2643 pietas
718 2573 769 2625 alia
787 2585 826 2624 est
841 2572 890 2623 tibi
907 2589 1022 2644 curaque
1035 2583 1137 2637 nate,·
1153 2567 1272 2641 intellige

232 2657 298 2695 nate
310 2644 392 2712 illitu,
404 2666 449 2700 seu
457 2649 550 2720 prioris
559 2649 647 2700 mariti
654 2685 663 2712 ‚
673 2648 706 2700 de
717 2667 770 2720 quo
781 2649 940 2720 loquebatur
949 2649 1035 2702 verbis
1046 2646 1271 2720 precedentibus3

232 2735 306 2794 petet
317 2723 369 2776 boe
378 2745 409 2778 ex
421 2729 491 2791 istis,
507 2729 569 2781 «stc
581 2741 611 2780 ιιι
622 2739 705 2781 mater
716 2747 802 2790 ames;
813 2751 824 2776 ιι
839 2729 966 2800 quidnam
977 2731 1046 2781 enim
1059 2730 1181 2782 ommium
1192 2739 1272 2791 estet,

233 2806 255 2857 si
268 2804 376 2858 Claudia
392 2823 490 2861 amaret
504 2827 577 2862 suum
592 2807 671 2860 liliam
688 2821 718 2861 ιιι
731 2811 831 2860 mater?
846 2827 936 2860 nonne
951 2828 1043 2862 omnes
1057 2823 1154 2862 matres
1165 2808 1217 2861 boc
1231 2809 1271 2860 la·

233 2886 325 2938 ciunt?
338 2887 389 2940 Sed
402 2888 465 2940 dieit
476 2889 590 2956 Statius,
602 2891 660 2960 Tu,
672 2889 733 2941 licet
747 2906 855 2942 nouerca
869 2901 986 2950 tautum,
1001 2907 1073 2941 amas
1086 2887 1165 2939 liliam
1178 2887 1273 2957 prioris

234 2967 321 3018 mariti
334 2977 464 3032 atrociter,
478 2969 554 3040 quasi
565 2981 649 3021 mater
659 2987 744 3034 esses,
756 2986 811 3019 non
824 2985 940 3019 nouerca.
952 2969 993 3018 lta
1004 2965 1119 3028 Plinius,
1132 2965 1215 3036 Epist.
1231 2967 1272 3026 lv,

238 3062 283 3115 19:
302 3069 314 3093 ι
323 3048 411 3115 Quum
425 3053 459 3099 sis
473 3051 577 3119 pietatis
592 3048 758 3120 exemplum,
771 3049 932 3118 fratremque
945 3047 1074 3117 optimum
1086 3057 1112 3096 et
1124 3045 1274 3095 amentissi-

234 3141 306 3176 mum
314 3128 353 3178 tui
362 3129 419 3198 pari
429 3131 538 3182 caritute
546 3128 679 3196 dilexeris,
689 3128 820 3199 filiamque
827 3129 884 3197 ejus
893 3138 922 3178 ut
928 3139 1001 3178 tuam
1008 3124 1116 3196 diliges,
1125 3135 1176 3175 etc.
1188 3146 1200 3169 ι
1215 3121 1273 3177 ct·-

234 3203 288 3255 rius
297 3203 349 3256 boe
359 3207 498 3279 apparebit
508 3228 539 3262 ex
547 3221 611 3261 nota
621 3209 797 3280 subsequente
806 3205 880 3279 (vide
889 3208 968 3258 etiam
976 3207 1037 3257 Ver.
1046 3207 1117 3257 Lect.
1128 3222 1168 3255 vs,
1178 3202 1240 3272 57);
1249 3217 1274 3254 et

233 3281 379 3336 notandum
392 3300 463 3352 erat,
477 3291 539 3358 quia
554 3289 684 3338 anemine
695 3287 783 3340 adbuc
795 3286 978 3351 observatum,
990 3297 1037 3336 aut
1048 3281 1221 3335 intellectam.

270 3423 313 3474 60.
328 3425 387 3478 Heu
399 3429 527 3482 concillo
539 3429 598 3482 terit
609 3429 687 3481 viduo
699 3428 832 3502 quodsolo
845 3427 923 3480 cubili
937 3427 1010 3493 oria,
1020 3429 1076 3498 jem
1087 3424 1208 3496 pulcltroe
1221 3423 1276 3474 terit

235 3501 377 3572 infecunda
381 3509 513 3580 juvente!
524 3507 740 3560 Mendosissirnus
753 3509 844 3574 locus,
856 3527 934 3580 quern
948 3506 1105 3568 Getarum,
1119 3505 1213 3575 Papio.
1228 3505 1275 3554 Le-

235 3581 315 3634 ction.
328 3585 364 3636 lll
372 3623 381 3648 ,
397 3587 443 3653 14,
455 3588 492 3637 ite
504 3585 664 3656 selingebat,

421 3685 472 3728 lleu
482 3683 589 3730 nantilla
599 3685 653 3730 terit
662 3683 757 3730 viduum
766 3682 829 3746 quod
838 3682 885 3728 tola
895 3682 972 3729 cubile
983 3685 988 3728 !

420 3755 470 3799 Otia
481 3765 526 3800 tam
536 3753 638 3816 pulchre
647 3756 701 3801 terit
710 3753 832 3802 infecunde
839 3754 949 3815 juventae.

235 3841 362 3895 Gruterus
373 3845 398 3894 in
408 3842 530 3909 Selredis,
542 3844 637 3917 quibos
648 3845 772 3897 utebatur
779 3843 945 3906 Gronovius,
958 3843 1038 3894 eterit
1049 3840 1128 3892 viduo
1140 3839 1213 3910 quod
1225 3837 1277 3890 sola

236 3922 317 3976 cubili
327 3923 389 3976 otia
399 3939 451 3976 torn
461 3923 577 3994 pulchra·
588 3944 649 3977 vere
661 3923 800 3978 infecunda
810 3925 933 3993 juventas.
945 3947 955 3970 ι
969 3923 1085 3975 Gronov.
1097 3921 1183 3971 Diatr.
1194 3939 1219 3970 c.
1231 3916 1278 3980 35,

237 4021 261 4058 ut
276 4005 385 4059 Elcnrh.
398 4005 536 4060 Antidlutr.
553 4027 575 4059 e.
591 4009 621 4069 5,
635 4005 713 4078 legit,

1404 3939 1408 4034 l
