2858 4492
170 391 266 412 mm
270 389 507 411 mmm
512 391 605 411 Wuw
609 393 749 413 ΜΝ
753 394 942 415 mmmm
948 397 1218 420 nmwvwwwwus

599 603 790 699 NOTAE

199 851 253 926 IN
273 845 500 924 CARMEN
518 845 768 921 TERTIUM
786 849 1191 930 LIBRI·SECUNDI

570 1065 819 1130 SILVARUM.

171 1597 245 1647 vm.
261 1611 285 1645 2.
298 1557 421 1644 Rononn
438 1591 470 1642 ab
485 1590 538 1644 imo
554 1593 667 1644 Curvnta
682 1592 707 1642 in
725 1592 818 1657 nodos,
835 1605 884 1644 etc.
902 1593 988 1646 Robur
1000 1593 1052 1646 hoe
1068 1592 1129 1647 loco
1146 1527 1216 1646 idedlr

173 1690 211 1728 eat
220 1673 292 1746 qnod
304 1685 423 1727 trencin:
437 1685 466 1723 ut
477 1670 586 1724 Glaneie
599 1672 685 1725 Atedii
695 1691 732 1724 ve.
746 1690 806 1740 ror,
817 1686 844 1724 et
854 1672 939 1726 Theb.
952 1675 1001 1740 tx,
1015 1675 1074 1729 585.
1088 1675 1159 1728 Nodi
1170 1678 1217 1748 qni

173 1758 224 1808 rint
235 1758 262 1807 in
274 1754 416 1808 arboribus
426 1753 510 1824 quivit
522 1752 651 1824 intelligat
662 1753 701 1806 vel
713 1774 744 1807 ex
755 1753 808 1806 hoc
820 1755 881 1807 loco
894 1755 961 1807 Plin.
975 1755 1048 1821 xvt,
1061 1756 1109 1809 38:
1125 1755 1216 1808 nunde

171 1835 391 1908 deprehenditur,
402 1851 436 1884 an
449 1845 516 1884 torta
528 1834 561 1884 sit
570 1836 704 1898 materies,
718 1833 848 1904 nodisque
859 1838 974 1887 concisa.
986 1859 997 1882 ι
1012 1836 1098 1888 Arbor
1109 1849 1216 1889 corvata

172 1918 199 1968 in
213 1915 294 1969 nodos
308 1927 345 1966 eet
361 1929 419 1983 quie
433 1923 572 1964 curvatura
586 1913 664 1966 nodos
677 1910 773 1984 efficit,
790 1925 819 1963 ut
832 1911 908 1984 digiti
922 1924 1063 1966 curvantur
1077 1914 1104 1966 iu
1120 1933 1216 1988 unques

171 1995 241 2070 apud
255 1993 333 2048 Ovtd.
348 1993 412 2045 Met.
427 1993 464 2056 X,
478 1993 547 2062 699;
567 1991 629 2045 lune
644 2006 750 2046 curvata
765 1995 793 2045 in
807 2012 922 2060 comeo,
937 1995 1003 2046 Plin.
1018 1997 1083 2059 Hist.
1099 1997 1160 2047 Nnt.
1177 1997 1216 2062 ll,

171 2075 201 2142 3,
216 2088 241 2128 et
254 2073 388 2140 xxxvii,
404 2089 448 2134 ιο,
462 2073 535 2143 virg.
550 2072 652 2126 AEneid.
667 2076 715 2138 ill,
730 2072 805 2127 533:-
817 2087 962 2126 ueneratus
977 2075 1004 2128 in
1019 2093 1119 2127 arcum.
1130 2100 1141 2122 ι
1158 2077 1215 2126 Hoc

169 2175 233 2208 vero
239 2167 321 2224 pacto
329 2150 447 2204 abundat
453 2151 566 2223 aliquid3
579 2155 677 2224 quippe
688 2156 750 2207 satie
758 2153 915 2206 erntdirisse
928 2173 1004 2226 aquae
1012 2155 1046 2205 ab
1054 2158 1108 2207 imo
1118 2165 1214 2207 trunco

170 2251 293 2301 curvata,
307 2233 400 2288 exinde
417 2237 501 2304 surgit
513 2247 616 2286 reeta.»
635 2237 704 2306 Lege
722 2248 748 2286 et
761 2235 909 2306 distingne,
929 2239 987 2290 .En
1004 2237 1100 2289 robore
1115 2235 1148 2288 ab
1161 2239 1213 2288 imo

169 2317 298 2382 mnata,
311 2314 403 2368 enodis
412 2313 481 2367 redit
495 2314 571 2381 inde,
585 2317 722 2367 cacumine
734 2329 806 2367 recto
818 2315 916 2369 Ardua.
928 2342 939 2364 n
956 2319 1014 2369 ,lam
1027 2317 1080 2369 dno
1094 2316 1166 2369 vides
1179 2317 1215 2368 ob

168 2415 227 2468 qnae
240 2395 310 2448 liano
323 2394 443 2446 arborem
459 2392 563 2458 laudat,
578 2393 651 2466 quod
664 2405 732 2445 rectu
744 2409 770 2446 et
787 2395 859 2465 quod
873 2395 968 2448 enodis.
984 2396 1061 2448 Clare
1073 2397 1214 2448 confirma-

170 2491 212 2527 tnr
224 2474 280 2527 haec
291 2474 422 2525 restitutio
435 2491 501 2524 rere.
515 2473 563 2541 57:

558 2596 563 2608 .
573 2595 578 2606 .
588 2593 594 2606 .
606 2561 712 2608 tandein
722 2561 820 2608 eluctata
830 2562 874 2608 eni»
883 2577 950 2608 aurai

354 2633 462 2678 libratur
470 2631 557 2686 fando,
568 2647 694 2695 mraurqno
705 2632 781 2678 enode
790 2647 900 2680 cacumen

355 2705 476 2766 logenton
485 2702 558 2758 levat,
568 2703 642 2750 veluti
649 2703 775 2752 deaeendnt
785 2705 875 2750 ininius

357 2776 430 2837 stirpe
439 2774 503 2821 laeuo
512 2773 564 2819 alia.

168 2875 233 2942 Quo
248 2873 309 2925 loeo
323 2873 389 2924 idern
402 2873 466 2926 dicit
480 2873 551 2945 qnod
564 2873 621 2939 hic,
636 2876 744 2926 mutatis
759 2887 861 2926 tantum
874 2871 969 2925 verbis.
984 2875 1089 2924 Rectam
1104 2871 1172 2924 hanc
1187 2887 1213 2925 et

166 2955 223 3006 sine
241 2953 317 3006 nodis
335 2951 526 3021 elevationem,
549 2955 656 3006 enodem
678 2964 790 3006 tenorem
813 2954 946 3022 eleganter
964 2964 1042 3004 vocat
1059 2951 1125 3002 Plin.
1144 2954 1210 3004 Hirt.

166 3035 228 3084 Nat.
243 3035 275 3100 ll,
291 3051 314 3100 ι,
326 3031 359 3084 de
372 3046 460 3086 monte
473 3032 594 3086 Atlante:
613 3055 623 3078 a
634 3033 820 3102 proceritatem
833 3029 1003 3102 spectabilem
1016 3047 1073 3082 esee
1085 3028 1164 3081 enodi
1176 3042 1212 3081 te-

166 3131 232 3165 nore
238 3133 246 3178 3
257 3137 269 3161 ι
281 3115 318 3166 ita
328 3115 437 3164 omnino
447 3111 587 3185 legendnm
597 3125 663 3183 pnto
672 3131 722 3183 pro
732 3111 810 3163 ettodi
819 3113 915 3176 nitore,
929 3107 1003 3182 quod
1013 3107 1091 3178 vulgo
1102 3107 1211 3162 obtinet.

166 3193 305 3248 Claudian.
318 3197 396 3266 Rapt.
411 3196 483 3246 Pron.
496 3195 545 3258 lli,
558 3193 624 3263 359:

633 3317 638 3327 .
650 3318 654 3327 .
665 3318 670 3327 .
682 3280 816 3328 .⁸nccidere
825 3281 906 3346 pium,

353 3353 382 3397 Et
391 3351 462 3413 ungit
472 3351 559 3398 enodet
568 3365 678 3414 properat
687 3363 836 3415 prosternere
845 3351 939 3404 cedros,

353 3423 509 3485 Exploretque
518 3421 596 3470 obienr
606 3437 713 3480 truncor,
723 3423 828 3486 rectique
839 3437 943 3470 tenorem

353 3493 449 3556 stipitis.

205 3646 242 3712 ¹l·
263 3645 360 3698 Coeliea
375 3655 441 3698 tecto
455 3645 537 3698 subit.-
558 3646 592 3698 ibi
607 3646 710 3698 dmum
726 3647 793 3699 vieta
810 3644 904 3698 labore.
922 3647 969 3695 Pro
984 3643 1077 3696 celion
1093 3655 1163 3696 tecta
1178 3645 1210 3694 N.

163 3725 289 3775 Heinsius
304 3720 339 3774 ad
352 3721 430 3776 ovid,
446 3725 516 3776 Fast.
531 3724 577 3788 lV,
591 3723 653 3794 375,
668 3723 767 3777 mavult
782 3723 861 3776 Caelio
877 3733 959 3788 tecta,
973 3734 1002 3773 ut
1016 3723 1112 3774 vitetur
1126 3719 1212 3772 ambi-

161 3803 257 3870 guitas.
269 3801 321 3856 sed
338 3821 372 3853 ne
387 3815 502 3856 metuat:
519 3805 632 3874 primum
646 3805 715 3855 enim
733 3802 840 3856 euticus
852 3820 904 3872 pro
918 3799 1028 3854 eatenis
1042 3819 1095 3851 non
1111 3811 1150 3852 est
1164 3800 1211 3849 aeri

163 3881 286 3950 Statiani,
298 3883 345 3935 sed
357 3883 442 3936 tnnlto
454 3885 597 3937 inferioris.
611 3883 714 3937 Deinde
725 3879 804 3936 tto'ns
818 3883 912 3937 Coelius
921 3900 971 3953 per
983 3899 997 3932 o
1010 3883 1065 3933 lere
1075 3879 1211 3939 scribitur;

162 3959 254 4015 culum
265 3983 328 4017 vero
339 3982 387 4035 per
396 3987 412 4018 a
423 3963 648 4037 quemadmodum
659 3967 686 4016 in
698 3965 807 4036 Virgilio
818 3983 866 4016 ano
878 3980 982 4034 semper
993 3961 1129 4012 Heinsinsr
1143 3955 1214 4008 unde

164 4045 282 4112 arquitur
293 4043 340 4096 lias
353 4065 431 4098 voees
444 4045 546 4097 coelr'cur
558 4058 582 4096 et
595 4045 698 4099 coelt'cus
709 4043 836 4097 conitutdi
849 4063 902 4096 non
916 4042 1043 4113 potuisse.
1055 4037 1141 4108 Major
1151 4035 1213 4087 mihi
