2784 4484
190 302 265 396 xxvj
566 300 852 364 MARKLANDI

189 432 357 508 cbiepiscopi
377 425 605 500 suisbmgensts,
626 423 843 479 membranaceo.
862 427 920 480 Nic.
940 427 1067 482 Heinsius
1088 445 1119 482 er
1138 434 1226 487 MSS.¹

188 529 259 599 (non
271 524 338 579 dicit
348 519 463 598 quihus)
475 515 608 573 nonnulle
619 514 678 572 loce
690 516 824 573 emendat.
837 521 879 572 Fr.
892 516 1049 596 Tiliohroga
1060 523 1229 580 mentionem

187 619 253 675 facit
266 614 375 672 Codicis
387 612 535 681 Puteanei,
550 607 662 665 alterius
675 610 733 665 Nic.
749 609 845 678 Fabri,
861 612 942 665 unius
956 615 983 664 P.
999 615 1100 668 Patavii
1107 623 1126 666 ².
1142 616 1230 672 Facile

187 732 252 769 vero
263 709 323 766 fieri
334 717 439 784 potest,
453 717 485 761 ut
494 703 600 779 aliquot
611 722 644 759 ex
655 703 698 758 hia
709 705 757 778 qui
769 703 885 758 diversis
899 704 1059 762 nominibus
1073 727 1089 762 a
1100 711 1168 764 viris
1179 709 1229 764 do.

187 809 236 862 ctis
248 799 429 880 appellantur,
440 799 495 853 sint
506 815 577 854 unus
590 807 696 851 tantum
705 796 834 873 idemque
847 797 952 868 Codex,
964 798 1076 855 titulum
1087 820 1151 856 cum
1163 822 1230 880 pos-

187 915 291 955 sessore
303 906 420 948 mutans.
431 896 523 946 Exstat
534 902 624 944 tamen
634 891 663 945 in
675 887 843 945 Bibliotheca
851 890 1035 947 Christianiss.
1045 898 1125 970 Regis
1135 893 1229 952 Galliae

186 992 277 1048 Codex
293 988 357 1044 satis
369 988 497 1062 antiquus
510 985 607 1040 barum
624 969 783 1059 sylvarum,
799 997 883 1061 prout
897 1005 942 1040 me
957 990 1067 1043 monuit
1078 1008 1093 1042 a
1104 993 1228 1066 peregri.

186 1085 345 1142 nationibus
354 1078 439 1134 redux
448 1081 492 1136 vir
501 1077 703 1134 eruditissimus
710 1078 830 1133 Thomas
839 1077 987 1149 Bentleius,
997 1084 1025 1135 L.
1034 1086 1061 1136 L.
1070 1087 1102 1139 D.
1110 1095 1167 1140 tam
1178 1102 1228 1140 suo

186 1201 269 1259 quam
281 1183 372 1236 Patrui
384 1177 495 1234 nomine
506 1173 577 1229 bene
585 1178 642 1249 jam
654 1183 750 1243 notus,
762 1183 788 1228 et
800 1172 865 1228 olim
878 1174 1040 1233 noscendus.
1051 1181 1138 1252 liujus
1147 1174 1229 1233 colla.

185 1279 289 1331 tionem
301 1293 333 1328 ex
344 1275 447 1346 majore
462 1279 539 1344 parte
554 1270 613 1344 ipsc
624 1269 736 1322 Lutetia
750 1284 924 1322 commorans
938 1266 1103 1336 absolverat;
1121 1270 1168 1326 sed
1186 1274 1227 1325 in-

184 1358 307 1425 fortunio‘
315 1385 377 1421 meo
386 1363 501 1420 schedas
512 1366 603 1416 Romae
612 1358 772 1435 reliquerat:
783 1372 809 1416 ct
820 1359 929 1436 longius
939 1374 1109 1437 processerat
1117 1363 1225 1441 prelum

184 1481 267 1538 quam
282 1471 313 1516 ut
327 1455 470 1514 commode
486 1467 514 1510 et
531 1467 635 1508 mature
647 1455 768 1519 intimis
782 1455 890 1509 Parisiis
906 1473 1015 1531 possem
1032 1475 1181 1512 accersere:
1196 1461 1225 1513 in

184 1573 240 1630 quo
252 1565 340 1608 tamen
353 1567 466 1626 operam
481 1565 558 1603 suam
569 1548 655 1600 amice
670 1558 799 1622 praestare
811 1558 922 1623 paratus
934 1560 992 1602 erat
1006 1550 1050 1603 vir
1060 1547 1225 1605 benevolen-

182 1650 314 1703 tissimus.
331 1647 360 1701 Si
374 1662 440 1699 vero
455 1641 537 1715 hujus
549 1639 657 1696 Codicis
674 1637 820 1715 aliquando
836 1659 950 1717 compos
965 1639 1059 1710 fuero,
1076 1654 1103 1697 et
1117 1645 1140 1698 ai
1156 1647 1225 1699 tanti

183 1741 331 1809 videbitur,
343 1742 428 1792 Curae
439 1733 577 1790 Secundae
589 1732 654 1788 huic
666 1735 745 1808 operi
756 1751 813 1788 non
824 1733 929 1809 pigebit
939 1734 1107 1810 impendere,

220 1929 257 1978 Ex
271 1922 315 1976 his
332 1939 396 1974 vcro
412 1918 514 1986 Libris,
528 1937 598 1993 quos
615 1935 695 1994 supra
712 1921 880 1986 memoravi,
897 1921 926 1972 in
941 1917 1008 1974 locis
1022 1917 1225 1978 difficilioribus

182 2031 207 2071 cr
225 2014 370 2070 manifesto
386 2012 539 2087 depravatis
556 2029 619 2065 raro
636 2010 789 2086 quidquam
803 2023 850 2066 aut
867 2010 985 2066 multum
1001 2011 1108 2078 auxilii;
1127 2017 1224 2091 saepius

181 2107 296 2164 nullum.
307 2110 344 2160 Ex
354 2122 408 2182 qua
418 2103 621 2180 conspiratione
630 2120 743 2178 possum
753 2102 931 2171 concludere,
940 2115 987 2158 aut
997 2103 1095 2160 menda
1105 2108 1224 2162 Statiano

181 2199 331 2256 admodum
341 2207 447 2250 vetusta
457 2213 529 2264 csse,
542 2205 588 2248 aut
597 2193 727 2263 Codices,
739 2194 881 2271 exquibus
891 2194 1079 2272 profluxerunt
1089 2210 1225 2276 quotquot

180 2306 285 2350 exstant
296 2291 395 2346 harum
405 2288 556 2366 Sylvarum*
563 2287 741 2365 exemplaria,
757 2308 814 2343 non
828 2289 913 2344 fuisse
928 2288 1006 2344 valde
1018 2303 1156 2347 vetustos:
1173 2293 1223 2348 hos

180 2405 247 2442 vero
260 2405 316 2440 non
328 2383 397 2440 adeo
408 2391 532 2438 vetustos
546 2379 632 2437 fuisse
644 2381 710 2437 hinc
724 2379 837 2458 colligo,
853 2381 929 2457 quorl
940 2381 1076 2460 pleraque
1091 2383 1222 2462 deprava·

180 2485 268 2537 uoncs
282 2484 341 2555 ejus
358 2480 465 2554 generis
478 2489 556 2546 sunt,
573 2489 602 2532 ut
618 2479 662 2532 vix
677 2475 815 2553 proficisci
827 2481 966 2553 potuerint
980 2481 1032 2534 nisi
1044 2500 1059 2534 a
1070 2479 1222 2541 Librismi-

179 2587 247 2632 tauto
258 2575 427 2641 charactere,
440 2591 489 2628 seu
500 2571 808 2646 literisLongobardicis
818 2574 867 2646 (ut
877 2571 960 2648 vulfio
970 2573 1114 2647 dicuntur)
1126 2595 1223 2632 conce·

179 2673 249 2748 ptis:
265 2670 318 2724 hoc
329 2686 394 2724 vero
407 2665 544 2722 scribendi
555 2685 642 2742 genus
654 2677 717 2721 ante
729 2665 859 2724 saeculum
871 2686 887 2722 a
899 2667 1008 2724 Christo
1019 2679 1084 2724 nato
1095 2683 1223 2728 octavum

178 2761 223 2816 vel
240 2779 345 2816 nonum
360 2778 416 2814 non
432 2757 583 2813 obtinuisse
600 2769 702 2812 norunt
715 2757 830 2814 Eruditi.
843 2764 881 2816 Ex
894 2759 1053 2834 hujusmodi
1067 2760 1168 2820 Codice
1179 2762 1224 2819 vel

178 2855 324 2911 Codicihus
336 2853 499 2930 transcripta
510 2871 569 2908 csse
581 2865 717 2930 quotquot
728 2865 834 2910 exstant
846 2853 990 2931 Sylvarum
1002 2856 1166 2934 exemplaria
1176 2856 1223 2912 ad-

178 2949 293 3008 modum
304 2944 452 3006 verisimile
463 2958 517 3016 cst,
529 2947 592 3021 quia
605 2943 729 3036 plurimae
743 2966 823 3003 voces
836 2950 865 3004 in
876 2949 941 3006 alias
953 2949 1139 3026 demigrarunt
1150 2951 1223 3004 sirni-

178 3040 294 3096 litudine
310 3041 443 3098 ductuum
459 3037 565 3094 calami.
582 3042 620 3093 lta
634 3041 697 3094 bibit
710 3058 760 3116 pro
775 3041 851 3094 tulit:
867 3042 997 3116 quoniam
1012 3039 1107 3094 calami
1123 3038 1222 3096 ductus

177 3135 206 3188 in
223 3145 338 3209 utroque
354 3131 487 3188 vocabulo
502 3132 586 3187 iidem
601 3150 677 3207 paene
696 3143 774 3199 sunt,
793 3133 816 3186 si
831 3133 884 3186 isto
899 3130 1054 3188 charactere
1071 3131 1220 3198 scribarum

178 3228 264 3302 magis
271 3225 386 3294 diversi,
396 3228 419 3280 si
429 3223 514 3280 literis
525 3223 678 3281 uncialibus
688 3225 879 3298 concipiantur
889 3241 969 3278 voces
980 3226 1057 3294 bibit,
1069 3225 1138 3280 tulit.
1146 3225 1221 3282 idem

177 3317 324 3374 dicendum
335 3317 371 3372 dc
382 3319 427 3369 tibi
437 3335 488 3391 pro
499 3318 555 3370 bibe
564 3314 635 3392 Sylv.
646 3321 680 3384 V,
694 3335 717 3368 2.
729 3316 772 3369 Sic
785 3316 866 3368 turbes
875 3333 927 3390 pro
938 3319 1035 3389 linque,
1046 3335 1133 3391 quum
1143 3329 1220 3372 curet

176 3415 215 3464 tin
226 3409 302 3465 idem
314 3409 383 3476 sint,
396 3408 484 3461 ivero
495 3415 548 3480 etp
559 3407 706 3480 sepissime
718 3397 917 3480 pervertantur.
930 3410 970 3460 lta
981 3419 1052 3462 terre
1062 3427 1113 3484 pro
1126 3429 1220 3472 eervoe,

175 3521 262 3577 quum
275 3513 321 3554 tet
332 3521 345 3553 e
355 3495 500 3554 simillimae
512 3500 582 3566 sint,
594 3509 621 3552 et
630 3498 683 3552 nisi
696 3516 776 3555 sensu
786 3499 830 3552 vix
840 3497 1046 3576 dignoscendas:
1060 3499 1219 3556 dissimilio-

207 3725 213 3750 ¹
231 3719 263 3765 Es
271 3717 341 3765 eodd.
350 3717 467 3762 Vaticanis
476 3728 584 3778 quatuor.
596 3713 655 3760 Vide
665 3713 759 3762 Eleneh.
775 3717 897 3779 Scriptura
907 3719 1036 3780 compend.
1047 3731 1070 3766 et
1078 3717 1162 3782 Syllcfl.
1174 3719 1216 3780 Ep.

175 3811 230 3846 tom.
241 3801 275 3856 V,
285 3814 325 3862 pp.
338 3797 395 3854 532,
407 3795 459 3858 537.

206 3903 214 3926 ¹
233 3917 242 3938 ι
252 3897 280 3942 lli
290 3895 358 3942 codd.
369 3909 417 3941 non
427 3893 505 3958 Sylraa
515 3895 647 3949 continent,
657 3893 699 3940 aed
708 3892 855 3941 Thebaidem.
866 3915 876 3936 ι
895 3897 971 3942 littera
