2804 4490
346 213 1042 492 alcmeon

416 677 603 766 LIBER
633 676 974 826 SEQUNDUS.

1129 967 1215 978 ..η-η

203 1137 205 1142 ¹
316 1215 672 1314 EPISTOLA
701 1219 749 1312 P.
773 1219 820 1310 P.
847 1216 1083 1312 STATII

398 1491 459 1554 AD
483 1489 745 1555 MELIOREM
769 1489 1001 1553 ATEDIUM.

649 1761 752 1786 a*—

181 2059 245 2164 E‘r
260 2091 469 2168 familiaritas
482 2107 615 2176 nostre,
634 2114 700 2186 que
717 2088 862 2183 gaudeo,
882 2087 1001 2160 Melior
1013 2092 1065 2157 vir
1078 2091 1219 2182 optime,
1258 2129 1267 2161 ι

180 2202 367 2276 meminus
378 2201 549 2296 injudicio
560 2199 747 2282 literarum,
757 2202 907 2295 quamin
918 2202 1011 2272 omui
1021 2202 1097 2272 vitae
1110 2197 1221 2272 colore

180 2317 380 2396 tersissime,
397 2329 433 2388 et
449 2317 523 2408 ipss
535 2314 778 2408 opusculorum
794 2338 871 2409 qum
885 2313 946 2384 tibi
963 2311 1060 2384 trado
1075 2313 1222 2384 conditio

181 2425 230 2491 sic
240 2427 347 2517 posite
361 2442 424 2508 est,
436 2441 475 2492 ut
486 2442 576 2494 totns
588 2425 643 2493 hic
655 2424 740 2493 alter
751 2424 835 2492 liber
846 2449 942 2493 meus
954 2428 1055 2496 etiam
1067 2428 1139 2498 sine
1150 2429 1221 2522 epi·

181 2532 495 2628 stolaexspectetur.
506 2539 655 2604 Primum
666 2538 756 2604 enim
765 2533 1045 2603 habetGlauciam
1055 2551 1221 2618 nostrum,
1257 2556 1272 2609 5

182 2642 281 2736 cnjus
293 2649 513 2736 gratissimam
525 2647 716 2730 infantiam,
731 2663 764 2715 et
778 2645 913 2741 qualem
925 2643 1126 2741 plerumque
1139 2646 1223 2714 infe-

183 2754 267 2821 lices
286 2757 476 2842 sortiuntur,
496 2758 588 2853 apud
604 2774 636 2826 te
652 2756 847 2856 complexus
865 2755 1031 2826 amabam.
1050 2762 1124 2826 Jam
1142 2781 1222 2825 vero

184 2865 249 2938 tibi
266 2863 365 2961 hujus
382 2874 494 2943 amissi
508 2873 626 2943 recens
639 2870 761 2940 vulnus
777 2875 833 2957 (ut
845 2873 926 2957 scis)
943 2867 1094 2963 epicedio
1108 2891 1222 2961 prose·

180 2991 282 3045 cotos
301 3000 394 3065 sum,
412 2980 497 3050 odeo
517 2981 728 3067 festinanter,
747 2997 787 3048 ut
804 2977 1029 3049 excusandam
1047 2977 1222 3046 habuerim

180 3087 357 3162 affectibus
375 3093 440 3163 tuis
457 3088 669 3164 celeritatem.
686 3096 755 3160 Nec
768 3113 860 3160 nunc
875 3113 949 3158 eam
965 3087 1055 3182 apud
1071 3103 1105 3156 te
1114 3083 1221 3182 jacto,
1244 3125 1274 3160 ιο

181 3201 240 3290 qni
259 3203 366 3284 nosti,
386 3202 445 3271 sed
464 3220 499 3270 et
514 3205 633 3270 ceteris
651 3202 780 3285 indico;
800 3225 844 3270 ne
862 3203 937 3296 quis
957 3201 1125 3294 asperiore
1143 3198 1224 3268 lima

180 3329 317 3378 carmen
333 3313 521 3394 examinet,
538 3328 572 3380 et
587 3336 608 3382 a
623 3312 764 3380 confuso
782 3313 960 3404 scripturn,
976 3325 1009 3377 et
1024 3307 1149 3378 dolenti
1165 3307 1223 3375 da-

526 3537 643 3586 VARIAE
666 3537 885 3585 ascalonas.

220 3667 246 3718 7·
266 3653 401 3706 Amabam.
416 3655 464 3708 Ed.
473 3676 513 3728 pr.
520 3655 684 3711 hebetatae·
723 3655 828 3728 santio,
846 3667 872 3710 et
884 3675 994 3730 quarum
1009 3654 1174 3728 plerumque.
1195 3655 1224 3708 A.

179 3731 250 3783 bore.
264 3731 321 3790 vid.
335 3749 392 3787 not.
407 3738 466 3788 crit.
486 3738 517 3789 A.
766 3737 790 3788 8.
811 3739 860 3787 Pro
874 3738 934 3804 tibi,
948 3735 989 3788 ed.
1001 3755 1041 3808 pr.
1056 3754 1116 3788 non.
1137 3737 1167 3788 A.

217 3827 241 3860 2.
261 3811 309 3864 Ed.
321 3831 364 3884 pr.
378 3833 459 3886 quam
470 3817 522 3872 oct't'
532 3819 590 3870 vitoe
599 3815 685 3869 colore
765 3831 790 3883 9.
810 3816 859 3864 Pro
871 3814 934 3866 adeo
941 3855 950 3882 ,
963 3814 1004 3867 ed.
1017 3835 1056 3886 pr.
1070 3815 1107 3866 ad
1116 3825 1148 3868 te.
1168 3813 1197 3864 A.

179 3887 327 3944 levissime.
348 3895 382 3944 Δ.
769 3911 808 3946 ιι.
826 3896 921 3948 Judico
934 3899 961 3947 in
975 3895 1016 3948 ed.
1030 3899 1112 3967 princ.
1126 3896 1226 3966 proin·

217 3965 242 4018 6.
261 3969 307 4020 Ed.
322 3973 410 4041 princ.
426 3974 469 4026 cui
481 3973 629 4044 qratirsimo
643 3976 684 4024 in·
731 3973 796 4025 dieo.
817 3975 848 4023 A.
