2776 4484
169 315 210 382 92
418 294 451 356 P.
476 294 512 357 P.
538 293 691 360 STATH
715 292 957 360 SILVARUM

213 422 276 487 Hic
288 433 413 488 aeterna
425 422 539 514 quies,
552 421 655 489 nullis
667 419 723 490 hic
730 419 809 514 jura
819 421 992 514 procellis,

213 529 1146 626 Nusquamfervoraquis.Damrhictransmitterevisus,
1174 550 1209 603 30

213 643 255 706 Et
266 663 383 722 vooeS,
396 656 429 708 et
439 664 537 733 paene
549 666 681 710 manus.
695 644 747 712 Sic
759 641 917 711 Chalcida
928 641 1053 714 fluctus

214 749 395 844 Expellunt
405 749 501 819 fluvii
513 778 521 819 ε
535 755 583 820 sio
595 750 773 820 dissociata
786 753 958 846 profundo

212 864 341 928 Bruttia
352 863 525 930 Sicanium·
533 865 759 954 circumspicit
770 867 830 931 ora
842 863 1008 934 Pelorum.

258 970 1211 1070 Quidprimum,mediumvecanam;quoiinequiesoem?

214 1091 399 1152 Auratasne
411 1085 597 1165 trabes‚an
609 1089 747 1152 Mauros
759 1084 910 1179 undique
922 1103 1054 1179 postes,
1175 1101 1209 1154 35

215 1198 265 1258 An
278 1195 443 1285 picturata
454 1193 601 1262 lucentia
611 1219 780 1263 marmora
791 1219 878 1262 vena

214 1306 331 1386 Mirer,
342 1328 387 1370 an
399 1308 538 1373 emissas
552 1329 612 1398 per
623 1321 745 1373 cuncta
758 1304 880 1374 cubilia
894 1306 1081 1401 nymphas?

214 1419 290 1483 Huc
301 1413 423 1500 oculis,
434 1414 503 1484 huo
514 1431 626 1484 mente
639 1416 964 1486 trahor.Venerabile
977 1416 1086 1485 dicam

213 1531 384 1595 Lucorum
396 1530 550 1597 senium?
562 1545 613 1612 te,
626 1551 703 1624 quae
714 1527 800 1598 vada
811 1527 961 1598 fluminis
973 1529 1058 1598 infra

214 1640 406 1706 Cernisian
418 1637 462 1706 ad
473 1639 574 1708 silvas
586 1663 663 1734 quae
674 1637 1118 1733 respicis‚aula,jacentes?
1177 1652 1212 1719 4ο

215 1749 291 1832 Quo
302 1747 363 1814 tibi
374 1765 446 1817 tota
457 1751 569 1843 quies,
583 1749 779 1843 offensaque
791 1749 925 1818 turbine
937 1748 1032 1819 nullo

215 1861 289 1925 Nox
300 1855 390 1941 silet,
403 1875 437 1956 ot
448 1876 583 1928 teneros
594 1861 738 1928 invitant
750 1884 926 1928 murmura
937 1884 1086 1930 somnos,

169 2095 218 2148 pro
222 2079 340 2148 junctus.
352 2107 388 2118 ·—
398 2076 466 2131 cod.
481 2081 553 2132 Urat.
567 2093 593 2132 et
605 2080 667 2132 edit.
714 2079 766 2132 ctio
777 2078 832 2131 haec
843 2080 1123 2148 asoannenriianim,
1133 2098 1216 2132 anno·

169 2175 209 2228 pr.
223 2155 308 2210 victos.
329 2157 410 2209 Hiuo.
714 2168 786 2209 tante
805 2157 943 2224 Gevartio,
963 2176 1046 2229 quum
1066 2171 1144 2210 antea
1163 2160 1218 2210 fuit

205 2237 248 2289 3ο.
266 2235 402 2310 Nusquam
407 2236 434 2308 f
444 2237 525 2310 aquis.
535 2236 603 2290 Edd.
614 2257 669 2290 om·
714 2235 856 2309 nymphas,
872 2236 947 2307 quod
958 2239 1122 2289 verissimum
1135 2252 1174 2290 est
1188 2251 1217 2290 et

170 2333 233 2367 nost
244 2315 383 2387 Nusquam
388 2315 415 2386 f
427 2317 512 2389 aquis,
523 2331 617 2387 praeter
626 2316 668 2370 ed.
713 2317 859 2368 stationum
874 2337 879 2366 :
898 2317 974 2369 etita
990 2317 1077 2368 inveni
1094 2316 1121 2366 in
1138 2315 1215 2370 editt.

170 2395 254 2466 princ.
265 2413 322 2466 quae
334 2414 395 2447 cum
407 2395 474 2449 cod.
485 2399 558 2449 Uret.
571 2395 670 2468 proebet
713 2399 801 2448 Parm.
813 2410 839 2448 ot
848 2395 924 2446 Rom.
934 2393 1001 2448 Vide
1010 2395 1078 2446 infra
1090 2393 1126 2446 ad
1134 2415 1157 2446 v.
1169 2394 1215 2463 64.

170 2475 339 2545 Numquam
359 2473 412 2525 hoc
426 2475 544 2540 restitui,
561 2471 669 2545 quando
714 2477 797 2529 -Jo.
808 2472 1216 2527 Britanicuuinannotationibu·
1313 2515 1316 2526 .

172 2552 278 2626 quidem
287 2567 369 2627 poeta
379 2554 413 2606 od
424 2556 549 2628 temporis
559 2556 671 2607 varieta-
716 2557 905 2608 commentario
927 2555 954 2606 in
973 2550 1129 2606 iuvenalem
1149 2571 1217 2624 ρηο-

170 2633 670 2706 temspectat.Cod.Urat.equis.Hm.
716 2636 802 2687 missis
821 2634 925 2705 scripsit
944 2631 1081 2706 lymphas,
1100 2630 1174 2704 quod
1188 2631 1218 2684 in

105 2728 109 2739 ¹
206 2711 249 2763 31.
271 2710 405 2766 Chalcida.
418 2711 502 2765 codd.
519 2711 596 2765 vind.
613 2711 673 2766 cal-
717 2712 813 2767 Aldina
833 2727 982 2786 receptum,
1001 2724 1138 2766 servarunt
1153 2711 1219 2764 Lin-

171 2791 264 2854 chida,·
280 2792 322 2847 ed.
334 2811 375 2864 pr.
388 2793 514 2846 calchida.
534 2795 617 2846 Hm.
637 2823 673 2834 -
717 2793 895 2866 denbrogios,
908 2793 1049 2846 Grasserus
1064 2805 1089 2844 et
1100 2791 1219 2844 Gronov.

173 2869 224 2920 Pro
234 2869 282 2936 sic,
295 2869 361 2923 cod.
375 2869 454 2923 Parii.
465 2870 547 2924 habet
557 2872 585 2924 si.
605 2873 637 2924 A.
659 2917 664 2926 .
718 2891 879 2946 quamquam
891 2872 935 2925 hic
947 2873 973 2925 in
984 2874 1067 2924 Diatr.
1079 2889 1141 2942 pag.
1157 2887 1222 2940 179,

209 2948 253 3001 3².
271 2949 366 3003 Fluvii.
380 2949 419 3002 Gi.
430 2949 516 3003 fland.
527 2953 627 3021 recepit
636 2967 673 3001 re·
719 2953 849 3026 nymphas
860 2973 917 3006 esse
929 2951 1067 3022 legendum
1083 2948 1219 3000 docuerat.

165 3026 222 3102 flui
225 3065 234 3092 ,
245 3031 333 3082 invitis
342 3030 465 3083 omnibus
474 3030 547 3083 libris
558 3032 604 3102 qui
612 3049 675 3103 μω·
719 3033 838 3084 Correxit
850 3034 929 3083 etiam
944 3031 976 3080 N.
990 3028 1119 3080 Heinsius.
1135 3027 1219 3082 Iliun.

174 3103 334 3181 bentfluvii.
354 3109 385 3159 A.
755 3111 799 3179 39.
821 3111 872 3174 Te,
891 3125 949 3180 qooe
963 3128 985 3158 v.
1002 3103 1068 3157 Edd.
1083 3123 1124 3174 pr.
1140 3103 1218 3156 Rom.

209 3182 252 3234 33.
266 3184 378 3235 Bruttia.
387 3185 675 3258 Bmtialegimrinom·
719 3192 785 3241 Ven.
800 3200 887 3259 teque,·
899 3185 1008 3236 correxit
1019 3182 1155 3234 Avantius.
1168 3183 1200 3233 fl.

174 3258 252 3312 nibus
270 3259 343 3313 libris
360 3273 385 3313 et
401 3261 462 3314 edd.
481 3278 542 3316 ante
558 3264 675 3317 Gronov.
756 3265 799 3332 40.
818 3265 944 3315 Jacentes.
964 3258 1003 3313 Cl.
1018 3259 1104 3312 fland.
1119 3262 1222 3331 recepit

176 3339 222 3410 qui
233 3337 317 3391 edidit
328 3339 438 3391 Bruttio.
458 3342 540 3393 Hino.
722 3343 842 3406 tacentis,
872 3352 902 3392 ut
925 3338 1007 3392 habet
1028 3338 1093 3390 cod.
1120 3353 1219 3392 noster.

211 3415 253 3470 35.
273 3417 425 3470 Auratam.
433 3418 498 3471 cod.
508 3421 580 3472 Urat.
591 3416 677 3468 Aura·
719 3417 780 3474 vid.
788 3431 845 3470 not.
854 3419 912 3471 crit.
920 3417 968 3468 Ed.
977 3437 1017 3490 pr.
1027 3419 1139 3472 tacentis.
1149 3421 1179 3471 A.

176 3497 293 3549 move-H.
305 3524 342 3535 —
352 3493 400 3546 Ed.
411 3495 675 3567 prinoduratasque.
756 3497 800 3565 42.
819 3497 888 3550 Nox.
908 3494 993 3550 codd.
1007 3499 1081 3549 Uret.
1097 3511 1124 3550 et
1139 3498 1220 3551 vind.

177 3574 242 3627 ibid.
255 3573 303 3627 Ed.
316 3594 357 3646 pr.
373 3575 484 3629 Mavors.
503 3576 535 3627 A.
721 3595 790 3630 mox.
811 3577 892 3628 fimo.

213 3654 256 3707 36.
278 3653 437 3708 Vena.·Ven.
448 3653 526 3721 iuna,
538 3651 609 3726 qood
619 3672 678 3725 pro·
757 3655 801 3721 4²·
822 3653 931 3706 renem
943 3653 1055 3706 invitant
1065 3673 1100 3704 m.
1110 3673 1220 3708 somnos.

178 3734 250 3787 bavit
269 3734 428 3787 Gronovius.
444 3763 481 3774 -
495 3734 567 3787 Libri
587 3735 678 3806 scripti
722 3733 806 3786 codd.
817 3735 890 3786 Uret.
903 3744 929 3784 et
938 3730 1015 3785 vind.
1027 3734 1223 3806 niqrosmutan·

178 3828 272 3886 preter
290 3813 451 3880 Medicam,
474 3813 539 3868 nihil
559 3825 679 3878 mutant;
724 3813 1220 3876 tiam.somnos;Codd.Leid.Par.edd.

180 3892 229 3946 sed
241 3892 301 3948 edit.
314 3912 354 3968 pr.
368 3907 394 3947 et
405 3895 490 3950 Porto.
504 3895 576 3950 luna.
594 3897 677 3948 Hm.
723 3917 765 3971 pr.
783 3899 858 3949 Rom.
871 3899 964 3950 venet.
978 3895 1123 3968 etreliqua
1138 3897 1222 3969 niqros

216 3973 259 4043 37.
278 3973 368 4028 Emito.
382 3995 410 4050 p.
423 3996 445 4029 e.
458 3995 481 4032 c.
492 3974 621 4051 lymphas.
635 3975 681 4029 Le·
726 3977 858 4032 imitantia
867 3997 902 4030 m.
912 3999 931 4032 s,
944 3977 1025 4030 Hm.
1036 4007 1071 4022 »-
1083 3973 1222 4048 Peyraredi
