2782 4486
380 347 512 413 LlBBl
536 348 712 430 QUINTI
738 347 991 413 SlLVARUM.
1140 353 1206 436 643

197 491 239 543 9²·
254 470 314 544 Quis
326 469 400 524 babor
410 471 509 524 Aonios
519 489 579 526 seno
589 471 656 543 pede
666 471 756 524 discere
767 489 879 543 campas.
892 471 944 523 Pro
957 471 1037 542 labor,
1051 474 1170 532 Romana
1182 495 1209 533 et

161 556 262 606 Veneta
277 552 407 605 editiones
419 550 521 604 babent
533 549 632 605 bonor.-
645 565 733 606 recte:
748 553 784 604 ita
795 549 909 604 Geneth.
921 552 1039 619 Luceni,
1056 558 1130 628 alpsi
1143 577 1210 632 quas

162 654 244 707 penes
256 646 297 686 est
311 633 400 686 honor
413 630 563 694 canendi;»
578 633 664 686 Purm.
677 631 761 685 dolor.
777 632 861 702 Magis
876 630 984 684 difficile
998 633 1071 705 qnod
1082 641 1212 709 sequitur,

162 717 253 769 ducere
269 734 381 786 campos.
394 715 543 767 Gronovius
557 712 686 785 explicat:
707 735 719 759 ι
729 714 805 766 duces
820 731 869 766 esse
885 713 913 764 itt
929 715 1027 784 campis
1038 715 1143 786 Aoniis,
1157 723 1211 791 pri·

163 799 260 849 marios
273 797 407 867 principes
417 795 444 846 in
456 796 557 866 campis
572 796 680 856 Aoniis;
696 811 743 848 seu
754 795 930 867 metonymice
943 811 1048 867 campos
1059 815 1107 868 pro
1121 798 1154 852 iis
1167 804 1212 872 qui

163 889 224 929 sunt
238 877 266 928 in
281 875 394 947 campis,·
410 887 440 925 ut
454 871 527 946 apud
540 870 646 940 Silium,
662 870 742 926 ualles
757 873 880 945 proferis
895 885 941 924 aut
951 875 1093 945 pecudibus
1105 879 1151 952 qui
1163 899 1213 952 pa-

164 968 276 1009 scuntur
288 956 317 1007 iet
325 954 451 1008 uallibuse
461 953 580 1006 Turbata·
589 952 709 1026 exemplo
719 949 806 1005 valles.
821 951 863 1006 Sic
874 972 952 1006 naves
961 973 1011 1026 pro
1020 958 1157 1011 vectoribus
1166 978 1214 1012 seu

163 1039 195 1090 iis
208 1038 254 1110 qui
270 1049 333 1089 suut
347 1037 374 1087 in
388 1035 509 1095 nauibus‚·
523 1053 614 1087 nemus
624 1052 674 1105 pro
686 1033 785 1086 Faunis
796 1046 823 1085 et
833 1033 1076 1106 Hamadryadum,-
1093 1039 1149 1090 nidi
1164 1059 1213 1112 pro

163 1115 260 1190 pullis,
274 1131 301 1168 et
314 1115 439 1169 similia·
454 1117 518 1167 Haec
531 1115 591 1182 ille,
605 1112 716 1167 Diatrib.
733 1132 791 1186 cap.
808 1115 857 1180 50,
875 1128 901 1167 et
917 1113 1026 1168 Elench.
1043 1118 1213 1174 Antidiatrib.

166 1217 226 1270 cap.
240 1215 264 1268 7.
279 1199 311 1249 Et
327 1195 433 1270 quidem
450 1213 530 1248 nemo
545 1206 635 1270 potest
649 1213 746 1266 negare
758 1195 822 1266 quin
835 1212 882 1246 vox
895 1214 1000 1268 campos
1012 1217 1043 1252 eo
1057 1217 1136 1260 sensu
1147 1203 1215 1254 suuii

166 1280 250 1350 possit
263 1296 316 1348 quo
328 1277 385 1329 vult
396 1279 436 1328 vir
446 1276 629 1343 doctissimus,
643 1293 693 1348 pro
708 1276 739 1328 iis
752 1277 797 1346 qui
810 1275 837 1327 itt
851 1277 949 1347 campis
960 1291 1035 1341 sunt;
1050 1298 1100 1332 nec
1114 1279 1215 1351 inficias

167 1375 199 1408 eo
218 1374 312 1408 vocem
328 1357 420 1410 ducere
439 1373 508 1427 saepe
523 1354 669 1426 significare
684 1352 754 1406 idem
773 1350 847 1425 quod
860 1354 951 1406 ducem
969 1375 1033 1424 esse,
1053 1359 1128 1410 utin
1146 1363 1217 1412 notis

167 1437 308 1509 phrasibus
323 1437 415 1489 ducere
430 1437 583 1501 exercitum,
598 1435 704 1490 classem
710 1475 719 1504 ,
730 1433 868 1507 familiam
882 1434 931 1502 (dc
948 1436 1078 1512 lanistis),
1092 1440 1217 1508 ciorum,

168 1529 194 1568 et
209 1516 319 1568 similia:
334 1513 413 1566 valde
426 1527 513 1566 tamen
525 1512 618 1566 dubito
630 1527 719 1565 utrum
733 1511 774 1564 lte
785 1531 862 1566 voces
875 1517 1023 1586 conjunctae
1035 1519 1103 1570 sumi
1115 1522 1217 1590 possint

169 1613 248 1648 sensu
257 1596 443 1650 Gronoviattn:
454 1593 547 1646 saltem
558 1596 617 1647 sine
626 1593 748 1665 exemplo
758 1593 888 1666 pltraseos
897 1613 952 1647 non
963 1593 1155 1649 admittendum
1165 1597 1218 1650 hoc

168 1688 245 1746 puto.
259 1673 391 1744 Analogia
410 1677 479 1726 cuim
494 1691 536 1726 res
555 1687 595 1726 cst
613 1675 804 1741 incertissima,
818 1691 868 1726 nec
886 1672 921 1726 ab
935 1673 1058 1728 bassula
1074 1677 1218 1749 quidquam

169 1770 228 1809 tuto
241 1754 465 1807 concludendum.
479 1753 531 1808 sed
542 1767 568 1806 et
580 1755 602 1808 si
613 1752 665 1808 hcc
678 1753 870 1820 concedamus,
884 1755 1034 1825 quomodo,
1047 1774 1148 1828 queso,
1158 1758 1220 1811 duci

170 1848 282 1906 possunt
296 1836 385 1908 campi
395 1853 455 1887 seno
464 1833 549 1906 pede?
560 1833 642 1885 Caute
657 1846 746 1886 tamen
759 1833 816 1886 haec
830 1832 902 1886 dicta
914 1834 1003 1900 velim,
1018 1847 1111 1908 utpote
1125 1851 1219 1890 contra

171 1917 329 1968 sententiam
345 1917 393 1967 viri
408 1914 501 1986 linguae
518 1913 606 1966 latine
623 1915 805 1966 scientissimi:
826 1927 852 1966 et
868 1927 958 1966 tamen
974 1928 1014 1966 est
1031 1914 1104 1987 quod
1117 1916 1155 1968 illi
1171 1934 1221 1988 op-

171 2015 268 2068 ponam
282 2015 296 2048 a
308 1997 365 2048 viro
379 2015 478 2068 magno
492 1993 650 2048 adnotatum
664 1993 698 2046 ad
715 1997 806 2048 Horat.
822 1996 908 2048 Carm.
923 1996 975 2062 111,
989 1993 1022 2062 3,
1033 2013 1071 2048 vs.
1085 1996 1136 2062 66,
1150 1999 1177 2050 in
1192 2017 1220 2049 re

171 2079 227 2130 fere
240 2077 333 2130 simili:
349 2099 360 2122 ι
370 2096 461 2149 neque
473 2078 542 2129 enim
553 2077 672 2149 sequitur
684 2077 746 2150 quia
757 2077 847 2130 ducere
858 2095 945 2130 murus
954 2091 1026 2129 recte
1037 2076 1147 2150 dixeris,
1159 2077 1221 2132 ideo

172 2169 199 2209 te
213 2169 238 2209 et
251 2155 344 2209 dacor
353 2173 489 2208 murorum
504 2170 574 2208 recte
588 2155 734 2222 dicturum,
751 2175 805 2208 non
820 2157 903 2228 magis
915 2175 996 2228 quam
1007 2158 1060 2209 dux
1076 2177 1221 2212 murorum.

171 2241 242 2291 Usus
257 2251 282 2291 et
297 2235 480 2305 consuetudo,
498 2256 555 2290 non
573 2237 713 2308 analogia,
730 2235 860 2308 loquendi
875 2256 996 2290 normam
1010 2239 1142 2292 faciunt·
1161 2243 1222 2294 tusc

171 2319 215 2370 ille
229 2317 377 2384 verissima,
388 2331 414 2370 et
423 2318 450 2369 in
463 2335 491 2368 rc
502 2317 609 2389 poetica
620 2319 730 2369 maxime
744 2314 929 2368 observanda:
944 2315 985 2369 his
997 2319 1066 2370 euim
1080 2319 1223 2390 neglectis,

171 2401 270 2471 passim
290 2399 382 2472 lapsus
398 2411 437 2450 est
450 2397 609 2451 Gronovius.
629 2399 738 2468 Egregia
757 2395 789 2450 de
807 2396 858 2448 hac
876 2415 905 2448 re
922 2395 1120 2466 Quintilianus,
1137 2400 1222 2452 lustit.

172 2479 246 2532 Orat.
260 2479 287 2544 l,
302 2477 335 2530 6:
351 2477 436 2528 «Non
454 2475 525 2527 enim
544 2493 626 2547 quum
645 2476 759 2545 primum
777 2475 939 2546 fingerentur
957 2474 1079 2528 homines
1097 2475 1222 2552 analogia

172 2558 285 2610 demissa
299 2557 363 2610 culo
378 2557 492 2608 formam
506 2553 636 2627 loquendi
646 2553 732 2617 dedit,
748 2554 795 2607 sed
809 2556 916 2606 iuventa
928 2569 967 2607 est
977 2571 1122 2629 postquam
1133 2557 1224 2631 loque·

172 2639 279 2701 bantur,
294 2650 320 2687 et
332 2649 453 2688 notatum
466 2637 493 2685 in
509 2653 631 2687 sermone
646 2633 709 2706 quid
723 2653 776 2705 quc
790 2635 871 2688 modo
884 2633 999 2688 caderet.
1011 2640 1102 2710 ltaque
1114 2658 1169 2692 uon
1182 2659 1225 2692 ra·

174 2719 246 2768 tione
259 2715 361 2780 nititur,
373 2713 421 2767 sed
434 2711 569 2784 exemp103
584 2731 634 2765 nec
646 2712 687 2764 lex
701 2726 739 2766 est
751 2713 891 2784 loquendi,
906 2714 952 2768 sed
964 2715 1129 2770 observatio:
1141 2733 1173 2771 ut
1184 2721 1224 2791 ip·

174 2815 231 2850 sum
248 2794 401 2868 analogiam
416 2792 489 2845 nulla
508 2791 559 2844 alia
574 2811 616 2844 res
634 2794 743 2860 fecerit,
763 2811 842 2865 quam
856 2795 1041 2848 consuetude·
1059 2799 1100 2850 Nc
1119 2796 1224 2852 dubites

175 2877 238 2946 quin
251 2875 349 2928 Statius
360 2873 510 2944 scripserit,
524 2893 535 2917 ι
545 2870 613 2940 Quis
624 2869 711 2922 honor
719 2873 819 2923 Aonios
832 2889 896 2923 seno
905 2871 973 2944 pede
983 2872 1081 2928 ducere
1092 2890 1220 2949 cantus3r

174 2970 204 3008 ut
217 2957 302 3007 visum
316 2955 368 3006 tuit
382 2951 510 3005 Gronovii
523 2953 616 3004 amico.
630 2951 730 3004 Ducere
743 2964 835 3004 cantus
850 2964 890 3004 est
903 2971 1006 3021 castere,
1023 2969 1052 3007 ut
1068 2956 1159 3008 ducere
1171 2957 1224 3010 bei·

175 3036 230 3088 lum
246 3033 318 3107 apud
332 3032 482 3108 Virgilium,
497 3029 600 3084 AEneid.
612 3033 687 3098 Vlll,
702 3029 753 3098 55,
768 3030 879 3093 bellam
893 3032 985 3084 ducem
996 3033 1125 3104 dolorem,
1137 3037 1225 3092 dolere

176 3117 246 3191 apud
258 3117 302 3171 Sil.
317 3116 401 3169 ltalio.
414 3117 486 3181 Vlll,
500 3132 567 3176 ²¹²3
584 3114 675 3166 ducere
686 3113 786 3166 uolatus
801 3111 872 3184 apud
885 3114 1021 3182 eumdem,
1035 3118 1096 3183 Xll,
1111 3135 1170 3186 rot,
1183 3137 1226 3172 vo·

176 3197 244 3260 lore,·
259 3199 350 3250 ducere
363 3196 473 3269 suspirio
489 3193 561 3267 apud
575 3197 716 3261 Nostrum,
732 3193 819 3246 Theb.
833 3196 885 3262 IX,
901 3211 961 3264 711,
975 3197 1117 3268 suspirate,-
1132 3200 1225 3253 ducem
1315 3201 1319 3210 ’

176 3277 270 3330 virides
281 3294 364 3329 annos
377 3269 427 3348 pr'o
443 3276 590 3348 injuventc
603 3293 653 3328 esse
667 3272 740 3345 apud
751 3274 889 3340 Ovidium,
904 3275 960 3326 Art.
976 3277 1096 3330 Amator.
1112 3280 1160 3348 m,
1174 3281 1223 3334 6¹:

180 3360 268 3410 «Dum
279 3357 354 3422 licet,
365 3369 391 3408 et
400 3355 496 3408 virides
506 3357 659 3409 etiamnunc
669 3355 764 3408 ducitis
775 3373 872 3422 anuos,
882 3355 990 3408 Ludite:
999 3380 1010 3402 ι
1023 3359 1059 3410 ita
1068 3358 1225 3430 legendum

176 3437 270 3507 vulgo,
282 3455 352 3490 veros
364 3435 438 3486 editis
449 3453 546 3496 curtos,·
560 3454 610 3508 pro
623 3453 676 3507 quo
688 3434 743 3486 MS.
756 3435 854 3506 Regius
865 3432 947 3488 habet
959 3435 1082 3504 viceditis,
1095 3439 1160 3494 alter
1171 3441 1226 3496 edi-

178 3517 252 3571 ditis:
265 3515 359 3568 ducere
362 3518 502 3587 juventam
517 3527 593 3566 vocat
605 3513 744 3580 Manilius,
756 3518 788 3581 V,
803 3530 862 3577 1113
878 3527 906 3566 ut
918 3514 1010 3567 ducere
1020 3530 1147 3571 senectam
1161 3523 1227 3593 Pau·
1300 3573 1303 3578 ,

178 3595 225 3649 lin.
240 3608 267 3647 et
279 3597 378 3648 Lucan.
392 3599 425 3662 V,
439 3593 504 3656 5353
519 3595 611 3646 ducere
622 3612 700 3666 gyros
712 3612 762 3669 pro
774 3613 869 3668 pyrus-a
882 3593 958 3648 Ouid.
970 3596 1060 3651 Amor.
1075 3599 1114 3662 ll,
1128 3598 1161 3663 6,
1175 3599 1225 3654 332

181 3674 357 3746 «ducensque
368 3693 417 3746 per
428 3692 487 3726 aera
496 3694 575 3748 gyros
586 3674 699 3737 Miluus,
710 3697 722 3722 ι
736 3686 763 3726 et
774 3677 811 3727 ita
821 3672 964 3745 legendum
974 3689 1042 3746 puto
1052 3676 1123 3748 apud
1134 3679 1226 3732 Manil.

178 3759 211 3821 V,
223 3755 290 3822 ⁴18=
306 3755 358 3806 rEt
367 3753 478 3806 sinubus
488 3774 566 3828 gyros
576 3754 664 3820 ducit,
676 3753 839 3826 ductumque
849 3755 977 3824 figuram
990 3755 1069 3826 vulgo
1079 3758 1136 3810 sine
1147 3775 1227 3814 sensu

180 3833 245 3885 uires
257 3834 352 3885 sumit:
368 3846 438 3885 certe
450 3851 499 3885 vox
510 3852 590 3911 pyros
603 3832 666 3886 latet
679 3832 728 3886 sub
742 3835 794 3886 ista
806 3835 885 3886 uires:
897 3835 1002 3886 educere
1014 3855 1097 3895 cuttos
1108 3837 1227 3908 Propon.

180 3913 221 3979 ll,
236 3929 263 3982 7,
278 3911 310 3962 ad
325 3913 401 3984 cujus
416 3911 531 3984 elegus.
547 3913 591 3983 57,
604 3911 784 3966 Brouthustus
797 3911 916 3964 defendit
930 3914 1087 3984 scripturam
1102 3915 1155 3968 loci
1166 3917 1228 3972 Ovi·

181 3994 269 4061 diani,
285 4012 355 4047 vetus
373 3992 448 4045 editis
464 4012 554 4052 cunas.
572 3993 677 4046 Nollem
694 3997 730 4046 ita
743 3995 858 4046 fecisset.
876 3995 1065 4060 Nemesianus,
1079 3995 1168 4066 liclog.
1184 3999 1228 4064 tv,

1033 4089 1086 4166 n.
